2093 3444
238 209 321 249 610
434 205 592 238 Monum.
622 203 855 248 (augustana)
886 203 964 237 244.
996 202 1137 246 (Mense
1163 204 1328 247 Augusto
1355 202 1450 248 [post
1474 202 1644 247 medium]
1675 201 1792 247 1562.)

237 323 364 378 ejecti
405 324 506 364 sunt
540 356 548 364 .
582 321 618 362 E
662 334 842 374 quorum
885 320 982 362 albo
1023 320 1199 362 Hansus
1240 320 1455 362 Jacobus1
1501 323 1666 371 sartor,
1711 319 2000 362 fanaticorum

236 390 418 431 istorum
459 385 677 428 hominum
725 385 930 438 antiquus
974 387 1224 439 receptator
1268 387 1312 427 et
1356 385 1479 438 quasi
1523 385 1730 436 antistes,
1775 398 1861 426 una
1905 397 2001 425 cum

235 467 371 496 uxore
403 452 561 495 iterum
595 465 763 504 quoque
797 450 1078 504 concaptivus
1102 450 1173 492 diu
1206 449 1390 500 exstitit,
1425 464 1476 492 ac
1510 451 1623 492 domi
1654 464 1811 492 novem
1842 449 2001 491 liberos

235 519 446 568 habebat,
491 531 671 570 quorum
713 515 856 557 nullus
890 515 990 556 duni
1031 529 1154 557 sacro
1186 515 1462 569 baptismatis
1497 513 1594 570 [sic]
1630 515 1828 557 admotus
1862 515 1956 556 erat
1990 547 1998 555 .

236 583 315 633 Qui
360 597 455 624 cum
501 581 754 636 resipiscere
797 580 1020 622 videretur
1063 580 1277 633 (adhibuit
1322 580 1434 621 enim
1476 580 1663 622 Senatus
1707 594 1855 621 eorum
1900 592 2000 620 con-

236 648 434 691 vertendi
477 660 608 689 causa
649 660 734 687 non
777 646 915 687 solum
953 645 1244 698 Evangelicos
1286 647 1458 687 nostros
1496 645 1807 695 Ecclesiastes,
1850 657 2001 685 verum

235 714 366 757 etiam
388 713 695 766 Lojolanorum
729 710 1096 765 captiosissimosa
1129 710 1440 764 disputatores)
1473 713 1572 764 post
1596 710 1702 752 duas
1733 709 2001 764 septimanas

236 794 331 821 cum
364 791 522 828 uxore,
567 776 726 818 erroris
760 776 1031 830 abjuratione
1073 790 1123 817 ac
1155 789 1315 828 inagna
1356 775 1556 818 cautione
1594 775 1649 817 ad
1680 774 1855 829 propria
1886 773 2000 815 redi-

235 846 362 886 erunt
396 840 495 897 [sic]
531 858 539 884 :
573 841 717 883 Liberi
759 843 905 883 autem
945 841 1158 895 ipsorum,
1201 840 1373 882 interim
1406 855 1483 895 per
1524 840 1788 882 catechistas
1827 841 2001 881 nostros

234 909 277 951 in
310 909 392 951 fide
417 907 663 950 Christiana
695 907 855 949 rectius
886 906 1089 956 instituti,
1124 905 1196 959 qui
1231 905 1393 947 minimi
1426 908 1531 948 natu
1567 909 1704 956 erant,
1737 904 2000 958 variolisque

234 974 509 1023 laborabant,
543 971 752 1014 Kalendis
783 970 973 1025 Augusti
1006 970 1119 1012 domi
1152 984 1275 1021 suae,
1309 985 1487 1012 numero
1520 974 1719 1024 quatuor,
1749 971 1878 1024 juxta
1909 983 2001 1011 mo-

236 1041 336 1081 dum
357 1037 727 1088 Ecclesiasticum,
752 1051 829 1091 per
850 1037 907 1079 M.
931 1037 958 1079 J
962 1051 1056 1079 oan.
1081 1036 1426 1090 Metspergerum
1450 1036 1689 1078 Diaconum
1710 1035 1956 1077 Annianum
1969 1034 1999 1082 2,

234 1105 277 1146 in
320 1104 490 1146 nomine
532 1103 719 1145 Sanctae
761 1101 989 1144 Trinitatis
1030 1101 1240 1155 baptizati
1282 1104 1383 1144 sunt
1417 1117 1426 1142 ε
1459 1101 1613 1154 reliqui
1654 1103 1760 1143 natu
1800 1100 1999 1153 majores,

235 1173 367 1223 atque
390 1169 484 1211 sani
507 1182 685 1210 numero
705 1167 892 1221 quinque
916 1166 1113 1220 proxima
1138 1169 1347 1219 sequente
1365 1166 1590 1208 Dominica
1613 1166 1727 1220 apud
1744 1166 1795 1209 D.
1814 1164 1999 1215 Annam,

234 1235 358 1278 finita
405 1233 748 1276 antemeridiana
793 1231 1021 1282 concione,
1071 1246 1148 1285 per
1193 1232 1248 1274 M.
1292 1232 1525 1285 Georgium
1569 1231 2001 1285 Dinckelspiilensem

234 1300 492 1356 parochum,
527 1298 773 1341 astantibus
806 1311 828 1339 e
861 1297 975 1339 tribu
1008 1296 1199 1351 ipsorum
1232 1297 1430 1351 patrimis
1465 1295 1588 1351 [sie],
1622 1297 1738 1339 unda
1769 1309 2000 1350 regenera-

234 1365 365 1409 tionis
398 1363 562 1419 perfusi
594 1363 763 1418 publice
797 1376 965 1415 quoque
998 1363 1133 1405 fuere.

354 1459 408 1492 Ita
435 1458 578 1502 quidem
607 1456 840 1499 „Annalium-'
873 1456 993 1489 Codex
1020 1455 1220 1498 gothanus,
1256 1466 1325 1499 quo
1351 1455 1529 1489 Mencken
1555 1467 1641 1489 usus
1673 1456 1729 1488 est
1760 1453 1857 1498 (vide
1892 1464 2001 1498 supra

235 1525 267 1558 p.
296 1512 394 1556 609).
439 1511 612 1545 Similiter
639 1510 830 1543 eorundem
859 1508 979 1543 Codex
1006 1509 1196 1542 vaticanus
1227 1508 1287 1551 (cf.
1315 1508 1419 1549 infra,
1446 1520 1601 1542 monum.
1629 1507 1713 1551 245)
1742 1519 1774 1552 p.
1803 1507 2000 1548 651—652‚

235 1577 452 1610 quamquam
478 1564 573 1598 haud
599 1574 740 1608 semper
767 1562 891 1596 eadem
918 1561 1027 1596 habet
1053 1562 1182 1601 verba;
1210 1566 1251 1595 ut.
1276 1573 1354 1596 cuni
1388 1562 1553 1603 „Hansus
1580 1561 1755 1596 Jacobus“
1787 1561 1823 1594 in
1849 1572 1889 1594 eo
1909 1560 2000 1594 Ana-

234 1619 473 1664 baptistarmn
507 1617 696 1660 ‚antiquus
722 1616 854 1660 hospes
880 1618 915 1649 et
942 1615 1055 1649 ueluti
1082 1615 1253 1649 antistcs“
1286 1615 1498 1660 appellatur.
1544 1616 1664 1659 Atque
1691 1615 1814 1648 eadem
1841 1624 1887 1648 ex
1914 1613 2000 1649 Gas-

234 1673 307 1707 sari
333 1671 536 1706 Annalibus
563 1670 767 1713 germanice
794 1669 943 1714 protulit
968 1670 1199 1712 U'olfycmyus
1225 1670 1498 1713 Hartmannus,
1525 1668 1801 1714 protestantium
1827 1667 2001 1709 minister,

234 1726 269 1760 in
290 1724 454 1760 Chronici
481 1723 674 1767 augustani
693 1723 736 1757 ab
756 1722 973 1765 Engelberto
992 1721 1189 1756 Werliehio
1216 1722 1371 1756 incohati
1394 1722 1451 1765 (de
1470 1734 1538 1767 quo
1557 1722 1660 1767 plura
1688 1720 1797 1765 infra)
1825 1723 1920 1755 tomo
1938 1720 2000 1755 III.

236 1779 359 1823 (Basel
389 1778 505 1821 1596),
533 1789 565 1821 p.
596 1776 673 1811 106.

355 1831 449 1866 Satis
475 1830 663 1875 perspicue
693 1828 872 1864 Gassarus
898 1828 955 1863 his
981 1828 1101 1862 verbis
1128 1828 1328 1872 significat,
1366 1829 1540 1863 Jacobum
1575 1840 1644 1862 non
1671 1839 1691 1862 a
1725 1827 1999 1873 protestantium

234 1885 409 1920 ministris
441 1884 691 1926 „conversum“
723 1894 821 1922 esse,
858 1882 921 1916 sed
947 1893 967 1916 a
995 1881 1186 1916 societatis
1213 1882 1433 1924 hominibus,
1470 1893 1558 1926 quos
1584 1881 1833 1926 Lojolanorum
1869 1880 2000 1926 captio-

235 1939 398 1974 sissimos
425 1938 669 1982 disputatores
697 1937 773 1981 ipse
800 1937 918 1970 vocat.
962 1935 1081 1979 Atque
1107 1935 1233 1969 horum
1260 1935 1491 1980 praecipuum
1518 1935 1701 1970 Canisium
1727 1935 1849 1976 fuisse,
1877 1936 1913 1968 et
1938 1945 2002 1979 per

234 2004 273 2027 se
300 1992 406 2026 facile
432 1990 655 2034 intellegitur
692 1992 727 2023 et
762 1989 824 2031 iis,
864 2000 955 2033 quae
982 1989 1026 2023 ab
1054 1988 1227 2023 Eldereno
1257 1990 1382 2033 (supra
1408 2001 1440 2034 p.
1469 1989 1552 2032 609)
1582 1991 1618 2022 et
1643 2000 1663 2022 a
1690 1987 1863 2022 Sacchino
1891 1987 2001 2031 (infra

234 2058 267 2091 p.
295 2046 379 2089 611)
408 2046 621 2085 narrantur,
659 2042 900 2077 confirmatur.
953 2043 1004 2076 Ac
1041 2053 1120 2075 cum
1156 2054 1200 2076 ex
1231 2053 1303 2076 una
1329 2045 1431 2087 parte
1459 2042 1638 2077 Gassarus
1664 2041 1831 2076 Iacobum
1858 2052 1904 2074 m.
1930 2040 2000 2075 Au-

234 2101 342 2142 gusto
369 2109 584 2132 conversum
611 2108 691 2131 esse
718 2096 899 2140 significet
926 2096 983 2139 (ut
1009 2095 1151 2139 quidem
1179 2095 1359 2139 videtur),
1387 2108 1432 2129 ex
1458 2095 1573 2130 altera
1599 2098 1720 2129 autem
1748 2093 1929 2129 Canisium
1956 2094 2000 2128 ab

235 2155 389 2187 exeunte
416 2163 462 2185 m.
489 2150 607 2196 Aprili
643 2150 686 2184 ad
712 2150 869 2184 medium
903 2150 978 2183 fere
1013 2160 1059 2183 m.
1096 2150 1302 2193 Augustum
1328 2149 1497 2192 Augusta
1531 2148 1690 2183 abfuisse
1726 2150 1867 2182 constet
1903 2147 2000 2192 (vide

233 2206 327 2240 infra
354 2217 386 2250 p.
416 2205 523 2248 618),
558 2206 640 2249 post
672 2203 828 2237 medium
855 2203 1061 2246 Augustum
1089 2202 1256 2237 Iacobum
1284 2202 1328 2236 ab
1355 2214 1394 2237 eo
1421 2202 1466 2236 ad
1492 2202 1681 2237 ecclesiam
1707 2201 1894 2236 reductum
1922 2212 2000 2236 esse

235 2260 381 2294 dixeris.

1052 2338 1183 2380 244.

742 2427 860 2464 Mense
886 2427 1051 2474 Augusto
1079 2428 1176 2474 (post
1202 2426 1373 2470 medium)
1399 2427 1494 2464 1562.

355 2519 410 2552 Ex
436 2519 620 2562 Sacchino,
648 2516 733 2551 Can.
760 2528 794 2561 p.
824 2516 1021 2551 195-196.

354 2602 506 2635 Ioannes
523 2600 684 2642 Iacobus,
712 2599 1033 2642 Anabaprzstarum
1058 2603 1341 2642 auyustanorum
1367 2602 1484 2642 caput,
1511 2602 1541 2631 et
1563 2609 1585 2632 a
1609 2599 1789 2632 catholicis
1814 2603 1845 2632 et
1869 2610 1891 2632 α
1910 2610 1998 2642 pro-

235 2655 442 2689 testantibus
468 2655 515 2687 (ιᾱ
535 2658 660 2697 partes
685 2663 769 2686 suas
795 2653 984 2691 invitatus,
1015 2652 1200 2685 Cam‘sium
1227 2652 1387 2686 omnibus
1405 2652 1589 2695 praefert,
1616 2652 1756 2695 eiusque
1782 2653 1930 2686 caritate
1955 2653 1998 2686 ab

236 2708 420 2742 erroribus
445 2707 656 2741 retrahitur.

355 2845 370 2860 ³
395 2837 678 2873 cautiosissimos
704 2838 866 2880 Menck.;
900 2842 937 2870 at
961 2836 1167 2869 huiusmodi
1190 2836 1330 2869 verbum
1355 2847 1427 2870 non
1452 2838 1543 2871 novi.
1595 2838 1803 2871 Hartmann
1839 2839 1899 2879 (de
1931 2849 1997 2882 quo

235 2894 366 2937 supra)
379 2905 390 2926 :
416 2893 478 2926 der
503 2891 668 2942 Jesuiten
693 2889 963 2935 spitzfi‘indigen
989 2887 1334 2932 Schrifftgelehrten.

358 3026 370 3046 1
399 3025 570 3068 „Ioannes
596 3023 744 3058 1acob“:
772 3024 909 3066 Stenyel
933 3022 957 3056 1.
985 3034 1013 3057 c.
1040 3034 1074 3067 p.
1101 3022 1181 3057 304.
1235 3022 1377 3065 „Hanss
1402 3023 1513 3057 Jacob
1539 3022 1776 3058 Schneider“:
1809 3024 1900 3058 Paul
1931 3034 1997 3057 von

237 3079 365 3114 Stetten
390 3090 477 3120 sen.,
504 3076 720 3112 Geschichte
747 3076 809 3110 der
835 3074 940 3110 Stadia
963 3075 1160 3120 Augspurg
1189 3075 1231 3119 (F
1233 3075 1422 3110 ranckfurt
1447 3076 1517 3110 und
1543 3075 1690 3121 Leipzig
1719 3075 1825 3121 1743)
1854 3088 1886 3122 p.
1915 3076 1996 3111 549.

356 3132 369 3152 ²
395 3131 653 3166 Monasterium
679 3129 713 3164 S.
740 3130 885 3171 Annae,
920 3128 1055 3163 ordinis
1089 3128 1333 3174 carmelitani,
1368 3141 1389 3164 a
1422 3128 1638 3164 Lutheranis
1672 3131 1885 3174 occupatum
1918 3131 1997 3164 erat

240 3184 392 3229 (Stenyel
416 3184 439 3219 l.
467 3196 496 3218 c.
523 3195 556 3229 p.
584 3183 664 3218 209.
691 3182 789 3227 281).
