2093 3444
495 184 662 227 Augusta
688 182 958 217 Vindelicorum
984 182 1017 216 4.
1044 181 1253 216 Decembris
1282 181 1384 216 1561.
1741 183 1824 224 321

53 302 220 345 audiuit
253 301 626 345 concionanteml.
670 302 838 344 Aderat
870 316 980 343 uxor
1003 301 1317 343 Archiduxissa
1333 302 1361 351 2,
1396 299 1831 353 Wirtenbergensis3

54 367 186 410 etiam
220 367 379 422 alijque
404 367 634 424 ‘Principes
666 367 883 417 nonnulli,
922 367 1027 408 nihil
1059 366 1200 408 minus
1233 380 1362 419 quam
1396 365 1620 408 Catholici.
1684 365 1830 419 RediJ‘t

52 433 152 475 inde
185 447 278 474 cum
314 447 450 474 uxore
483 447 569 474 non
600 433 729 487 paulo
762 432 835 474 ille
868 432 1164 474 confirmatior
1200 431 1243 472 in
1277 431 1414 485 ueterj
1448 430 1679 484 religione:
1722 431 1830 473 adeo

54 498 367 552 displicuerunt
398 498 510 540 ritus
532 498 771 548 Ecclesiae,
805 498 874 539 uel
897 497 1042 551 potius
1066 511 1320 551 synagogae
1342 496 1549 550 impijque
1577 498 1829 539 conuentus.

54 563 290 615 Ablegauit
323 562 477 604 deinde
506 562 825 604 Marschalcum
858 576 995 612 suum,
1031 562 1103 615 qui
1135 576 1161 603 a
1184 560 1482 603 communione
1516 560 1730 603 catholica
1763 574 1831 602 se-

52 627 194 683 ipsum
227 627 480 682 segregauit
495 628 524 678 4,
558 628 611 670 D.
636 627 894 681 Staphylum
912 628 928 652 ⁵
958 626 1190 680 magnifico
1222 640 1401 668 munere
1426 628 1718 680 prosequutus
1752 628 1830 676 est,

54 694 106 737 D.
140 693 399 746 Eisengrein
431 692 599 735 liberali
641 706 812 746 quoque
852 706 1030 733 munere
1069 691 1301 743 donauitss,
1345 695 1393 734 ut
1425 691 1566 745 magis
1608 705 1659 733 ac
1691 691 1833 745 magis

54 759 300 802 Catholioos
334 773 490 801 ornare
523 761 568 800 et
601 772 749 800 amare
782 757 995 800 uideatur.

174 824 285 866 Tum
318 825 370 866 de
396 823 702 867 Jllust1²issinio
725 824 846 865 Duce
868 822 1250 865 Braunswicensi7
1283 822 1338 864 ad
1369 836 1437 864 me
1470 821 1686 872 scribitur,
1721 821 1834 874 quod

55 889 100 931 in
148 890 450 944 conquirendis
494 888 726 932 Catholicis
776 888 1161 930 Concionatoribus
1214 887 1407 929 sedulam
1457 901 1632 941 operam
1686 889 1833 935 nauet,

56 968 193 1008 eaque
234 956 287 997 de
329 970 461 998 causa
504 955 726 997 nobiscum
769 954 839 1007 agi
881 953 1021 997 iussit.
1084 953 1178 995 Nec
1223 956 1290 996 est
1331 952 1561 1006 quicquam
1606 952 1754 994 uidere
1791 952 1835 993 in

57 1020 290 1063 Germania
322 1021 491 1064 tristius
525 1023 658 1074 atque
691 1019 1001 1070 calamitosius,
1036 1033 1165 1072 quam
1196 1018 1240 1059 in
1272 1018 1490 1072 plerisque
1517 1017 1727 1072 Ecclesijs
1761 1018 1835 1059 de-

56 1085 238 1140 siderarj
272 1087 500 1137 Pastores,
543 1086 767 1139 multoque
808 1085 948 1138 magis
991 1084 1332 1128 concionatores
1397 1083 1515 1133 Quae
1555 1097 1626 1125 res
1669 1083 1705 1124 si
1747 1083 1836 1125 ulla

58 1151 230 1204 quidem
271 1151 378 1203 alia,
422 1152 576 1194 merito
613 1151 853 1205 Episcopos
895 1149 1018 1203 angit
1060 1152 1191 1202 atque
1233 1149 1462 1191 discrutiat
1502 1149 1546 1190 in
1587 1148 1669 1190 hac
1709 1150 1836 1190 tanta

56 1217 279 1270 religionis
311 1217 654 1272 perturbatione,
690 1219 854 1269 quanta
887 1216 962 1257 uix
994 1215 1132 1257 maior
1165 1229 1260 1257 esse
1291 1229 1419 1269 posse
1452 1214 1665 1257 uideatur.

175 1283 589 1338 Archiepiscopatus
611 1281 845 1335 Pragensis
877 1282 1066 1323 nondum
1095 1281 1234 1323 solida
1265 1279 1368 1323 iecit
1390 1280 1677 1322 fundamenta
1691 1280 1721 1331 8,
1757 1279 1833 1321 sed

56 1349 281 1402 praeclare
313 1349 467 1391 fecerit
499 1347 752 1402 Amplitudo
785 1350 883 1397 tua,
919 1346 955 1388 si
986 1346 1094 1389 haec
1127 1345 1443 1399 qualiacunque
1475 1345 1713 1400 primordia
1745 1344 1834 1386 suis

58 1413 249 1469 consilijs
282 1417 327 1456 et
366 1414 506 1457 literis
538 1427 795 1468 promouere
838 1415 970 1465 atque
1004 1413 1260 1454 confirmare
1303 1411 1518 1465 dignetur.
1582 1411 1702 1453 Nota
1735 1413 1837 1453 sunt

59 1479 347 1521 Bohemorum
369 1479 559 1533 ingenia,
593 1479 694 1532 quia
725 1481 822 1521 arte
855 1478 1040 1532 quadam
1065 1477 1210 1532 potius
1233 1491 1361 1530 quam
1384 1476 1564 1531 imperio
1598 1476 1653 1518 ad
1686 1476 1837 1518 catho-

58 1544 272 1587 licismum
305 1545 587 1587 adducendab
622 1543 682 1599 [P]
718 1544 934 1588 uidentur.

179 1673 193 1688 ὃ
221 1668 282 1702 Sic
307 1668 429 1711 arch.;
454 1670 576 1712 quae?
616 1668 702 1700 Vide
728 1668 847 1701 adnot.
875 1667 905 1700 h.

179 1721 194 1742 b
221 1722 282 1755 Sic
307 1722 462 1764 archet.;
495 1722 555 1755 sed
581 1722 833 1764 corriyendmn
866 1721 1023 1753 videtur:
1060 1717 1284 1760 adducendi;
1318 1718 1390 1750 uisa·
1418 1718 1533 1760 paulo
1568 1728 1681 1760 supra
1709 1728 1751 1750 ew
1777 1715 1837 1760 qui

60 1776 266 1819 corriyatacr
291 1786 394 1819 quae.

181 1892 192 1911 ¹
219 1891 455 1926 Sebastianus
481 1890 665 1932 Phauser,
700 1890 870 1925 sacerdos
896 1889 941 1923 ad
967 1887 1117 1922 Lutheri
1143 1889 1264 1921 castra
1289 1888 1552 1930 transgressus,
1580 1886 1682 1920 cuius
1709 1886 1838 1920 doctri-

60 1956 144 1979 nam
169 1945 203 1979 in
232 1945 314 1980 aula
337 1944 578 1980 Maximiliani
604 1944 702 1988 regis
729 1955 748 1978 e
774 1944 953 1987 suggestu
979 1941 1292 1982 disseminaverat,
1317 1942 1405 1974 tunc
1430 1939 1467 1973 in
1493 1939 1622 1985 oppido
1640 1939 1838 1983 Lauingen,

60 2010 170 2044 prope
196 1998 430 2043 Neoburgum
456 1999 526 2033 sito
553 2000 589 2032 et
615 1998 696 2032 duci
722 1995 963 2039 neoburgensi
990 1994 1163 2036 subiecto,
1189 1993 1476 2028 Lutheranorum
1504 1993 1680 2028 decanum
1707 1993 1839 2037 agebat

63 2051 168 2096 (Gan.
196 2053 284 2097 Epp.
312 2053 356 2094 H,
384 2052 464 2087 567.
492 2051 589 2096 758).

181 2106 194 2126 ²
220 2106 335 2147 Anna,
361 2105 578 2140 Ferdinandi
604 2105 630 2140 Ι.
658 2104 818 2139 caesaris
844 2102 917 2137 filia
944 2104 981 2136 et
1005 2101 1146 2136 Alberti
1172 2102 1216 2136 V.
1244 2101 1346 2135 ducis
1372 2112 1473 2135 uxor.

183 2160 195 2180 ³
222 2158 502 2205 Christophorus
528 2159 612 2193 dux.
663 2158 716 2192 De
742 2157 893 2192 Alberto
921 2156 963 2190 V.
991 2155 1048 2189 vir
1074 2155 1230 2199 quidam,
1257 2154 1318 2199 qui
1342 2166 1419 2188 rem
1444 2154 1522 2199 ipse
1554 2154 1838 2199 „spectave1·at“‚

61 2213 222 2249 notavit:
255 2214 364 2256 „Cum
391 2241 398 2248 .
428 2241 434 2247 .
462 2213 596 2247 caeteri
622 2211 832 2256 Principes,
868 2209 938 2244 uiri
974 2211 1010 2243 et
1035 2209 1191 2243 feminae
1225 2220 1298 2242 una
1324 2219 1405 2242 cum
1431 2207 1570 2241 infante
1598 2206 1836 2251 [Elisabetha]

60 2266 277 2312 baptizando
303 2268 425 2301 essent
449 2266 486 2300 in
511 2266 674 2300 inferiori
700 2267 803 2310 parte
828 2262 972 2308 templi,
1008 2263 1085 2308 ipse
1117 2262 1254 2307 apertis
1279 2262 1417 2296 foribus
1445 2260 1639 2306 gynaecei,
1676 2272 1767 2305 quae
1793 2261 1838 2294 ad

60 2320 237 2365 templum
270 2322 457 2365 spectant,
495 2319 718 2365 superiorem
751 2320 893 2363 partem
928 2315 1139 2361 occupauit“
1172 2316 1234 2360 (G.
1267 2316 1331 2350 Th.
1360 2316 1516 2357 Strobel,
1557 2315 1740 2359 Beytr'age
1775 2326 1839 2348 zur

61 2373 261 2408 Litteratur
285 2373 481 2408 besonders
508 2373 570 2407 des
596 2371 859 2407 sechszehnten
878 2369 1145 2405 Jahrhunderts
1171 2368 1210 2402 1¹⁰
1234 2367 1440 2412 [Niirnberg
1465 2368 1538 2402 und
1556 2367 1705 2401 Altdorf
1722 2366 1838 2411 1785],

182 2482 196 2501 4
220 2480 437 2515 Pancratius
462 2492 483 2515 a
500 2480 697 2525 Freyberg,
725 2491 756 2513 a.
786 2478 887 2519 1558,
915 2477 944 2511 si
971 2488 1042 2511 non
1067 2476 1178 2521 prius,
1206 2475 1310 2510 aulae
1336 2475 1581 2510 marescalcus
1607 2475 1838 2516 constitutus,

62 2544 94 2568 a.
120 2533 208 2569 1561
237 2546 277 2569 eo
303 2546 451 2569 munere
479 2533 531 2578 (et
558 2534 699 2574 ceteris,
726 2544 818 2577 quae
843 2529 1016 2574 tenebat)
1044 2531 1246 2564 summotus
1273 2530 1329 2563 est
1349 2529 1469 2573 (Wilh.
1494 2530 1612 2573 Goetz,
1638 2527 1704 2562 Die
1730 2528 1839 2572 baye-

61 2587 180 2622 rische
207 2587 342 2622 Politik
367 2588 417 2621 im
443 2590 564 2622 ersten
591 2586 792 2621 Jahrzehnt
817 2585 880 2619 der
908 2583 1116 2628 Regierung
1141 2582 1286 2626 Herzog
1310 2582 1507 2617 Albrechts
1532 2582 1577 2616 V.
1610 2593 1681 2616 von
1708 2581 1839 2615 Baiern

63 2640 259 2686 [Mfinchen
287 2640 391 2685 1896]
426 2653 459 2686 p.
488 2640 660 2683 95—96).
716 2639 827 2681 „Was
862 2638 925 2672 der
959 2637 1111 2672 nachste
1139 2636 1270 2671 Anlass
1304 2635 1410 2670 hiezu
1446 2647 1540 2677 war,
1576 2635 1706 2669 erhellt
1740 2634 1840 2668 nicht

62 2705 129 2729 aus
163 2695 232 2729 den
257 2695 420 2729 Akten“:
456 2694 573 2728 Koma
600 2695 751 2737 Pregyer,
786 2690 955 2726 Pankraz
989 2703 1061 2725 von
1095 2690 1283 2735 Freyberg
1317 2689 1383 2724 auf
1414 2688 1682 2741 Hohenaschau
1717 2687 1838 2732 (Halle

183 2803 197 2822 ⁵
221 2802 257 2836 Is
283 2802 326 2836 de
351 2800 505 2847 pecunia
530 2799 718 2834 laborabat
745 2797 916 2843 (Poytant
939 2797 1126 2844 Epistolae
1152 2797 1197 2840 ΙΙ,
1224 2796 1323 2841 241).

183 2856 197 2875 ⁶
222 2855 402 2889 Martinus
415 2853 629 2897 Eisengrein
651 2850 920 2896 (1535—1578)
941 2851 1210 2895 stugartiensis,
1229 2850 1301 2895 qui,
1319 2850 1356 2884 in
1373 2848 1634 2883 lutheranismo
1653 2848 1838 2890 educatus,

64 2907 128 2942 sed
153 2907 385 2943 Vindobonae
412 2908 457 2942 ad
483 2907 673 2942 ecclesiam
699 2905 915 2940 catholicam
940 2905 1130 2947 reductus,
1166 2904 1299 2938 ibidem
1338 2903 1426 2937 artis
1453 2901 1631 2936 oratoriae
1656 2901 1839 2946 professor

0 2987 2 2991 ,
63 2961 101 2995 in
126 2961 365 2996 universitate
392 2963 429 2996 et
455 2960 648 2995 canonicus
674 2959 711 2993 in
738 2958 891 2993 ecclesia
918 2957 1118 2992 cathedrali
1144 2959 1232 3000 erat,
1259 2955 1400 2991 Alberti
1428 2956 1470 2990 V.
1497 2954 1656 2988 invitatu
1693 2954 1839 2988 ineunte

65 3026 96 3049 a.
125 3014 217 3049 1562
242 3015 503 3058 Ingolstadium
530 3013 649 3055 venit,
683 3014 725 3046 ut
749 3011 958 3057 parochiam
983 3011 1018 3047 S.
1044 3010 1207 3046 Mauritii
1232 3011 1376 3054 regeret
1404 3008 1582 3053 (Mederer
1607 3007 1631 3042 l.
1658 3019 1687 3042 c.
1715 3007 1742 3049 I,
1768 3007 1837 3042 267

65 3067 110 3102 ad
136 3067 234 3112 271).
285 3067 338 3102 De
364 3080 434 3112 qno
459 3067 574 3101 multa
598 3067 725 3111 postea
751 3065 925 3100 dicentur.

185 3122 198 3142 ⁷
224 3122 328 3156 Erico
354 3122 399 3156 ΙΙ.
426 3121 516 3156 duce
540 3118 1056 3163 brunsvico-calembergensi3
1082 3117 1165 3152 vide
1192 3128 1302 3162 supra
1328 3128 1361 3161 p.
1388 3114 1587 3151 304—305.

185 3175 200 3196 ⁸
225 3174 280 3209 Cf.
304 3186 414 3220 supra
438 3186 472 3219 p.
499 3173 579 3208 315.

136 3241 159 3265 B
168 3247 183 3265 r
193 3247 235 3265 au
244 3247 264 3264 n
272 3240 312 3264 sb
321 3246 336 3264 e
344 3247 359 3264 r
367 3246 407 3271 ge
415 3246 430 3263 r
440 3258 447 3268 ,
468 3239 580 3264 canisii
595 3237 754 3269 Epistulae
769 3238 799 3262 et
812 3237 897 3262 Acta.
915 3237 971 3262 ΙΙΙ.
1512 3229 1552 3260 21
