2093 3444
231 157 314 197 720
541 152 697 185 Monuni.
729 151 954 196 (pragensia)
985 151 1066 185 343.
1097 151 1210 194 (Inter
1238 152 1291 185 11.
1318 154 1354 185 et
1383 152 1436 186 15.
1463 152 1544 186 Iulii
1573 152 1689 194 1561.)

229 270 272 303 ab
299 269 446 303 Hoffaeo
474 268 616 311 collegii
642 268 830 313 pragensis
856 270 995 301 rectore
1022 267 1225 312 conscripta
1251 269 1365 307 erant,
1392 278 1423 301 a.
1453 267 1540 302 1561
1569 268 1709 312 Pragae
1735 269 1997 313 recognovisse,

228 322 457 362 emendasse,
494 322 743 362 confirmasse,
780 320 965 355 observari
1000 320 1160 354 iussisse.
1212 319 1345 354 Eadem
1372 321 1493 353 tamen
1528 321 1636 355 etiam
1671 322 1707 355 in
1743 322 1894 356 aliorum
1929 323 1998 357 col-

226 376 400 418 legiorum
426 387 530 409 usum
566 386 741 408 conversa
777 386 856 408 esse
893 385 936 407 ex
964 373 1029 407 hoc
1057 373 1134 418 ipso
1165 373 1407 416 intellegitur,
1445 374 1537 417 quod
1572 374 1608 408 in
1645 375 1801 409 codicem
1831 376 1997 420 „Antiqu.

226 429 410 473 Ingolst.“,
438 428 579 471 collegii
606 427 900 471 ingolstadiensis
925 427 1006 461 usui
1034 427 1263 467 destinatum,
1289 426 1508 471 transcripta
1539 430 1631 461 sunt.

1048 551 1180 592 343.

846 639 949 676 inter
974 613 1013 676 n.
1041 642 1078 677 et
1104 641 1151 677 15.
1178 640 1264 677 Iulii
1289 640 1376 677 1561.

347 729 403 763 Ex
429 728 635 774 apographo
662 729 866 763 litterarum
893 729 1093 771 Blissemii,
1126 730 1248 764 eodem
1275 732 1436 775 tempore
1462 729 1602 774 Pragae
1629 730 1763 775 scripto
1790 732 1826 765 et
1849 731 1998 765 Romam

230 783 349 817 misso.
402 783 486 817 Cod.
519 782 581 825 „Gn
608 783 673 827 Ep.
701 783 754 816 II“
785 783 809 817 f.
837 783 938 817 2862.

351 866 517 899 Canisc'zcs
543 866 721 907 collegyi'zmz
752 867 924 908 visitavit,
961 866 1136 898 novicimn
1167 871 1246 899 ante
1280 867 1449 899 vsitatwn
1485 869 1618 908 tempus
1652 866 1699 899 ad
1733 870 1811 899 vota
1845 867 1998 910 admisit,

232 920 306 952 (ιῑία
333 930 468 962 quoqne
495 923 569 951 cota
597 920 740 961 excepit,
768 919 899 961 Socios,
928 923 962 950 nt
986 930 1054 961 pro
1082 920 1223 952 ecclesia
1249 923 1279 952 et
1297 920 1450 952 ›nccm'me
1469 930 1540 962 pro
1563 919 1685 952 Gallia
1709 923 1853 952 orarent
1872 921 1999 962 paeni-

230 973 423 1016 tentias-qne
453 973 679 1015 susciperent,
707 973 877 1004 excitavit.
928 972 1102 1014 Elranya.

348 1061 396 1102 P.
433 1060 648 1102 Hemina&
690 1061 940 1102 Blissemins
979 1062 1021 1104 S.
1056 1060 1098 1103 J.
1145 1062 1186 1102 2772
1227 1062 1378 1103 litteris
1420 1061 1803 1115 qziccdrimestribzcs
1843 1061 1999 1115 colleyii

226 1128 463 1181 pragyensis,
488 1127 633 1180 ngysc
649 1128 720 1167 25.
739 1126 922 1180 Augyusti
940 1128 1053 1167 1561
1079 1126 1204 1179 datis,
1232 1126 1390 1167 Laz‘uz‘o
1412 1126 1581 1167 scribit:
1611 1126 1680 1167 EX
1701 1125 1909 1167 fratribus
1929 1160 1937 1168 .
1958 1160 1967 1168 .
1987 1159 1997 1168 .

231 1195 397 1245 septem
430 1190 673 1244 spiritualia
705 1189 937 1232 Societatis
979 1190 1189 1233 exercitia
1228 1193 1352 1232 tanto
1395 1190 1539 1232 fructu
1579 1193 1742 1243 quanta
1775 1189 1998 1243 diligentia

231 1270 368 1310 nuper
400 1256 693 1305 absoluerunt,
728 1269 908 1308 quorum
940 1270 1050 1297 unus
1083 1255 1185 1297 licet
1216 1269 1320 1297 suae
1343 1256 1611 1309 probationis
1643 1255 1859 1297 biennium
1893 1269 1998 1297 non—

233 1321 333 1363 dum
367 1321 538 1362 omnino
570 1320 879 1373 transegisset,
919 1334 969 1361 eo
1000 1322 1148 1362 tamen
1180 1320 1223 1361 in
1255 1320 1336 1362 hac
1369 1320 1597 1363 uocatione
1628 1334 1884 1374 progressus
1917 1323 1996 1371 est,

233 1389 281 1429 ut
313 1400 442 1428 sensu
475 1400 602 1439 quam
635 1388 782 1428 aetate
815 1385 1026 1427 maturior
1059 1385 1235 1436 existat,
1269 1400 1321 1427 ac
1353 1385 1546 1439 proinde,
1581 1386 1694 1439 quod
1720 1386 1998 1428 uehementer

233 1452 572 1502 desiderauerat,
606 1465 631 1492 a
654 1450 704 1493 R.
729 1451 775 1493 P.
799 1450 1060 1492 Prouinciali
1093 1451 1150 1493 sit
1183 1453 1487 1504 consequutus,
1522 1453 1570 1493 ut
1596 1450 1764 1493 emissis
1796 1450 1998 1493 uidelicet

232 1517 496 1571 simplicibus
528 1515 641 1559 uotis
673 1515 835 1558 arctius
868 1530 964 1557 cum
988 1516 1157 1558 Christo
1190 1515 1233 1557 in
1265 1516 1346 1558 hac
1370 1516 1589 1559 Societate
1622 1515 1995 1568 coniungeretur1.

233 1583 350 1624 Idem
392 1596 561 1635 quoque
602 1581 855 1623 beneficium
898 1580 1043 1623 diuina
1084 1581 1230 1634 gratia
1273 1581 1336 1624 .R.
1370 1581 1417 1624 P.
1451 1581 1629 1624 Rectori
1670 1583 1714 1623 et
1754 1580 1857 1622 mihi
1896 1580 1997 1623 licet

232 1646 418 1689 omnium
451 1646 685 1700 indigniss:
720 1646 914 1699 contigit,
950 1661 1045 1688 cum
1077 1649 1182 1689 uota
1213 1649 1364 1689 nostra
1396 1646 1608 1700 simplicia
1639 1646 1761 1687 nobis
1792 1645 1835 1688 in
1867 1645 1918 1688 R.
1948 1645 1995 1688 P.

231 1711 514 1754 Prouincialis
556 1711 752 1753 manibus
795 1726 889 1753 cum
922 1725 1090 1753 summa
1131 1714 1175 1753 et
1216 1711 1430 1753 communi
1471 1711 1660 1753 omnium
1703 1710 1996 1753 consolatione

232 1778 322 1819 Deo
355 1777 527 1820 licuerit
560 1777 713 1819 offerre
748 1811 755 1819 .
790 1776 961 1818 Caeteri
993 1776 1176 1829 denique
1208 1776 1370 1819 fratres
1403 1791 1498 1818 cum
1521 1776 1754 1819 uirtutibus
1787 1775 1995 1825 omnibus,

231 1846 322 1885 tum
368 1857 419 1884 ea
464 1842 722 1896 praesertim
770 1841 944 1884 uiuendi
991 1842 1182 1892 ratione,
1237 1856 1366 1894 quam
1409 1842 1516 1883 haec
1562 1842 1757 1896 postulat
1804 1840 1997 1883 Societas

229 1907 460 1962 plurimum
493 1911 537 1950 et
569 1907 691 1960 quasi
714 1907 915 1949 certatim
947 1907 1152 1949 adiuante
1175 1906 1358 1948 Domino
1382 1906 1624 1960 proficiunt,
1659 1906 1852 1960 adeoque
1881 1920 1996 1947 com-

229 1987 402 2028 munem
434 1973 659 2015 Ecclesiae
702 1987 877 2014 causam
921 1975 965 2014 et
1006 1974 1192 2022 statum,
1235 1972 1311 2014 sed
1352 1972 1584 2026 praecipue
1625 1971 1884 2025 grauissima
1922 1971 1997 2013 illa

229 2038 476 2081 Catholicae
508 2038 728 2091 religionis
751 2036 940 2091 negotia,
974 2051 1155 2090 quorum
1181 2036 1326 2089 gratia
1349 2038 1549 2079 Summus
1570 2036 1776 2078 Pontifex
1798 2036 1848 2080 R.
1872 2036 1918 2078 P.
1941 2036 1994 2079 V.

227 2103 271 2145 in
305 2103 468 2146 Gallias
500 2103 638 2153 misit,
680 2117 766 2144 non
798 2103 996 2157 precibus
1028 2103 1154 2144 modo
1197 2102 1273 2144 sed
1308 2102 1571 2155 quotidianis
1604 2101 1735 2144 etiam
1769 2115 1995 2155 corporum

228 2168 590 2211 macerationibus
623 2169 713 2210 Deo
747 2168 1065 2217 commendant,
1104 2182 1158 2210 ne
1190 2167 1382 2222 peccatis
1413 2166 1633 2209 hominum
1663 2169 1814 2209 tantus
1844 2169 1995 2209 tantae

227 2233 459 2287 legationis
499 2233 667 2276 fructus
698 2234 961 2288 impediatur
1001 2269 1009 2277 .
1052 2233 1175 2275 Haec
1207 2232 1378 2286 aliaque
1420 2231 1577 2274 similia
1611 2245 1661 2273 eo
1695 2233 1813 2274 certe
1844 2230 1995 2273 maiori

351 2386 360 2405 ¹
387 2384 593 2418 Alexander
619 2384 717 2429 Voyt
746 2384 843 2428 (vide
870 2395 978 2429 supra
1004 2396 1037 2428 p.
1067 2383 1172 2427 718),
1208 2383 1245 2417 in
1272 2382 1488 2417 Societatem
1517 2382 1570 2417 17.
1597 2381 1782 2417 Februarii
1810 2382 1900 2417 1560
1935 2381 1994 2416 ad-

228 2436 371 2479 missus,
397 2449 442 2471 m.
463 2438 552 2472 Iulio
573 2437 645 2481 (die
665 2438 731 2479 13„
757 2439 798 2472 ut
824 2437 987 2477 videtum
1014 2437 1098 2471 vide
1116 2448 1224 2482 supra
1243 2449 1276 2481 p.
1297 2436 1402 2480 718⁶)
1426 2436 1514 2470 1561
1546 2438 1651 2478 „vota
1676 2434 1990 2470 scholasticorum“

231 2489 329 2533 (vide
355 2502 463 2535 supra
490 2503 523 2535 p.
553 2490 634 2534 188)
663 2490 899 2535 nuncupavit.
934 2490 1155 2523 Decreverat
1180 2488 1324 2533 quidem
1351 2490 1386 2523 S.
1414 2490 1592 2532 Ismarius,
1626 2500 1670 2522 ne
1697 2487 1778 2532 quis
1804 2489 1886 2522 ante
1911 2487 1994 2521 tiro-

229 2543 312 2577 cinii
346 2543 527 2578 biennium
563 2543 747 2588 expletum
781 2544 827 2578 ad
852 2545 939 2577 vota
965 2542 1261 2576 scholasticorum
1287 2542 1557 2581 admitteretur;
1593 2543 1753 2576 attamen
1787 2542 1995 2575 notaverat:

235 2596 328 2638 „Con
355 2599 442 2638 esto,
469 2608 569 2631 como
596 2597 627 2630 el
655 2597 809 2640 alargar,
837 2597 890 2630 asi
916 2598 1058 2630 acortar
1084 2597 1160 2629 este
1185 2595 1338 2629 termino
1365 2607 1409 2629 en
1435 2595 1595 2638 algunos.
1614 2606 1716 2629 casos
1739 2606 1764 2639 y
1786 2605 1850 2639 por
1867 2604 1995 2628 causas

229 2650 480 2694 importantes,
508 2652 529 2684 a
551 2650 660 2695 juicio
686 2650 744 2684 del
769 2649 957 2694 Preposito
984 2648 1140 2683 General
1168 2648 1227 2691 (de
1253 2648 1361 2692 quien
1387 2650 1469 2682 sera
1494 2648 1527 2682 el
1553 2648 1662 2693 poder
1688 2646 1888 2692 dispensar)
1913 2647 1995 2681 sera

229 2703 348 2737 licito:
374 2715 459 2748 pero
486 2714 586 2737 raras
613 2715 720 2737 veces
747 2703 856 2737 debra
881 2703 1050 2736 usarse“:
1079 2701 1361 2736 Constitutiones
1388 2701 1422 2736 S.
1449 2701 1502 2743 J.,
1528 2701 1594 2735 Ex.
1622 2712 1651 2735 c.
1681 2701 1716 2742 1,
1744 2712 1777 2734 n.
1807 2700 1870 2741 123
1905 2711 1934 2733 c.
1959 2700 1993 2740 4,

229 2768 263 2790 n.
293 2757 354 2795 16;
382 2757 422 2791 P.
449 2757 480 2797 5,
508 2768 536 2791 0.
566 2757 595 2798 1,
622 2768 655 2790 n.
684 2757 704 2790 3
732 2756 758 2790 C
787 2755 1087 2799 (Constitutiones
1112 2754 1246 2789 latinae
1273 2756 1309 2788 et
1334 2754 1540 2799 hispanicae
1567 2766 1599 2798 p.
1620 2755 1650 2788 7.
1671 2753 1726 2787 23.
1747 2752 1844 2796 171).
1880 2751 1994 2794 Quam

230 2809 439 2844 facultatem
474 2809 621 2844 Lainius
656 2821 736 2843 cum
764 2809 906 2844 Canisio
941 2807 1223 2842 communicasse
1257 2808 1412 2842 videtur.
1463 2807 1669 2841 Alexander
1693 2806 1792 2851 Voyt
1822 2805 1858 2849 (†
1887 2805 1991 2849 1592)

231 2865 355 2907 postea
389 2863 580 2907 collegium
615 2874 791 2907 pragense
826 2862 886 2896 diu
920 2862 1033 2903 rexit,
1069 2861 1200 2895 multos
1236 2860 1484 2895 adulescentes
1518 2860 1721 2894 litterarum
1753 2858 1932 2893 studiosos
1957 2858 1993 2891 in

231 2927 428 2960 pauperum
448 2916 678 2950 contubernio
697 2916 790 2960 stipe
809 2917 997 2959 corrogata
1015 2913 1247 2955 sustentavit,
1265 2914 1481 2959 primoribus
1499 2915 1535 2947 et
1552 2912 1727 2958 imprimis
1745 2911 1931 2956 Rudolpho
1949 2910 1992 2946 II.

232 2969 369 3002 caesari
395 2969 500 3003 valde
526 2971 671 3013 gratus,
706 2969 863 3012 Pragam
889 2968 1031 3012 aliaque
1057 2967 1250 3002 Bohemiae
1275 2967 1355 3001 loca
1389 2966 1631 3008 contionibus,
1668 2965 1778 3000 etiam
1811 2964 1994 2999 bohemiae

232 3021 383 3063 habitis,
423 3022 599 3063 excoluit,
639 3021 773 3056 Canisii
811 3021 1070 3056 catechismum
1104 3021 1265 3065 aliosque
1302 3019 1412 3054 libros
1447 3019 1629 3054 bohemice
1664 3019 1819 3053 edendos
1853 3017 1994 3051 curavit

237 3073 410 3116 (Schmidl
434 3075 457 3108 1.
485 3087 514 3109 c.
541 3075 575 3117 Ι,
603 3075 800 3109 641—643.
844 3076 941 3118 Alfhn
968 3076 1089 3118 Hamy
1115 3073 1148 3108 S.
1177 3074 1230 3116 J.,
1267 3072 1409 3107 Galerie
1438 3072 1601 3107 illustree
1636 3072 1679 3106 de
1712 3071 1748 3106 la
1775 3069 1993 3115 Compagnie

236 3127 278 3160 de
304 3127 411 3161 Jesiis
436 3127 522 3161 VIII
550 3127 667 3171 [Paris
694 3128 811 3172 1893]‚
841 3128 937 3171 124).
