2093 3444
224 179 308 218 212
452 174 532 208 591.
570 172 778 207 Leonardus
803 170 933 205 Kessel
961 169 1112 204 Canisio.
1157 169 1304 204 Colonia
1333 170 1386 203 11.
1415 168 1636 214 Septembris
1664 169 1766 203 1561.

221 307 370 336 omnes
403 306 504 334 suos
537 291 781 333 confratres
813 303 898 331 non
930 303 1083 343 parum
1117 288 1358 339 edificabat,
1398 288 1441 330 in
1474 302 1552 330 sua
1585 287 1813 330 vocatione
1845 289 1995 331 firmus

221 361 300 408 est,
334 360 538 400 naturam
569 356 701 398 habet
732 354 1030 403 tractabilem,
1074 368 1159 396 non
1192 368 1300 408 opus
1333 356 1400 395 est
1434 353 1542 395 dura
1575 352 1880 395 admonitione.
1943 353 1992 396 In

221 423 417 465 omnibus
448 436 543 464 eum
567 423 815 475 promptum
839 434 888 462 ac
913 419 1184 462 obedientem
1207 418 1463 467 inuenimus,
1498 418 1670 460 videtur
1692 418 1993 461 accommodus

220 490 274 531 ad
307 489 499 541 linguam
523 486 830 540 germanicam,
865 484 1161 527 Coloniensem
1184 484 1376 537 linguam
1404 484 1516 525 enim
1538 483 1783 537 intelligere
1806 484 1991 526 videtur.

339 553 466 596 Alter
494 553 536 593 in
560 552 710 593 Culina
743 551 856 605 apud
890 564 968 592 nos
995 564 1090 592 sese
1114 549 1322 599 exercuit,
1356 562 1435 590 nec
1457 548 1574 590 aliud
1597 549 1828 599 desiderat,
1864 563 1991 602 quam

219 619 262 661 in
285 619 505 661 laboribus
528 616 756 670 Culinarijs
779 630 826 657 se
844 615 1015 658 Christo
1033 615 1216 657 Domino
1241 628 1498 656 consecrare
1520 614 1562 655 in
1587 616 1737 656 nostra
1759 614 1990 657 Societate.

221 686 269 727 In
300 683 645 739 praesentiarum
679 696 763 723 non
796 681 1015 735 potuimus
1047 681 1193 734 plures
1226 679 1422 729 mittere,
1458 681 1508 721 vt
1539 682 1667 733 pater
1698 679 1992 721 Theodoricus

220 750 453 792 Peltanusa
477 746 538 802 [P]
571 747 702 789 latius
736 746 879 788 dicere
911 745 1084 800 poterit.
1130 745 1243 787 Nam
1272 744 1608 798 Maguntinense
1630 744 1866 798 Collegium
1900 747 1991 787 tres

220 817 526 869 praeceptores
559 827 614 854 ex
647 811 889 854 Coloniensi
922 810 1112 864 Collegio
1146 810 1327 864 accepit,
1364 809 1703 852 Treuerensibus
1736 810 1867 853 etiam
1901 813 1991 853 tres

220 883 296 922 aut
329 881 354 921 4
387 878 589 932 Magistri
630 877 750 919 missi
792 879 914 927 sunt,
959 875 1288 918 'Fornacensesb
1322 874 1384 930 [P]
1427 875 1557 917 etiam
1602 874 1763 928 aliquid
1806 889 1831 917 a
1868 875 1991 917 nobis

220 948 494 999 acceperunt,
529 944 615 985 iam
638 942 759 984 breui
788 941 845 983 ibi
869 942 1046 984 fauente
1070 941 1253 983 Domino
1277 942 1536 995 expectatur
1558 940 1807 994 Collegium,
1842 940 1991 982 Cardi-

220 1011 330 1053 nalis
363 1008 695 1052 Atrebatensis1
738 1011 782 1050 et
814 1007 1066 1049 Leodiensis
1104 1007 1398 1061 Episcopus2,
1442 1006 1562 1048 breui
1604 1020 1683 1048 sua
1724 1006 1856 1048 etiam
1899 1009 1990 1049 sta-

218 1079 396 1119 tuerunt
429 1075 596 1127 erigere
629 1073 834 1126 Collegia.

338 1142 407 1182 Ex
447 1140 585 1183 literis
618 1138 818 1181 Doctoris
852 1138 1032 1191 Dionisij
1076 1137 1241 1190 reliqua
1276 1137 1324 1179 R.
1360 1137 1411 1179 V.
1446 1137 1713 1190 intelliget3,
1756 1150 1905 1178 omnes
1946 1136 1989 1178 in

218 1207 401 1249 Domino
447 1206 663 1251 valemus,
710 1204 1002 1246 studiosorum
1048 1206 1090 1246 et
1135 1203 1320 1245 fratrum
1362 1216 1566 1244 numerus
1610 1202 1678 1244 hic
1722 1201 1801 1243 Dei
1847 1201 1991 1255 gratia

218 1274 416 1325 augetur.
461 1270 855 1324 Archiepiscopus4
887 1272 1036 1311 noster
1058 1282 1206 1310 eorum
1240 1282 1349 1321 quae
1373 1268 1603 1321 aliquoties
1625 1267 1747 1309 nobis
1778 1267 1987 1321 promisit,

218 1337 322 1379 nihil
355 1337 494 1379 adhuc
523 1336 757 1390 praestitit,
793 1334 971 1377 Senatui
1005 1334 1198 1386 cogimur
1225 1334 1305 1375 hoc
1328 1347 1440 1375 anno
1464 1347 1692 1375 numerare
1720 1335 1800 1375 100
1825 1333 1989 1375 daler.5

338 1402 581 1444 confratres
614 1400 751 1443 nostri
785 1414 809 1442 a
842 1399 1169 1441 Conuictoribus
1203 1398 1374 1441 omnino
1417 1398 1607 1452 separati
1641 1400 1762 1447 sunt,
1804 1398 1889 1439 iam
1923 1397 1989 1439 vi-

218 1471 325 1510 uunt
349 1467 579 1510 Societatis
602 1480 734 1516 more,
769 1480 876 1519 quos
900 1465 1151 1506 commendo
1179 1464 1225 1508 h‘.
1251 1464 1316 1513 V.,
1352 1466 1395 1506 et
1418 1463 1606 1505 omnium
1629 1466 1801 1518 patrum
1826 1463 1990 1505 sanctis

217 1533 440 1587 sacrificijs
474 1547 569 1574 cum
602 1534 696 1574 toto
720 1531 922 1583 Collegio‚
958 1532 1170 1584 quotquot
1196 1529 1263 1571 1110
1297 1532 1397 1571 sunt
1420 1532 1567 1583 patres
1601 1533 1644 1571 et
1676 1528 1837 1571 fratres
1859 1528 1909 1570 R.
1934 1528 1986 1570 V.

216 1599 260 1640 in
282 1599 465 1640 Domino
499 1598 735 1640 salutatam
770 1596 948 1651 cupiunt
981 1599 1024 1638 et
1057 1610 1096 1650 p.
1121 1595 1385 1648 gulhelmum
1403 1595 1419 1621 6
1451 1608 1545 1636 cum
1573 1596 1698 1648 patre
1720 1593 1944 1636 Dominico
1958 1594 1986 1644 7,

218 1678 398 1718 quorum
431 1663 581 1706 literas
616 1661 774 1716 accepi.

336 1746 453 1788 Bene
486 1745 634 1787 valeat
668 1745 716 1786 R.
753 1744 803 1786 V.
838 1743 880 1784 in
914 1742 1110 1784 Domino.

336 1829 510 1883 Raptim
545 1828 718 1870 Colonie
755 1829 802 1869 11
842 1825 1106 1880 Septembris
1140 1850 1196 1854 —
1218 1851 1288 1867 —.

338 1930 539 1975 Epistulam
575 1929 667 1963 hanc
703 1941 733 1962 a.
765 1929 850 1962 1561
881 1928 1001 1962 datam
1037 1938 1136 1967 csse,
1176 1929 1211 1961 et
1246 1938 1290 1960 ex
1325 1926 1450 1967 rebus,
1491 1937 1580 1970 quas
1616 1926 1775 1960 continet
1804 1925 1864 1969 (cf.
1892 1925 1987 1959 infra

216 1996 249 2028 p.
277 1983 376 2027 234),
404 1986 439 2017 et
466 1996 509 2017 ex
537 1995 578 2017 eo
605 1982 846 2025 intellegitur,
884 1981 976 2025 quod
1004 1981 1038 2014 in
1067 1980 1188 2015 codice
1223 1981 1344 2014 nostro
1381 1979 1457 2013 eius
1496 1978 1697 2024 exemplum
1725 1979 1819 2013 inter
1844 1978 1986 2012 litteras

216 2037 322 2071 huius
360 2037 444 2071 anni
483 2038 614 2071 exstat.
666 2035 780 2077 Quam
817 2035 963 2069 Colonia
998 2034 1041 2068 ad
1080 2033 1263 2068 Canisium
1303 2033 1503 2067 attulerunt
1544 2032 1739 2075 „Reinerus
1773 2032 1907 2066 Faber“
1950 2033 1987 2066 et

221 2090 453 2132 ἸΗε3111·10113“.
505 2091 556 2123 Αο
588 2089 783 2132 „Reinerus
810 2088 924 2122 Faber
950 2087 1177 2121 Leodiensis“
1211 2087 1264 2121 17.
1292 2087 1448 2120 Ianuarii
1481 2087 1567 2119 1559
1594 2086 1630 2119 111
1656 2085 1882 2120 matriculam
1910 2085 1985 2119 uui-

217 2143 404 2178 versitatis
430 2143 644 2177 coloniensis
670 2142 807 2176 relatus
834 2143 912 2175 erat
942 2141 1105 2184 (Hansen
1132 2140 1154 2174 l.
1183 2152 1211 2174 c.
1240 2152 1272 2185 p.
1301 2140 1379 2174 361.
1408 2140 1487 2174 715.
1515 2139 1610 2182 777).
1663 2139 1781 2183 Atque
1807 2138 1865 2172 hic
1891 2138 1984 2172 idem

216 2199 272 2231 est
298 2209 340 2231 ac
371 2197 567 2239 „Reinerus
585 2195 769 2230 Fabricius
788 2194 1016 2229 Leodiensis“
1047 2194 1117 2234 ille,
1145 2194 1187 2227 de
1214 2205 1282 2237 quo
1309 2194 1343 2227 in
1370 2194 1387 2213 *
1403 2193 1569 2237 Cataloyo
1595 2192 1734 2236 collegii
1761 2192 1986 2226 monacensis

216 2251 282 2284 sub
312 2252 340 2285 1.
369 2250 525 2284 Ianuarii
555 2250 645 2284 1565
673 2248 874 2293 conscripto
901 2249 1063 2282 notatum
1093 2249 1165 2289 est,
1203 2259 1282 2281 eum
1309 2248 1341 2280 4.
1369 2246 1460 2280 Iunii
1490 2246 1579 2281 1559
1606 2246 1821 2280 Societatem
1848 2245 1984 2288 ingres-

216 2315 314 2344 sum,
355 2304 519 2345 „vonisse
555 2303 678 2337 eodem
713 2304 874 2347 tempore
909 2301 1051 2335 statim“
1096 2312 1137 2335 ac
1173 2300 1242 2334 iam
1270 2299 1450 2334 Monachii
1484 2299 1686 2334 rhetoricen
1711 2299 1854 2333 tradere
1883 2298 1983 2342 (Cod.

221 2357 360 2399 „Germ
389 2357 472 2402 Sup.
502 2357 578 2391 Cat.
609 2357 710 2390 1566.
741 2356 849 2389 1599“
881 2355 905 2389 f.
934 2354 1054 2397 37612).
1106 2354 1141 2388 Is
1167 2365 1197 2388 a.
1227 2353 1316 2388 1567
1344 2365 1364 2387 a
1391 2352 1533 2388 canisio
1559 2364 1638 2387 cum
1657 2352 1788 2387 Sancto
1806 2351 1985 2386 Stanislao

215 2410 357 2445 Kostka
383 2411 532 2444 Romam
559 2409 692 2444 missus
721 2409 818 2452 (Ur-b.
846 2410 1014 2444 L'baldae'm'
1040 2408 1073 2442 S.
1101 2408 1152 2448 J.‚
1180 2406 1265 2441 Vita
1291 2408 1326 2440 et
1353 2406 1526 2440 miracula
1552 2405 1586 2440 S.
1615 2405 1786 2440 Stanislai
1812 2405 1984 2448 Kostkae,

215 2462 252 2499 in
283 2463 487 2507 „Analectis
514 2462 778 2497 Bollandianis'‘
808 2461 858 2495 XI
885 2461 1089 2506 [Bruxelles
1118 2460 1241 2504 1892J,
1268 2460 1375 2503 444),
1410 2461 1535 2505 postea
1561 2459 1596 2494 in
1623 2458 1851 2494 Germaniam
1879 2458 1986 2493 rediit·

215 2519 251 2552 in
286 2529 400 2561 eaque
435 2517 639 2550 litterarum
675 2519 784 2559 atque
819 2514 1056 2549 humanitatis
1091 2513 1243 2549 scientia
1278 2513 1409 2547 claruit
1446 2513 1631 2557 (Agyrio-ola
1666 2513 1690 2547 l.
1722 2524 1751 2546 0.
1777 2512 1803 2546 Ι.
1839 2511 1925 2547 Dec.
1950 2513 1983 2554 5,

215 2584 248 2606 11.
277 2571 356 2606 263.
408 2571 572 2604 Paclatler
596 2569 619 2603 l.
646 2581 675 2604 0.
703 2569 755 2611 ΙΙ,
790 2569 888 2611 482).
940 2568 992 2602 De
1019 2567 1172 2602 Henrico
1208 2569 1329 2601 autem
1364 2566 1452 2600 haec
1478 2566 1619 2600 inveni:
1659 2565 1870 2608 „Adiutores
1895 2564 1982 2600 coci.

335 2707 349 2721 ἢ
376 2702 436 2735 Sic
461 2701 642 2744 leyendum
667 2700 807 2733 videtur
831 2699 1037 2732 vocabulum
1062 2698 1126 2731 hoc
1151 2698 1295 2731 obscure
1318 2698 1514 2740 scriptun&
1539 2697 1614 2730 vide
1638 2707 1751 2740 supra
1771 2707 1809 2739 p.
1837 2698 1917 2729 210.

335 2754 350 2774 ¹³
375 2754 435 2787 Vel
460 2752 727 2795 Louanienses,·
752 2753 896 2786 obscure
919 2752 1102 2794 scriptum.
1154 2751 1197 2784 In
1224 2755 1375 2794 ‘utraque
1401 2751 1536 2783 civitate
1563 2751 1742 2794 collegium
1762 2749 1982 2792 parabatur.

338 2889 348 2908 ¹
375 2888 553 2922 Antonius
580 2888 623 2921 de
650 2885 856 2927 Granvella,
883 2885 1071 2931 episcopus
1097 2884 1338 2919 atrebatensis
1367 2883 1524 2927 (An-as).

337 2941 350 2961 ²
375 2941 553 2975 Robertus
580 2941 623 2975 de
649 2940 788 2983 Bergis.

337 2995 350 3015 ³
375 2995 454 3029 Hae
480 2995 519 3028 P.
547 2993 695 3028 Henrici
720 2992 885 3038 Dionysii
911 2991 945 3026 S.
973 2992 1005 3027 J.
1032 2992 1176 3027 litterae
1202 2991 1273 3025 iam
1298 3003 1368 3025 non
1394 2990 1563 3024 videntur
1588 2991 1742 3024 exstare.

337 3049 350 3068 ⁴
375 3047 527 3081 Ioannes
554 3046 767 3081 Gebhardus
793 3057 814 3080 a
840 3044 1033 3079 Mansfeld.

338 3101 350 3121 ⁵
375 3100 446 3134 Pro
473 3099 622 3134 aedibus
648 3099 828 3144 gymnasii
854 3098 962 3132 trium
991 3109 1201 3133 coronarum
1229 3096 1400 3132 Societati
1425 3095 1572 3137 locatis;
1598 3095 1681 3130 vide
1707 3106 1814 3139 supra
1842 3106 1873 3139 p.
1901 3093 1980 3137 66³.

337 3154 350 3174 ⁶
375 3153 538 3188 Elderen.
640 3154 651 3173 ⁷
676 3153 758 3187 Men
763 3151 857 3196 gino.
