2093 3444
231 178 316 219 210
444 175 524 210 590.
563 173 729 209 Canisius
755 173 881 209 Ioanni
907 173 1047 209 Rethio.
1090 175 1183 219 Aug.
1210 175 1352 210 Vindel.
1381 177 1412 210 9.
1441 175 1662 221 Septembris
1691 177 1792 213 1561.

346 294 400 326 De
427 293 541 326 Sociis
567 293 788 335 Moywztiam
822 292 1021 336 mittendis,
1059 303 1179 326 eorum
1214 294 1360 337 viatico,
1396 298 1529 327 rectore
1555 299 1615 327 etc.
1666 296 1719 328 De
1745 295 1784 329 P.
1810 295 2000 330 Lamberto

229 348 329 380 Auer
364 351 393 379 ct
428 346 469 378 de
502 346 624 378 ine-ene
650 346 800 378 Andrea
827 346 922 378 Sto'r.
974 346 1018 379 Se
1053 357 1074 378 α
1105 346 1371 380 θοῖο)ιὶρη.ςί1)ιιε
1397 347 1518 380 Socios
1553 352 1721 391 expetere.
1772 349 1825 382 De
1860 349 2001 393 colleyio

229 402 476 443 oem'pontano.
531 399 600 441 Qui
625 399 710 432 libre·
734 399 935 431 scholastici
961 399 1209 433 adhibeantur.
1262 400 1315 433 De
1341 401 1488 433 concilio
1515 405 1544 433 et
1570 401 1611 434 de
1636 401 1778 435 Vicelio.

1101 488 1129 540 ,

619 570 711 611 Pax
744 569 896 611 christi
928 570 1149 612 nobiscum
1184 571 1437 612 Reuerende
1469 570 1614 614 Pater.

348 660 564 710 Quantum
598 673 653 700 ex
685 658 893 700 Romanis
925 658 1063 701 literis
1095 658 1400 712 intelligimus,
1443 658 1558 701 mitti
1597 659 1747 702 statim
1778 660 2003 714 postulant

228 726 457 775 uiaticum,
498 739 581 778 quo
615 724 787 766 uenturi
820 724 982 765 fratres
1016 726 1168 777 egent,
1203 726 1247 766 et
1280 738 1435 766 reuera
1475 724 1676 767 mittendi
1717 728 1889 779 tempus
1921 728 2027 774 est„

228 790 447 845 Respondi
481 804 561 843 ego
595 792 842 831 nostrorum
876 789 1111 831 aduentum
1144 789 1284 830 minus
1317 792 1492 842 gratum
1530 789 1624 831 fore
1656 804 1741 832 non
1773 792 2004 844 praesente

228 856 355 898 simul
398 855 714 897 concionatore.
779 854 822 895 Is
865 854 978 907 quod
1020 853 1173 904 miror,
1219 854 1482 896 constitutus
1524 856 1590 897 cst
1627 854 1679 897 D.
1713 855 2004 898 Lambertus1

229 920 517 964 Concionator
558 919 685 961 simul
718 922 761 961 et
794 919 956 961 Rector
996 919 1169 960 futurus
1202 919 1395 973 Collegij.
1460 919 1540 969 Qui
1571 922 1817 974 postremus
1849 920 1904 962 ad
1935 934 2004 963 me

228 988 400 1029 Lubeca
433 985 619 1040 scripsit,
654 984 759 1026 nihil
783 984 891 1027 certi
924 984 975 1026 de
1003 999 1079 1026 suo
1103 984 1245 1027 reditu
1267 985 1540 1039 promittens,
1573 985 1658 1027 imo
1682 985 1814 1028 etiam
1845 986 2004 1028 timens

230 1053 282 1095 de
314 1051 509 1105 longiore
543 1053 587 1092 et
618 1049 821 1105 periculis
854 1050 983 1104 plena
1014 1049 1283 1103 profectione
1316 1049 1483 1092 danica.
1542 1050 1700 1093 Videat
1733 1065 1836 1104 ergo
1868 1051 1919 1094 R.
1953 1050 2002 1094 T.

228 1118 394 1160 satisne
426 1117 483 1158 sit
515 1118 688 1157 nostros
720 1115 881 1164 uenire,
916 1114 1120 1168 quamdiu
1153 1115 1206 1157 de
1239 1115 1430 1158 aduentu
1462 1115 1514 1158 D.
1547 1115 1770 1158 Lamberti
1802 1118 2004 1158 constare

228 1197 312 1225 non
346 1184 504 1236 potest,
540 1180 611 1235 qui
634 1183 865 1235 praeterea
897 1180 1093 1233 grauiter
1126 1194 1180 1221 cx
1210 1180 1318 1234 pede
1351 1180 1581 1223 laborauit.
1625 1181 1699 1223 Sin
1731 1181 1851 1223 illum
1884 1180 2005 1223 breui

229 1249 481 1291 adfuturum
515 1246 664 1296 nostis,
699 1246 808 1288 bene
840 1246 985 1296 habet,
1021 1248 1065 1288 et
1098 1245 1417 1300 operepretium
1445 1246 1617 1288 uidetur
1649 1247 1797 1289 statim
1831 1249 2004 1289 nostros

230 1314 458 1363 aduolare,
502 1326 608 1366 quos
642 1311 839 1365 equidem
873 1311 1082 1365 optarim,
1127 1314 1174 1354 ut
1207 1311 1340 1353 etiam
1374 1311 1549 1366 scripsi,
1593 1312 1743 1354 doctos
1776 1314 1820 1354 et
1851 1311 1894 1353 in
1928 1325 2004 1353 uo-

231 1379 401 1422 catione
435 1392 513 1419 sua
545 1377 753 1432 probatos
785 1377 1048 1430 idoneosque
1073 1376 1294 1431 operarios
1317 1377 1432 1418 mitti
1463 1376 1506 1418 in
1529 1377 1641 1419 hanc
1674 1377 1858 1427 uincam,
1893 1390 2004 1430 quae

231 1445 397 1487 utinam
430 1443 571 1484 minus
604 1443 785 1485 laboret.

349 1515 581 1556 Andreas2
613 1516 712 1556 tuas
755 1513 808 1555 ad
841 1527 909 1555 me
943 1513 1060 1555 dedit
1101 1513 1499 1564 commendatitias,
1543 1513 1615 1567 qui
1646 1527 1758 1555 nunc
1791 1512 1904 1555 domi
1936 1513 2003 1555 fa-

232 1581 393 1623 mulum
429 1579 544 1633 agit,
589 1594 684 1621 cum
728 1579 858 1620 aliam
891 1577 1118 1631 Augustae
1161 1578 1449 1620 conditionem
1490 1578 1680 1633 reperire
1720 1592 1805 1620 non
1842 1579 2002 1633 posset.

233 1646 277 1689 Si
310 1646 411 1699 quid
444 1644 558 1688 nosti
592 1645 644 1686 de
676 1644 749 1686 illo
783 1644 896 1697 quod
928 1658 1026 1686 mea
1058 1643 1168 1685 scire
1199 1644 1386 1694 intersit,
1421 1644 1652 1698 perscribe.

351 1716 543 1770 Transijt
574 1715 715 1758 isthac
744 1715 789 1757 P.
815 1715 1066 1757 Theodorus
1099 1715 1300 1769 peltanus
1333 1717 1381 1757 ut
1413 1715 1576 1769 opinor,
1611 1728 1737 1768 quem
1770 1714 2003 1756 extrudere

231 1782 451 1825 Coloniam
485 1796 633 1823 sumus
666 1780 818 1831 coacti,
853 1784 902 1823 ut
934 1781 1214 1833 collegiorum
1237 1783 1485 1823 nostrorum
1517 1780 1705 1834 inopiam
1733 1780 1874 1833 quoad
1906 1793 2003 1834 per-

231 1862 362 1890 sonas
396 1846 568 1896 attinet,
602 1846 942 1888 sublcuaremus.
1000 1846 1182 1888 Accedit
1215 1845 1301 1887 alia
1333 1845 1571 1888 necessitas
1604 1846 1657 1887 ob
1688 1844 2003 1887 instituendum

231 1913 353 1955 breui
376 1912 613 1965 Collegium
640 1911 1002 1965 Oenipontanum,
1032 1910 1097 1953 cui
1121 1910 1364 1954 destinatus
1388 1914 1483 1954 erat
1506 1909 1784 1953 concionator
1804 1911 1855 1952 D.
1874 1909 2003 1952 Lam-

231 1978 394 2028 bertus,
428 1977 541 2018 hunc
574 1976 794 2031 abripiunt
827 1976 949 2018 nobis
972 1975 1229 2029 Moguntini,
1264 1990 1342 2018 nec
1370 1978 1437 2019 est
1460 1976 1624 2018 Romae
1656 1976 1897 2030 quisquam,
1931 1973 2004 2029 qui
2056 2024 2057 2029 Ἰ

232 2043 370 2098 possit
410 2042 524 2084 illius
566 2042 767 2096 supplere
808 2042 963 2084 locuni.
1037 2042 1119 2084 Sed
1161 2056 1230 2083 res
1274 2044 1448 2083 nostras
1493 2041 1663 2083 diuinae
1703 2040 2003 2096 prouidentiae
2055 2036 2058 2047 '

233 2108 596 2151 commendamus,
661 2107 757 2149 Illi
791 2107 902 2149 enim
937 2120 1068 2148 cura
1101 2107 1162 2149 de
1195 2107 1396 2149 nobis3.

353 2179 536 2221 Gratum
577 2177 699 2219 nobis
741 2177 823 2220 erit
864 2178 1075 2228 officium,
1118 2177 1154 2219 si
1195 2178 1278 2220 huc
1318 2178 1550 2220 mittantur
1589 2177 1687 2219 libri
1728 2176 2003 2219 inferioribus

233 2244 445 2287 classibus
466 2242 754 2285 inseruientes
770 2243 799 2285 4.
842 2242 1008 2285 Iamdiu
1031 2242 1293 2284 meditamur
1315 2243 1488 2284 eosdem
1511 2243 1716 2285 authores
1738 2246 1782 2286 et
1803 2242 1937 2284 libros
1959 2241 2002 2283 in

234 2309 382 2352 schola
404 2311 556 2350 nostra
577 2322 833 2362 proponere,
858 2308 934 2349 sed
956 2308 1167 2350 hactenus
1190 2308 1359 2359 desunt,
1385 2307 1455 2361 qui
1480 2307 1736 2350 satisfacere
1758 2307 2000 2350 uideantur.

231 2375 372 2428 Igitur
404 2374 458 2415 ad
490 2377 663 2428 tempus
695 2373 857 2415 utimur
883 2373 1226 2427 Despauterio5,
1262 2372 1483 2427 principijs
1516 2372 1828 2426 grammaticae
1845 2373 1874 2423 ⁶,
1908 2371 2002 2414 Ma-

357 2526 366 2546 1

354 2578 368 2598 2
393 2525 568 2612 &aff-vel
595 2577 696 2617 Stor;
734 2577 815 2610 vide
851 2588 944 2621 quae
980 2576 1023 2611 de
1059 2588 1099 2610 eo
1126 2576 1261 2611 Canisii
1297 2576 1473 2620 epistulae
1500 2576 1556 2610 29.
1585 2575 1804 2621 Septembris
1832 2575 1920 2610 1561
1957 2575 2003 2610 ad

234 2630 404 2666 Rethium
431 2631 537 2665 datae
563 2630 841 2664 adnotabuntur.
988 2630 1001 2650 ³
1027 2628 1110 2674 Sap.
1137 2630 1169 2671 6,
1197 2630 1229 2664 8.
1274 2631 1291 2663 1
1320 2629 1415 2663 Petr.
1444 2630 1475 2671 5,
1504 2629 1535 2663 7.

355 2687 367 2705 ⁴
394 2683 460 2725 Qui
487 2683 569 2717 libri
597 2695 637 2717 eo
662 2685 824 2728 tempore
850 2682 886 2716 in
913 2682 1104 2717 Societatis
1130 2682 1321 2728 gymnasio
1347 2681 1542 2716 coloniensi
1568 2681 1718 2716 adhibiti
1744 2681 1826 2723 sint,
1857 2681 2004 2726 exponit

234 2738 367 2771 Bernh.
407 2738 516 2772 Dnhr
553 2736 588 2771 S.
628 2737 681 2771 J.:
737 2735 1011 2780 „Mitteilungen
1063 2736 1125 2770 der
1173 2735 1417 2770 Gesellschaft
1458 2735 1517 2769 fiir
1555 2734 1728 2769 deutsche
1766 2734 2003 2778 Erziehungs-

234 2791 307 2824 und
334 2789 691 2834 Schulgeschichte“,
725 2789 1023 2833 herausgegeben
1058 2801 1129 2823 von
1163 2790 1210 2823 K.
1238 2789 1448 2833 Kehrbach,
1483 2788 1516 2822 8.
1544 2788 1670 2831 Jahrg.
1709 2787 1846 2831 (Berlin
1883 2787 2002 2831 1898),

235 2856 268 2889 p.
299 2844 496 2878 132-134.

357 2898 369 2917 ⁵
397 2897 538 2931 Ioannis
564 2908 636 2930 van
662 2896 843 2929 Pauteren
871 2895 907 2939 (†
933 2895 999 2929 sub
1029 2894 1156 2938 1525),
1192 2906 1211 2929 e
1241 2894 1446 2937 „Fratribus
1471 2894 1569 2928 vitae
1596 2893 1827 2936 communis‘,
1863 2893 2002 2935 flandri,

236 2950 484 2985 commentarii
510 2949 738 2994 grammatici
767 2948 825 2992 (de
851 2947 1008 2993 syntaxi,
1036 2948 1078 2982 de
1105 2947 1324 2993 etymologia
1342 2945 1426 2991 etc.)
1452 2959 1492 2982 eo
1510 2949 1670 2992 tempore
1687 2946 1842 2981 multum
1861 2947 2003 2991 quidem

234 3003 515 3048 usurpabantur,
541 3003 604 3037 sed
630 3010 701 3036 non
727 3001 852 3047 paucis
878 3000 1135 3046 displicebant;
1162 3001 1208 3035 cf.
1238 3002 1326 3035 Can.
1353 3000 1441 3046 Epp.
1469 3001 1512 3042 II,
1540 3001 1642 3035 680¹.

358 3056 371 3076 ⁶
397 3057 478 3101 Ipso
503 3055 571 3090 hoc
607 3067 700 3089 anno
729 3055 819 3089 1561
851 3054 1052 3099 „Principia
1079 3053 1377 3095 Grammatices“,
1413 3053 1457 3088 ab
1483 3053 1686 3088 Hannibale
1712 3052 1881 3087 Codretto
1907 3052 1942 3087 S.
1969 3052 2002 3087 J.

237 3109 442 3154 conscripta
468 3110 504 3143 et
530 3121 551 3143 a
577 3108 721 3143 Canisio
747 3119 779 3142 a.
809 3108 899 3142 1556
927 3107 1141 3151 Ingolstadii
1167 3107 1283 3149 edita,
1317 3106 1486 3150 Dilingae
1519 3106 1555 3140 in
1589 3105 1705 3140 lucem
1733 3106 1865 3140 emissa
1898 3106 2000 3146 sunt;
2042 3102 2053 3138 ⁴,

236 3162 320 3197 vide
345 3162 451 3203 infra,
478 3173 634 3196 monum.
661 3161 742 3196 388.
2046 3163 2049 3165 ’
