2093 3444
758 172 871 207 Roma
900 173 930 207 1.
957 172 1080 207 Martii
1109 174 1210 208 1561.
1819 181 1871 221 61

97 288 238 341 questi
279 287 420 340 giorni
462 302 602 330 uenne
643 302 729 330 una
770 289 931 332 lettera
974 290 1026 332 de
1066 305 1150 332 uno
1194 291 1293 332 delli
1333 292 1497 344 signori
1535 292 1716 345 Fugari,
1759 294 1874 336 nella

97 353 224 406 quale
257 352 409 394 diceua
442 353 480 394 d'
504 367 589 394 uno
622 353 902 396 Predicatore
926 355 1161 397 Hereticoa
1194 356 1272 398 che
1305 357 1515 398 sentendo
1548 357 1590 399 la
1623 358 1798 411 predica
1833 359 1874 401 di

97 418 161 461 .V.
196 417 247 460 R.
281 417 452 460 haueua
495 419 616 461 detto
650 433 735 460 non
768 422 906 473 poter'
940 420 1145 463 resistere
1188 421 1275 463 6116
1307 421 1472 468 verita.
1518 424 1562 464 et
1597 423 1708 465 altre
1741 426 1873 466 cose1

97 482 175 525 che
207 483 362 525 furono
405 483 583 525 referite
625 485 651 524 a
685 485 740 526 Β.
776 485 949 528 Santita
992 488 1035 527 et
1076 486 1104 527 li
1144 486 1314 528 dettero
1355 487 1520 540 grande
1562 488 1871 540 consolatione,

96 562 216 590 come
249 548 385 590 anche
418 548 491 590 alli
515 549 731 591 Cardinali
766 552 809 591 et
841 550 899 591 mi
932 550 1062 592 referi
1094 551 1122 592 il
1146 551 1373 593 Cardinale
1407 552 1449 593 di
1471 552 1673 606 Augusta
1706 554 1769 595 ch’
1795 554 1872 596 ha-

94 627 206 655 ueua
248 613 369 656 detto
410 613 440 655 il
475 614 596 668 Papa
630 615 684 656 da
717 628 763 656 se
796 618 936 657 stesso
977 616 1028 657 de
1061 617 1195 658 uoler'
1231 618 1467 659 concedere
1509 620 1625 660 tutte
1657 619 1697 660 16
1729 619 1871 672 gratie

94 678 310 733 spirituali
343 679 420 721 che
454 693 531 733 per
562 679 726 722 Vostra
758 680 1012 723 Riuerentia
1046 684 1089 723 et
1121 695 1199 735 per
1230 682 1273 724 la
1313 682 1570 736 compagnia
1603 683 1770 726 fossero
1803 699 1871 726 re-

95 744 278 792 cercati,
323 747 367 786 et
400 744 489 786 cosi
520 744 549 786 li
582 745 766 786 11666160
801 746 903 788 dato
946 747 988 788 la
1020 747 1122 789 lista
1165 747 1216 788 de
1249 748 1391 801 gratie
1424 748 1541 801 quali
1579 762 1704 802 spero
1738 749 1870 792 haue-

95 823 213 851 remo
230 810 258 860 2,
293 824 378 852 non
411 824 458 852 so
492 809 528 851 si
561 824 640 852 con
674 813 829 864 questa
861 814 987 865 potro
1022 812 1180 854 auisar’
1216 813 1283 854 del
1316 813 1600 867 particolare,
1640 813 1684 855 in
1718 818 1870 868 questo

95 889 259 926 mezzo,
304 875 418 917 circa
450 875 694 918 delectumb
727 876 926 918 Ciborum
969 892 1102 931 penso
1137 878 1178 919 di
1210 878 1345 920 hauer
1376 879 1583 921 mandato
1618 880 1758 932 quello
1793 880 1871 922 che

96 954 298 982 concesse
331 955 410 983 sua
443 941 608 983 santita
641 942 731 983 0106
765 941 842 983 0116
876 944 1046 995 quando
1079 943 1109 984 il
1143 943 1257 998 Capo
1291 944 1332 985 di
1365 944 1562 998 famiglia
1594 959 1679 986 non
1712 945 1871 987 uolessi

95 1006 186 1048 dar'
221 1006 303 1048 cibi
337 1006 710 1059 Quadragesimali
743 1007 964 1061 potessino
1007 1008 1035 1049 li
1068 1008 1219 1061 figlioli
1251 1009 1409 1062 moglie
1452 1009 1653 1052 seruitori
1688 1010 1870 1053 aiutarsi

96 1071 196 1113 delli
234 1071 324 1113 Cibi
364 1072 569 1126 prohibiti
610 1087 740 1114 senza
781 1073 1001 1127 scropolo‚
1050 1074 1116 1115 del
1159 1077 1276 1116 resto
1319 1075 1355 1116 si
1397 1075 1590 1117 scriuera
1631 1090 1751 1117 come
1791 1076 1869 1118 ha-

94 1151 268 1179 ueremo
304 1137 540 1179 chiarezza.
604 1138 667 1180 La
700 1139 1088 1181 communicatione
1122 1139 1232 1181 delle
1265 1140 1406 1182 buone
1439 1154 1568 1194 opere
1602 1141 1715 1183 della
1745 1141 1869 1183 Com-

94 1202 255 1257 pagnia
297 1217 344 1244 se
376 1203 584 1244 mandera
617 1218 694 1258 per
727 1204 822 1257 quel
866 1204 1040 1257 signore
1072 1205 1230 1254 bruno,
1274 1208 1318 1247 et
1359 1219 1435 1259 per
1475 1206 1518 1247 16
1558 1205 1735 1259 signora
1768 1220 1868 1249 con-

94 1271 214 1311 tessa
230 1269 259 1318 3,
294 1271 338 1310 et
370 1268 405 1310 si
438 1283 523 1310 non
557 1272 711 1322 questa
745 1269 980 1311 settimana
1011 1284 1096 1311 non
1128 1284 1262 1324 penso
1294 1259 1475 1324 passera
1506 1272 1532 1312 l'
1558 1272 1684 1314 altra.

215 1334 298 1375 Per
329 1333 359 1375 il
391 1334 582 1387 Collegio
618 1335 872 1377 Germanico
915 1335 987 1388 gia
1029 1335 1174 1377 scrissi
1216 1336 1252 1378 si
1286 1339 1503 1390 poteuano
1546 1337 1753 1379 mandare
1786 1338 1868 1388 doi⁷

95 1402 140 1442 et
172 1403 453 1453 quantunque
486 1401 520 1441 c'
556 1403 578 1442 6
610 1401 775 1453 grande
809 1403 1044 1443 strettezza
1086 1401 1127 1442 di
1166 1401 1259 1443 loco
1303 1401 1394 1443 (1106
1433 1404 1582 1445 nostro
1615 1402 1756 1444 Padre
1790 1403 1868 1444 che

94 1464 130 1507 si
162 1468 378 1519 potranno
411 1465 600 1508 stender’
633 1465 773 1508 insino
808 1468 833 1507 a
865 1468 932 1508 tre
966 1469 989 1507 ὸ
1022 1468 1198 1519 quattro
1241 1466 1284 1508 in
1321 1467 1425 1509 tutti
1465 1482 1543 1521 per
1576 1468 1782 1518 adesso4,
1826 1471 1870 1510 et

96 1611 139 1645 de
165 1611 245 1645 istis
272 1611 364 1645 scire
391 1611 559 1644 videntur
585 1622 692 1655 quam
720 1623 804 1651 nos:
832 1611 867 1645 id
887 1612 979 1655 quod
999 1624 1038 1645 eo
1066 1611 1154 1652 dico,
1183 1612 1276 1655 quod
1303 1612 1401 1646 111606
1430 1612 1556 1646 (liebus
1584 1612 1739 1657 epistula
1766 1613 1872 1647 unius

96 1676 141 1699 ex
168 1664 320 1698 dominis
340 1664 517 1708 Fuggeris
543 1664 612 1698 11110
639 1664 750 1698 allata
779 1667 844 1705 est,
872 1665 906 1698 in
934 1676 1004 1709 qua
1028 1665 1058 1698 is
1078 1664 1219 1699 dicebat
1236 1665 1457 1699 haereticum
1486 1666 1664 1710 quendam
1691 1666 1870 1700 contiona-

93 1722 219 1759 torem,
247 1730 326 1752 cum
346 1718 387 1751 R.
407 1718 450 1752 V.
478 1718 618 1752 audiret
644 1719 856 1759 contionem,
884 1719 1053 1752 resistere
1079 1730 1117 1752 se
1144 1719 1289 1752 veritati
1309 1731 1414 1764 posse
1441 1731 1604 1763 negasse,
1633 1722 1742 1763 atque
1762 1720 1870 1754 etiam

95 1772 166 1806 alia
200 1772 372 1806 narrabat
386 1773 405 1813 ¹,
442 1772 571 1816 quibus
605 1772 647 1805 ad
684 1772 915 1806 sanctitatem
951 1783 1053 1806 suam
1090 1772 1213 1806 relatis
1249 1775 1285 1806 et
1319 1773 1397 1817 ipsa
1433 1776 1469 1806 et
1503 1773 1704 1807 cardinales
1738 1785 1869 1816 magno

95 1826 227 1860 solacio
263 1825 383 1859 affecti
418 1828 513 1860 sunt.
564 1826 617 1859 Ac
643 1825 836 1859 cardinalis
863 1826 1099 1869 Augustanus
1135 1826 1221 1859 mihi
1256 1826 1416 1867 rettulit,
1453 1838 1630 1860 summum
1664 1827 1869 1871 pontificem

96 1891 161 1914 sua
187 1881 314 1925 sponte
333 1879 478 1920 dixisse,
506 1891 556 1919 se,
583 1879 751 1923 quicquid
778 1879 980 1922 gratiarum
1007 1879 1246 1924 spiritualium
1275 1892 1338 1924 pro
1365 1881 1569 1914 reverentia
1596 1883 1719 1914 vestra
1745 1882 1782 1914 et
1806 1892 1869 1926 pro

96 1933 276 1968 Societate
303 1945 323 1967 a
350 1944 388 1967 se
414 1934 617 1978 peteretur,
654 1944 907 1967 concessurum
935 1944 1032 1973 esse;
1070 1944 1180 1976 quare
1216 1933 1414 1976 gratiarnm
1442 1933 1583 1968 illarum
1614 1934 1811 1968 indiculum
1838 1934 1870 1968 61

96 1987 276 2028 dedimus;
313 1998 402 2031 quas
427 1998 493 2021 nos
528 1988 741 2031 accepturos
777 1997 855 2020 esse
890 1998 995 2031 spero
1008 1986 1030 2026 ²,
1067 1998 1132 2020 nec
1168 1988 1288 2020 tamen
1324 1987 1416 2028 scio,
1452 1999 1535 2021 num
1572 1988 1782 2031 singulatim
1809 1999 1870 2022 eas

94 2052 282 2075 recensere
307 2040 365 2074 his
391 2039 523 2074 litteris
549 2041 694 2085 possim.
746 2040 897 2079 Interea,
934 2040 1028 2084 quod
1055 2040 1098 2073 ad
1126 2040 1304 2074 delectum
1331 2041 1489 2074 ciborum
1516 2042 1657 2083 attinet,
1683 2053 1751 2082 me,
1779 2053 1870 2086 quae

95 2094 270 2129 sanctitas
297 2105 363 2128 sua
389 2095 632 2134 concesserat,
660 2094 754 2127 istuc
780 2093 922 2127 misisse
949 2095 1054 2138 puto:
1091 2096 1140 2134 ut,
1168 2094 1198 2127 si
1225 2094 1486 2138 paterfamilias
1513 2094 1610 2128 cibos
1638 2095 1869 2138 quadragesi-

95 2148 209 2182 males
235 2148 311 2182 suis
337 2148 422 2182 dare
448 2147 570 2187 nollet,
598 2149 635 2181 et
659 2147 781 2181 liberis
809 2149 845 2180 et
870 2147 973 2180 uxori
1000 2148 1036 2181 et
1060 2147 1207 2181 famulis
1225 2147 1415 2192 prohibitis
1443 2148 1531 2182 cibis
1551 2148 1627 2182 sine
1647 2148 1869 2183 dubitatione

95 2202 149 2236 uti
174 2202 319 2242 liceret;
347 2201 495 2245 reliqua,
521 2201 582 2234 ubi
610 2200 726 2235 edocti
745 2201 888 2241 erimus,
917 2200 961 2234 ad
980 2212 1044 2234 vos
1063 2200 1335 2245 perscribemus.
1371 2201 1562 2235 Mittentur
1588 2202 1694 2235 etiam
1715 2202 1868 2244 litterae,

96 2255 225 2300 quibus
264 2257 300 2289 et
334 2254 498 2289 dominus
532 2254 602 2288 iste
630 2254 770 2288 Brunus
807 2257 842 2288 et
877 2254 1020 2287 domina
1055 2254 1264 2288 comitissa³
1298 2255 1469 2288 bonorum
1505 2267 1650 2300 operum
1679 2255 1868 2290 Societatis

95 2308 292 2354 participes
326 2307 542 2342 efficiantur.
594 2307 692 2350 Quae
719 2308 748 2342 si
775 2307 842 2341 hac
869 2307 1089 2341 hebdomade
1124 2307 1256 2341 missae
1291 2320 1361 2342 non
1397 2310 1520 2349 erunt,
1556 2320 1636 2350 eas,
1675 2311 1868 2353 antequam

97 2362 262 2408 proxima
286 2361 523 2407 praeterierit,
551 2362 701 2395 missum
728 2361 770 2395 iri
797 2361 931 2406 opinor.

214 2416 255 2450 In
282 2415 474 2459 collegium
493 2415 739 2459 germanicum
767 2415 855 2448 duos
881 2414 977 2448 mitti
995 2425 1101 2459 posse
1128 2414 1197 2448 iam
1225 2415 1374 2460 scripsi;
1402 2415 1494 2459 quod
1519 2415 1604 2449 licet
1630 2427 1781 2459 magnas
1800 2415 1868 2450 loci

96 2469 284 2513 angustias
312 2469 492 2514 patiatur,
528 2472 631 2514 pater
656 2471 778 2502 noster
805 2468 910 2509 dicit,
945 2479 1010 2502 vos
1036 2467 1072 2501 in
1098 2479 1269 2513 praesens
1295 2469 1551 2503 mittendorum
1577 2481 1764 2503 numerum
1792 2469 1867 2503 uni-

97 2535 243 2557 versum
270 2534 382 2567 usque
409 2522 451 2556 ad
478 2524 554 2556 tres
581 2522 640 2556 vel
667 2523 837 2566 quattuor
863 2521 1057 2555 extendere
1083 2523 1233 2566 posse⁴13
1270 2533 1288 2556 e
1315 2522 1444 2566 quibus
1469 2534 1562 2556 unus
1589 2522 1868 2568 Christophorus

216 2652 230 2666 a
255 2647 332 2679 Hoc
357 2646 566 2679 vocabulum
591 2656 700 2678 manu
727 2646 874 2678 librarii
899 2647 935 2678 *in
963 2657 1077 2688 marg).
1105 2646 1269 2679 additum
1295 2650 1351 2680 est.

215 2699 231 2719 b
257 2699 352 2733 circa
379 2698 435 2732 (161
460 2698 594 2732 lectum
621 2710 679 2742 ap.

219 2829 228 2848 ¹
257 2827 421 2872 Epistula
455 2826 546 2860 haec
583 2826 627 2860 ad
664 2825 832 2860 Ottonem
868 2825 1086 2859 cardinalem
1121 2825 1374 2869 Augustanum
1410 2825 1469 2860 vel
1505 2838 1525 2860 a
1561 2825 1715 2869 Georgio
1751 2826 1811 2860 vel
1845 2837 1865 2860 a

96 2881 218 2915 Marco
244 2881 409 2925 Fuggero
439 2879 497 2924 (de
524 2879 653 2924 quibus
680 2879 762 2913 vide
789 2890 898 2923 supra
925 2891 957 2923 p.
987 2879 1063 2913 16¹.
1091 2878 1151 2922 55)
1182 2879 1266 2913 data
1292 2890 1372 2913 esse
1397 2879 1552 2913 videtur.

218 2936 231 2956 2
256 2934 309 2969 De
335 2934 402 2968 hoc
427 2933 584 2968 indiculo
610 2933 715 2978 plura
740 2932 846 2977 paulo
873 2932 978 2966 infra.
1028 2932 1120 2966 Vide
1147 2932 1254 2966 etiam
1281 2932 1385 2973 infra,
1411 2944 1567 2967 monum.
1595 2932 1675 2967 230.

217 2990 230 3009 3
256 2988 310 3023 De
336 2988 497 3023 Conrado
524 2986 644 3020 Bruno
670 2997 711 3020 ac
737 2986 780 3019 de
806 2985 940 3020 Ursula
965 2985 1133 3029 Fuggera
1159 2985 1242 3020 vide
1267 2996 1377 3030 supra
1402 2997 1435 3030 p.
1464 2985 1519 3020 38.
1548 2986 1604 3020 55.

217 3043 230 3062 4
258 3041 457 3085 Collegium
483 3039 728 3084 germanicum
754 3044 840 3073 tunc
867 3039 1029 3080 domum,
1069 3050 1138 3083 quo
1173 3039 1250 3073 1000
1285 3050 1379 3073 116110
1414 3038 1566 3073 60016616
1594 3038 1627 3073 S.
1656 3038 1788 3082 Ignatii
1823 3039 1865 3074 de

97 3095 232 3141 Loyola
267 3097 341 3136 est,
377 3106 487 3140 prope
522 3092 697 3138 templum
723 3092 756 3127 S.
784 3092 947 3127 Machuti
972 3092 1240 3136 Bergomatium
1269 3091 1356 3136 (San
1381 3092 1484 3126 Maut
1510 3091 1562 3126 de’
1590 3092 1862 3136 Bergamaschi)

96 3148 203 3183 sitam
229 3148 418 3183 incolebat.
470 3146 570 3188 Quod
597 3148 736 3180 aestate
763 3157 794 3180 6.
823 3146 914 3180 1560
950 3146 989 3187 7,
1023 3157 1070 3179 m.
1098 3145 1187 3179 Iulio
1214 3157 1244 3179 a.
1274 3146 1362 3180 1561
1394 3145 1435 3179 17
1466 3145 1668 3187 „alumnos“
1698 3145 1865 3189 habebat,
