2093 3444
408 174 486 209 554.
523 173 690 209 Canisius
717 174 781 209 Pio
807 175 869 209 IV.
913 175 1005 220 Aug.
1032 176 1173 211 Vindel.
1205 176 1258 211 10.
1285 176 1373 210 Maii
1402 177 1503 211 1561.
1765 181 1846 222 139

70 294 211 336 bande
245 293 377 336 etiam
411 293 480 336 fra
502 294 725 338 Catholici.
770 295 851 337 Dio
874 295 928 339 N.
955 296 996 338 S.
1030 296 1098 338 usi
1130 295 1426 338 misericordia
1459 296 1546 337 alla
1579 296 1724 339 chiesa
1756 311 1848 339 sua.

72 359 152 410 Qui
184 359 342 401 mando
383 373 442 400 un
474 359 595 401 auiso
638 360 832 403 riceuuto
876 361 917 402 di
950 361 1097 414 Parigi
1142 362 1219 403 che
1260 361 1330 403 fra
1362 361 1402 403 le
1439 360 1634 403 misserie
1677 361 1718 403 di
1751 362 1850 414 quel

71 425 224 478 Regno
259 425 431 467 dannoa
465 422 526 479 [P]
561 425 745 478 qualche
779 426 1076 469 consolatione
1094 428 1121 469 1.

190 489 399 532 Vedendo
434 490 512 532 che
544 491 668 533 molti
709 491 745 532 si
778 506 884 534 sono
917 491 1097 534 alienati
1139 506 1217 546 per
1256 491 1421 534 hauerli
1465 495 1638 534 toccato
1673 492 1716 533 in
1749 507 1850 547 par—

70 554 226 598 ticolar
258 555 360 597 nelli
403 556 610 598 contratti
645 557 865 611 usurari-j2
907 572 1010 612 pare
1043 560 1069 599 a
1100 557 1156 600 N.
1191 557 1331 600 Padre
1374 558 1451 599 che
1489 571 1567 611 per
1598 557 1753 599 adesso
1786 557 1852 599 sia

71 620 145 676 piu
183 620 468 663 conueniente
509 621 552 662 in
585 620 787 675 Augusta
829 623 1057 665 attendere
1099 623 1185 664 alle
1227 637 1326 665 cose
1368 622 1482 664 della
1522 623 1622 664 fede
1664 625 1708 665 et
1750 622 1852 664 delli

72 686 257 729 costumi
288 685 332 728 in
355 701 537 728 comune
569 701 655 729 non
687 688 986 730 descendendo
1020 688 1095 730 alli
1118 688 1382 742 particolare
1406 688 1614 731 contratti
1649 688 1850 742 usurarij.

71 752 246 794 Benche
288 753 460 805 quando
501 752 531 794 il
562 753 848 796 fundamento
891 754 1011 796 detto
1054 753 1160 795 fossi
1199 753 1393 796 stabilito
1436 753 1473 795 si
1511 753 1655 808 potria
1687 756 1852 796 trattar

73 817 209 861 anche
243 817 342 859 delli
375 817 630 872 particulari
663 819 728 860 col
761 821 921 873 tempo.

192 894 381 936 Litterae
412 899 664 936 treverenses
680 910 761 950 per
784 910 967 937 errorem
992 897 1056 947 as,
1091 895 1242 951 quibas
1265 897 1500 937 destinatae
1532 901 1664 950 erant7
1701 897 1853 938 missae

74 973 155 1001 non
189 965 300 1002 sunt.

193 1035 294 1077 Non
326 1035 372 1077 fu
406 1050 509 1078 uero
543 1036 664 1078 chelb
696 1037 819 1078 Duca
853 1037 894 1078 di
925 1037 1110 1079 Sauoiac
1142 1037 1360 1079 asecliasid
1394 1038 1592 1087 Geneua,
1638 1040 1710 1080 ma
1742 1038 1852 1080 bene

73 1099 130 1142 ha
163 1101 357 1155 superati
398 1101 427 1143 li
461 1101 672 1143 Valdensi
714 1104 758 1144 et
797 1102 1071 1156 castigatelif
1114 1106 1158 1146 et
1199 1103 1322 1157 quasi
1365 1103 1622 1146 cachiatelig
1663 1103 1769 1146 tutti
1811 1103 1853 1145 di

74 1166 245 1219 quelleh
278 1166 394 1208 Valli
428 1181 509 1209 con
540 1167 655 1209 altra
688 1167 861 1210 sentina
894 1168 936 1210 di
969 1168 1128 1220 errori,
1172 1169 1251 1211 che
1283 1184 1361 1211 son
1394 1169 1501 1212 stati
1533 1168 1784 1212 reccettatii
1822 1169 1853 1211 li

73 1231 148 1285 pin
180 1231 222 1273 di
255 1233 340 1274 300
376 1232 475 1274 anni
493 1233 521 1275 3.

195 1310 366 1352 Petrum
401 1311 572 1363 Galleqo
605 1325 689 1352 aon
722 1312 926 1354 novimus.

198 1388 325 1429 Orate
355 1402 432 1443 pro
464 1388 596 1430 nobis.
661 1387 716 1428 Di
749 1387 889 1429 Roma
920 1387 950 1429 li
987 1389 1052 1431 10.
1088 1387 1130 1429 di
1163 1388 1340 1441 Maggio
1375 1389 1519 1431 .1561.

74 1532 133 1555 res
167 1520 259 1561 sint,
294 1520 532 1564 intellegitur.
582 1520 680 1554 Deus
716 1522 752 1555 et
788 1520 951 1555 dominus
986 1523 1110 1555 noster
1149 1521 1323 1556 ecclesiae
1359 1533 1446 1555 suae
1471 1521 1697 1556 misereatur.
1748 1521 1854 1555 Mitto

74 1573 218 1608 litteras
244 1574 395 1609 Parisiis
431 1575 473 1608 ad
501 1585 568 1609 nos
594 1574 744 1615 missas,
780 1586 872 1619 quae
907 1574 1001 1609 inter
1036 1575 1136 1619 regni
1164 1575 1263 1609 illius
1300 1575 1528 1609 calamitates
1566 1574 1702 1619 aliquid
1728 1575 1854 1610 solacii

75 1628 180 1662 vobis
206 1628 359 1662 afferent
375 1629 397 1662 ¹.

195 1681 306 1716 Pater
331 1683 455 1716 noster
472 1681 606 1716 multos
632 1693 684 1724 eo,
712 1682 806 1726 quod
832 1682 868 1716 in
891 1682 999 1716 rebus
1025 1682 1068 1716 ad
1096 1685 1203 1727 pacta
1229 1682 1448 1716 feneratoria
1466 1682 1715 1727 spectantibus
1734 1682 1855 1725 singu-

74 1735 179 1770 latim
204 1735 331 1770 moniti
357 1737 461 1777 sunt,
498 1747 519 1770 a
545 1735 649 1770 vobis
676 1735 853 1770 alienatos
881 1747 960 1770 esse
987 1747 1138 1770 cernens
1154 1735 1186 1777 ²,
1222 1735 1257 1769 in
1284 1747 1458 1781 praesens
1484 1735 1710 1779 Augustanis
1736 1736 1855 1779 magis

74 1789 267 1824 convenire
293 1790 427 1831 censet,
455 1801 520 1823 vos
539 1790 647 1824 rebus
673 1789 755 1823 fidei
782 1792 816 1823 et
835 1801 972 1823 morum
1000 1789 1199 1824 universim
1225 1789 1428 1824 tractandis
1455 1801 1600 1834 operam
1627 1790 1712 1824 dare
1737 1800 1854 1834 neque

74 1843 118 1877 de
143 1845 331 1889 pactorum
356 1843 655 1878 feneratoriorum
682 1843 790 1878 rebus
808 1843 1018 1886 singulatim
1038 1855 1158 1887 agere.
1193 1844 1282 1877 Cum
1308 1846 1431 1877 tamen
1456 1844 1729 1878 fundamentum
1757 1843 1854 1877 istud

74 1897 277 1932 stabilitum
304 1897 383 1939 erit,
409 1899 572 1943 tempore
590 1897 807 1942 procedente
834 1897 951 1940 etiam¹
970 1897 1136 1941 singulae
1162 1896 1255 1931 istae
1281 1908 1339 1931 res
1362 1897 1513 1931 tractari
1539 1909 1645 1942 posse
1672 1898 1852 1932 videntur.

192 1963 352 1996 Litterae
375 1962 472 2008 [ete.,
498 1966 536 1996 ut
560 1962 707 2006 supra]

194 2026 330 2061 Verum
364 2039 435 2061 non
470 2029 567 2069 erat,
604 2026 699 2072 quod
734 2026 920 2061 dicebant:
957 2025 1157 2061 Sabaudiae
1193 2026 1319 2061 ducem
1347 2026 1532 2061 Genevam
1559 2027 1733 2062 obsidere.
1785 2025 1853 2068 Qui

73 2082 196 2115 tamen
221 2080 424 2115 Valdenses
450 2082 486 2115 et
511 2080 600 2115 vicit
626 2082 662 2114 et
689 2080 886 2124 castigavit
911 2082 947 2114 et
972 2080 1048 2114 fere
1084 2092 1208 2114 omnes
1243 2092 1323 2114 cum
1359 2080 1474 2114 altera
1509 2080 1665 2125 quadam
1692 2092 1852 2114 errorum

73 2134 216 2168 sentina
242 2146 288 2168 ex
313 2134 471 2169 vallibus
497 2134 570 2168 illis
597 2133 747 2179 expulit,
775 2144 867 2178 quae
893 2133 975 2179 plus
1002 2145 1109 2178 quam
1128 2134 1196 2168 300
1215 2145 1328 2168 annos
1345 2134 1576 2179 receptacula
1601 2134 1646 2168 iis
1672 2134 1817 2168 fuerant
1829 2134 1851 2168 ³.

194 2200 339 2234 Petrum
363 2200 458 2244 [etc.‚
483 2205 523 2234 ut
547 2199 694 2244 supra]

197 2264 303 2298 Orate
321 2275 395 2308 pro
419 2265 531 2299 nobis.
582 2263 696 2298 Roma
724 2263 777 2298 10.
805 2262 893 2297 Maii
921 2263 1024 2298 1561.

898 2358 1029 2400 554.

808 2451 1106 2499 CANISIUS

823 2550 953 2593 Plo
987 2551 1101 2603 lv„

778 2632 947 2667 Pontifici
973 2631 1144 2666 Maximo.

574 2713 745 2760 Augusta
771 2711 1047 2749 vindelicorum
1074 2712 1122 2749 10.
1149 2711 1234 2749 Maii
1260 2712 1347 2749 1561.

193 2796 249 2831 Ex
275 2796 484 2843 apographo
513 2797 575 2841 (A)
604 2797 760 2838 recenti,
797 2796 889 2841 quod
917 2808 961 2830 ex
988 2796 1186 2841 archetypo
1216 2795 1252 2840 (a
1280 2795 1423 2830 Canisio
1449 2795 1682 2841 subscripto),
1708 2796 1744 2830 in
1771 2796 1847 2831 cod.

78 2849 138 2890 ἰΕ.
166 2848 204 2884 C.
232 2850 265 2883 I“
296 2851 320 2885 f.
351 2851 582 2885 1162—117b
612 2850 660 2894 (n.
688 2849 749 2894 84)
777 2849 906 2894 posito,
934 2849 1155 2894 exscriptum
1184 2851 1250 2884 est.

192 2955 207 2970 ἃ
233 2950 317 2993 Sic;
342 2950 417 2984 da?
441 2950 556 2985 dara?
651 2949 666 2970 ¹³
693 2949 758 2984 che
784 2949 809 2983 il
835 2950 882 2983 H.
981 2956 992 2971 ⁰
1019 2949 1161 2994 Saboya
1187 2951 1234 2984 H.
1332 2950 1348 2970 d
1373 2950 1569 2984 assediassi
1598 2951 1644 2984 H.

193 3009 205 3023 Β
231 3002 321 3037 bene
347 3005 394 3038 H.
484 3003 496 3024 s
519 3002 717 3046 castigatili
743 3004 791 3037 H.
881 3009 895 3028 g
920 3003 1098 3037 cacciatili
1125 3004 1171 3037 H.
1263 3003 1278 3023 ¹¹
1305 3003 1417 3047 quelli
1442 3004 1490 3038 H.
1577 3003 1584 3023 ἰ
1611 3002 1769 3037 ricettati
1797 3004 1844 3038 H.

197 3102 204 3121 ¹
233 3101 326 3136 Vide
352 3113 462 3147 supra
486 3114 520 3147 p.
550 3102 628 3136 104.
727 3101 741 3122 ²
767 3101 859 3135 Vide
885 3112 994 3146 supra
1023 3113 1057 3146 p.
1088 3101 1165 3136 110.

195 3155 208 3174 ³
232 3155 285 3189 De
310 3155 473 3200 parvulis
499 3155 555 3189 his
581 3154 685 3189 bellis
704 3154 748 3189 ab
767 3154 1001 3188 Emmanuele
1019 3154 1218 3189 Philiberto
1237 3155 1326 3189 duce
1345 3154 1460 3198 gestis
1482 3155 1564 3189 vide
1583 3166 1692 3200 supra
1709 3166 1742 3200 p.
1764 3155 1843 3190 121.
