2093 3444
521 240 678 275 Monuni.
708 241 943 285 (augustana)
972 241 1052 276 269.
1082 241 1362 286 (1561-1584.)
1745 244 1828 285 655

62 357 123 402 qui
159 356 296 400 dicunt)
332 359 505 401 nupserat
538 356 692 401 Georgio
728 359 772 392 II.
800 359 966 403 Fuggero
1006 358 1272 401 (1518—1569)
1312 358 1514 403 Raymundi
1549 358 1576 392 Ι.
1604 358 1761 402 Fuggeri
1797 361 1833 392 et

63 410 279 445 Catharinae
305 410 503 444 Turzoniae
529 410 622 451 filio,
648 411 726 445 viro
754 414 788 446 et
815 412 998 455 equitandi
1025 414 1062 446 et
1086 412 1420 446 mathematicarum
1447 411 1577 445 artium
1604 412 1832 456 peritissimo,

62 463 182 509 oppidi
216 466 406 507 terraeque
440 463 787 498 weissenhornensis
825 465 1119 508 (VVeissenhorm
1159 477 1253 499 nunc
1288 465 1492 510 provinciae
1531 465 1697 499 suebicae
1732 466 1832 509 regni

62 515 237 561 bavarici)
266 517 424 557 domin03
453 516 516 561 qui
541 518 729 561 Augustae
756 518 791 551 in
818 518 909 559 vico,
936 519 997 562 qui
1026 518 1243 561 „Cleesatler
1262 518 1396 553 Gass&
1430 518 1631 559 vocabatur,
1661 519 1713 563 (in
1739 519 1832 552 aedi-

61 570 128 604 bus
166 569 426 615 superioribus)
463 570 651 604 habitabat
689 573 725 604 et
758 583 822 616 per
857 571 994 616 aliquot
1033 583 1144 606 annos
1180 571 1222 605 de
1259 571 1359 606 urbis
1395 573 1523 605 senatu
1562 574 1649 606 erat.
1699 571 1833 606 Ursula

63 635 94 658 a.
123 624 213 658 1579
240 623 399 657 Bauzani
428 622 597 667 (Botzen,
634 624 805 667 Bolzano)
834 625 909 658 vita
937 625 1064 666 cessit3
1100 625 1201 659 cuius
1233 636 1362 669 corpus
1388 625 1591 668 Augustam
1618 626 1832 660 translatum

62 676 99 711 in
125 677 213 711 aede
239 676 273 711 S.
292 676 453 711 Udalrici
481 676 660 710 conditum
689 680 745 711 est
766 678 1013 721 (Pittacotheca
1040 678 1062 712 l.
1083 690 1110 712 c.
1151 677 1338 712 *Libellus
1364 690 1472 712 manu
1498 678 1654 723 scriptus
1677 681 1834 720 „Orden-

63 730 152 763 liobe
185 731 434 773 besohreibuny
469 730 531 764 des
566 729 837 774 Fuggerischen
875 730 1146 772 Geschlechts“‚
1181 731 1247 765 sub
1282 731 1424 765 initium
1459 731 1593 766 saeculi
1625 732 1759 773 XV11.‚
1795 735 1835 766 ut

64 783 226 825 videtur,
254 782 473 828 compositus
502 782 703 827 [Augustae
729 784 764 817 in
792 784 939 818 archivo
966 783 1179 828 fuggerico]‚
1212 796 1244 829 p.
1275 785 1472 819 159-160.
1521 786 1586 819 Fr.
1614 787 1697 819 Ant.
1725 787 1834 830 Vetat,

64 836 288 871 Bibliotheca
314 837 528 880 Augustana
554 836 621 870 Vll
649 836 850 880 [Augustae
879 837 1084 871 Vindelicae
1114 837 1237 881 1791],
1265 838 1433 881 29—32).
1484 839 1514 872 A
1541 838 1665 873 multis
1691 839 1832 883 quidem

69 889 300 932 „Comitissa“
331 889 553 935 appellatur;
580 890 643 924 sed
671 891 748 934 ipsa
775 902 820 924 ex
839 891 1009 935 equitum,
1037 903 1105 925 non
1124 891 1294 925 comitum
1312 891 1694 926 lichtensteiniensium
1722 893 1834 938 stirpe

64 945 143 977 erat
177 945 256 977 orta
293 944 408 986 (Hr'rn
443 943 467 978 l.
494 955 523 978 c.
551 943 603 984 ΙΙ,
641 944 671 977 7.
699 943 731 978 8.
761 943 833 987 10).
881 944 1057 988 Georgius
1084 944 1227 988 Fugger
1261 956 1292 979 a.
1323 945 1412 979 1566
1453 945 1575 987 „bar0“
1606 948 1755 980 vocatur
1789 947 1833 980 ab

64 998 222 1031 Henrico
242 999 455 1031 Pantaleone
484 996 833 1042 (Prosopographiae
858 996 1015 1031 Heroum
1040 997 1253 1032 Germaniae
1279 998 1369 1032 Pars
1395 999 1503 1032 tertia
1530 998 1707 1042 [Basileae
1729 999 1833 1044 1566]

64 1063 98 1096 p.
125 1051 232 1094 434);
270 1053 305 1085 et
332 1052 457 1085 Socius
493 1052 639 1094 qnidam
665 1056 887 1094 anqustcmas
922 1051 1021 1085 initio
1057 1051 1192 1085 saeculi
1218 1051 1331 1085 XVII.
1358 1051 1393 1085 in
1421 1052 1599 1094 *litteris,
1635 1053 1678 1086 de
1704 1053 1833 1097 quibus

64 1103 158 1138 infra
184 1116 217 1149 p.
237 1104 305 1138 662
331 1103 435 1148 plura
461 1103 634 1144 dicentur,
663 1104 705 1137 de
732 1103 866 1137 Ursula
892 1104 1055 1148 scripsit:
1088 1103 1310 1145 „Notandum
1337 1116 1432 1145 vero,
1459 1106 1551 1149 quod
1579 1117 1600 1139 a
1626 1105 1665 1140 P.
1690 1106 1833 1140 Canisio

65 1159 217 1192 vocatur
236 1157 438 1199 Comitissa,
467 1185 474 1191 .
495 1184 502 1191 .
522 1185 529 1191 .
557 1169 638 1191 cum
664 1159 807 1191 tantum
832 1157 942 1191 fuerit
959 1157 1162 1198 Baronissa‚
1188 1160 1228 1191 ut
1253 1157 1365 1203 ipsius
1383 1158 1480 1192 filius
1506 1158 1622 1193 adhuc
1648 1162 1832 1204 superstes

65 1210 239 1245 Dominus
265 1210 453 1256 Philippus
479 1210 667 1244 Eduardus
694 1212 879 1244 testatu1·.“

886 1328 1017 1369 269.

842 1411 1063 1448 1561—1584.

187 1492 325 1536 Sibylla
343 1493 521 1524 comitissa
539 1491 580 1524 de
597 1491 799 1534 Eberstein,
826 1491 947 1523 Marci
964 1491 1122 1534 Fuyyerl
1141 1501 1243 1534 uxor,
1270 1490 1410 1523 Canisii
1427 1491 1648 1523 contionibus
1667 1492 1836 1534 privatis-

67 1557 132 1591 que
157 1545 441 1579 institutionibus
465 1556 508 1578 ex
527 1545 818 1588 protestantismo
843 1544 891 1576 ad
907 1545 1009 1586 fidem
1036 1544 1244 1577 catholicam
1263 1544 1374 1586 plane
1399 1544 1594 1577 redae-itur.
1637 1545 1733 1585 Quae
1758 1556 1836 1578 cam

66 1601 217 1644 marito,
249 1600 456 1642 ‘oratiarum
492 1598 566 1631 Deo
602 1598 824 1642 ayemlarmn
855 1599 998 1641 ⁸qratia,
1034 1598 1129 1631 [lomi
1162 1598 1327 1630 sacellam
1362 1598 1614 1630 exstruendam
1648 1599 1688 1630 in
1721 1609 1836 1642 eoque,

70 1654 210 1687 Canisii
235 1653 392 1696 monitu,
427 1653 546 1685 lumen
572 1652 739 1685 alendam
765 1655 869 1694 atque
900 1652 939 1683 in
965 1652 1048 1684 aede
1075 1651 1112 1685 S.
1140 1651 1301 1684 Udalrici
1330 1651 1510 1683 sollemnes
1537 1652 1726 1694 quotannis
1754 1663 1837 1695 pre-

68 1708 221 1740 cationes
244 1706 430 1749 faciendas
456 1710 568 1739 curat.

187 1776 326 1822 Sibylla
360 1776 527 1820 Fuggera
564 1778 704 1821 patrem
739 1775 895 1810 habebat
929 1775 1160 1810 Guilielmum
1194 1774 1256 1808 IV.
1293 1774 1459 1808 comitem
1494 1774 1537 1808 de
1572 1774 1783 1816 Eberstein,
1819 1787 1837 1809 e

69 1829 221 1865 Suebiae
247 1829 386 1864 familia
412 1831 538 1875 postea
565 1830 765 1871 exstincta,
801 1829 861 1873 qui
887 1828 953 1863 sub
980 1840 1011 1863 a.
1041 1828 1131 1863 1556
1158 1827 1203 1862 ad
1228 1828 1561 1872 protestantismum
1587 1829 1839 1872 transgressus

68 1895 148 1919 esse
182 1883 327 1918 videtur
361 1882 397 1917 in
433 1883 628 1927 eodemque
667 1894 697 1917 a.
727 1882 818 1917 1562
860 1882 920 1924 (m.
948 1881 1058 1922 Iulio,
1096 1884 1137 1915 ut
1171 1880 1328 1924 videtur)
1367 1880 1457 1914 diem
1497 1892 1704 1925 supremum
1740 1882 1837 1916 obiit.

67 1938 202 1972 Ioanna
219 1938 339 1971 autem
357 1937 472 1970 mater
495 1936 571 1970 eius
599 1948 616 1970 e
643 1936 834 1970 comitibus
850 1934 1397 1978 hanovio-lichtenbergensibus
1418 1934 1835 1979 (Hanau-Lichtenberg)

68 1993 147 2025 orta
166 1993 254 2025 erat.
280 1989 517 2032 Felicitatem,
537 1989 697 2035 Sibyllae
715 2001 883 2030 sororem,
903 1988 1123 2023 abbatissam
1143 1987 1356 2022 catholicam
1374 1987 1516 2031 collegii
1536 1987 1725 2031 virginum,
1745 1989 1838 2032 quod

69 2045 238 2079 exstabat
262 2043 381 2078 Villae
408 2043 547 2078 Gerrici
577 2042 823 2086 (Gerresheim
850 2054 956 2088 prope
983 2040 1315 2086 Dusseldorpium)‚
1351 2040 1482 2082 fuisse,
1511 2040 1684 2086 Sibyllam
1711 2042 1838 2086 ipsam,

68 2110 100 2132 a.
130 2099 217 2133 1531
254 2100 397 2138 natam,
432 2097 503 2131 iam
539 2108 570 2131 a.
601 2097 690 2132 1536
718 2096 900 2139 virginum
928 2095 1078 2139 collegio
1105 2094 1325 2129 essendiensi
1354 2094 1499 2137 (Essen)
1536 2095 1731 2139 ascriptam
1759 2107 1838 2130 esse

68 2152 190 2186 ferunt
227 2151 316 2194 (Iac.
348 2151 453 2185 Wilh.
489 2151 678 2194 Imhofius‚
718 2150 855 2184 Notitia
891 2149 990 2184 Sacri
1026 2148 1176 2182 Romani
1212 2146 1416 2182 Germanici
1451 2147 1593 2192 Imperii
1632 2148 1837 2190 Procerum,

71 2205 125 2240 ed.
144 2205 200 2246 V.‚
227 2216 313 2239 cura
339 2206 389 2238 Io.
419 2206 508 2238 Dav.
527 2205 672 2238 Koeleri
698 2203 898 2248 [Tubingae
928 2201 1031 2247 1732]
1058 2214 1092 2247 p.
1116 2202 1195 2236 610.
1250 2202 1292 2235 G.
1312 2202 1358 2234 H.
1377 2201 1491 2245 Kriey
1516 2213 1581 2235 von
1607 2203 1836 2247 Hoclzfelolen,

72 2257 290 2293 Geschichte
325 2258 388 2292 der
418 2257 555 2292 Grafen
590 2269 661 2291 von
687 2256 876 2290 Eberstein
910 2256 946 2289 in
982 2255 1179 2289 Schwaben
1215 2253 1422 2298 [Carlsruhe
1450 2254 1554 2298 1836]
1590 2266 1623 2299 p.
1654 2255 1730 2289 144.
1759 2256 1837 2289 146.

74 2312 272 2346 154—155.
301 2310 398 2355 158).
450 2309 548 2352 Quae
574 2310 720 2344 ineunte
747 2322 778 2344 a.
808 2310 897 2344 1557
925 2310 1112 2352 Augustae
1144 2307 1267 2353 nupsit
1292 2308 1414 2341 Marco
1440 2307 1502 2342 III.
1529 2307 1694 2351 Fuggero
1729 2307 1837 2352 (1529

72 2364 117 2398 ad
155 2364 283 2407 1597),
319 2364 465 2398 Antonii
491 2363 516 2398 I.
543 2363 702 2407 Fuggeri
741 2363 816 2407 (qui
853 2361 1055 2407 Raymundi
1083 2361 1110 2396 I.
1145 2361 1258 2395 frater
1293 2361 1384 2403 erat)
1424 2361 1460 2394 et
1493 2360 1618 2394 Annae
1644 2360 1840 2405 Rehlinger

72 2417 163 2458 filio,
190 2419 310 2451 terrae
335 2417 630 2460 kirchbergensis
657 2416 818 2457 domino,
845 2416 906 2460 qui
932 2416 1121 2458 Augustae
1150 2414 1200 2457 (id
1227 2414 1321 2458 quod
1348 2425 1393 2447 ex
1419 2413 1557 2448 archivi
1584 2413 1840 2458 Fuggerorum‚

75 2470 167 2515 quod
195 2473 383 2514 Augustae
419 2472 559 2512 exstat,
587 2471 856 2504 *Illonamentis
892 2468 970 2513 [91‚
1010 2467 1041 2511 1]
1078 2466 1317 2511 intellegitur)
1346 2467 1489 2501 domum
1526 2466 1635 2511 (nunc
1666 2467 1842 2511 „Fugger-

72 2523 203 2567 haus“)
232 2523 388 2558 habebat
413 2523 449 2558 in
473 2523 550 2558 foro
576 2523 714 2557 vinario
737 2521 1045 2566 („Weinmarkt“)
1074 2521 1251 2564 huiusque
1276 2519 1376 2554 urbis
1393 2520 1548 2565 primum
1573 2522 1719 2555 senator
1746 2521 1843 2564 (inde

73 2577 118 2612 ab
144 2588 175 2611 a.
205 2577 314 2619 1561,
349 2578 391 2611 ut
414 2576 574 2620 videtur)
590 2605 597 2618 ‚
624 2577 750 2610 deinde
777 2575 975 2621 septemvir
1000 2586 1041 2609 ac
1067 2574 1211 2608 tandem
1238 2585 1269 2608 a.
1300 2573 1531 2608 1576—1585
1557 2573 1649 2622 alter
1675 2585 1693 2608 e
1720 2575 1843 2608 duum-

73 2631 163 2665 viris
190 2630 268 2664 sive
286 2629 512 2675 praetoribus
534 2629 836 2674 („Stadtpfleger“
854 2642 860 2669 ;
888 2628 933 2662 cf.
955 2629 1041 2662 Can.
1061 2627 1149 2672 Epp.
1168 2627 1222 2666 H„
1239 2626 1322 2670 570)
1352 2626 1421 2660 fuit
1441 2627 1546 2670 (Dav.
1566 2628 1845 2672 Lanqenmantel

75 2686 112 2718 et
137 2684 209 2717 Iac.
236 2684 419 2724 Brut-ker,
451 2682 610 2717 Historie
637 2683 699 2717 des
726 2682 936 2726 Regiments
963 2681 997 2715 in
1025 2681 1087 2715 des
1113 2680 1206 2714 Heil.
1232 2679 1333 2714 Rom.
1360 2679 1492 2714 Reichs
1518 2679 1623 2714 Stadt
1648 2682 1845 2726 Augspurg

76 2738 287 2781 [Augspurg
315 2735 420 2780 1734]
446 2736 540 2770 Anh.
571 2735 618 2780 1).
669 2736 768 2770 Idem
794 2734 1022 2769 consiliarius
1051 2745 1242 2768 caesareus
1268 2735 1411 2767 creatus
1437 2735 1511 2774 est,
1538 2733 1628 2768 libro
1659 2733 1757 2776 „Von
1783 2734 1846 2768 der

77 2789 314 2834 Gestiiterey“
344 2789 573 2823 Francofurti
599 2789 643 2823 ad
669 2789 834 2823 Moenum
863 2799 894 2822 a.
924 2787 1014 2822 1578
1041 2789 1077 2821 et
1102 2789 1227 2832 postea
1253 2787 1397 2831 saepius
1430 2787 1524 2820 edito
1553 2798 1629 2820 rem
1662 2787 1845 2831 equariam

76 2844 136 2877 via
163 2845 199 2877 et
223 2843 361 2877 ratione
386 2842 554 2884 tradidit,
590 2842 782 2886 Nicephori
810 2840 949 2875 Callisti
976 2840 1165 2874 historiam
1196 2839 1479 2874 ecclesiasticam
1505 2840 1709 2883 germanice
1735 2840 1846 2874 edidit

79 2896 306 2941 (Ingolstadii
346 2895 472 2939 1588),
507 2895 701 2929 Annalium
736 2894 1062 2929 ecclesiasticorum
1097 2893 1290 2928 cardinalis
1324 2893 1468 2927 Baronii
1504 2892 1654 2926 Tomum
1691 2893 1844 2938 primum

77 2949 283 2994 germanice
309 2948 421 2983 vertit
446 2951 514 2982 etc.
543 2948 676 2993 (Velm,
713 2947 937 2982 Bibliotheca
963 2948 1177 2991 Augustana
1201 2946 1288 2988 VII,
1325 2946 1476 2980 65-74.
1526 2947 1576 2980 M.
1604 2947 1742 2991 Jalms,
1780 2945 1846 2981 Ge-

77 3002 240 3038 schichte
267 3003 329 3037 der
354 3001 807 3045 Kriegswissenschaften‚
844 3002 875 3036 1.
901 3000 1009 3035 Abth.
1037 2999 1231 3045 [Miiuchen
1256 2999 1328 3033 und
1354 2998 1501 3044 Leipzig
1529 2998 1651 3043 1889]‚
1687 3012 1719 3044 p.
1748 2999 1846 3044 676).

78 3055 216 3102 Sibylla
243 3058 364 3090 autem
391 3067 421 3089 a.
448 3054 538 3089 1589
564 3057 716 3095 mortua,
743 3055 931 3098 Augustae
957 3054 993 3088 in
1019 3054 1107 3088 aede
1134 3052 1168 3087 S.
1188 3052 1347 3088 Udalrici
1373 3052 1517 3098 sepulta
1543 3055 1598 3087 est
1626 3053 1740 3096 (Veith
1765 3052 1788 3088 l.
1816 3064 1845 3087 c.

78 3111 314 3144 Pinacotheca
346 3111 414 3143 etc.
465 3108 579 3143 *Cod.
617 3109 853 3152 „Ordenliche
887 3106 1156 3151 beschreibun9“
1193 3109 1261 3141 etc.
1287 3118 1322 3151 p.
1349 3104 1566 3149 219—220).
1617 3105 1776 3151 Sibyllae
1812 3107 1848 3140 et

78 3163 232 3197 Ursulae
258 3163 504 3207 Fuggerarum
539 3161 715 3205 imagines
750 3173 796 3195 ex
830 3160 1007 3205 antiquis,
1043 3171 1135 3204 quae
1170 3160 1357 3203 Augustae
1392 3159 1428 3193 in
1463 3159 1610 3193 archivo
1644 3159 1845 3205 principum

79 3216 327 3261 Fuggerorum
352 3217 556 3257 servantur,
581 3214 800 3258 imaginibus
826 3225 1020 3259 expressas
1045 3213 1166 3259 posuit
1191 3213 1320 3247 Michel
1344 3213 1367 3247 l.
1395 3223 1423 3247 c.
1452 3224 1484 3258 p.
1512 3212 1592 3247 244.
1618 3213 1698 3248 245.
