2093 3444
214 177 299 218 302
739 171 818 206 631.
856 170 1021 206 Canisius
1048 169 1233 214 Alphonso
1260 168 1470 203 Salmeroni.

332 290 453 340 Quod
486 290 536 333 R.
565 289 659 331 Tua
692 288 916 343 scripserit
948 290 997 329 ut
1030 287 1218 340 Pragam
1252 286 1383 328 abeat
1413 285 1461 328 P.
1495 285 1655 328 vitoria
1687 285 1723 328 si
1756 299 1811 328 ex
1842 299 1889 328 re
1921 284 1988 327 sui

213 356 384 410 collegij
418 357 544 410 putet
575 355 669 397 fore
702 355 890 409 probant
922 356 1071 407 patres
1105 350 1343 394 consilium.

334 420 476 476 [Quod
509 420 564 463 ad
597 420 826 473 collegium
860 418 1171 472 enipontanum
1204 415 1363 459 attinet
1376 413 1407 470 ‚]
1451 416 1561 458 etsia
1593 418 1719 470 putet
1750 416 1801 458 R.
1837 415 1884 458 Τ.
1918 417 1989 458 sat

213 501 308 530 esse
326 485 522 541 promitti
543 486 670 528 modo
695 500 719 527 a
739 485 923 527 Caesare
941 485 1139 536 sumptus
1161 481 1205 523 in
1228 481 1593 524 sustentationem
1611 481 1767 535 viginti
1787 481 1988 532 fratrum,

212 553 281 595 hic
312 555 460 595 tamen
483 551 611 605 longe
645 550 772 593 aliter
794 549 990 591 sentiunt
1011 550 1161 603 patres
1179 548 1215 588 1:
1249 546 1390 600 magis
1413 546 1527 588 enim
1549 547 1794 589 consultum
1824 546 1902 588 eob
1927 543 1987 601 [P]

215 618 397 671 collegio
431 617 706 667 existimant,
751 615 786 656 si
828 616 997 656 firmam
1036 614 1378 667 perpetuamque
1420 611 1689 654 dotationem
1720 611 1903 662 habeat;
1947 613 1991 654 et

216 686 449 736 antequam
482 681 620 724 nostri
654 680 919 735 Enipontum
951 678 1203 721 mittantur:
1246 677 1310 719 ita
1343 676 1455 719 enim
1487 678 1563 720 fiet
1595 680 1643 720 ut
1674 677 1793 718 nulla
1825 676 1992 730 reliqua

215 749 273 791 sit
316 762 420 790 cura
461 747 505 789 in
546 748 742 790 futurum
785 745 837 787 de
878 744 1090 787 reditibus
1131 742 1353 797 perpetuis
1394 742 1593 797 petendis
1627 778 1635 786 .
1669 742 1804 784 vellet
1843 741 1991 794 itaque

215 815 263 857 P.
297 813 352 856 N.
386 812 598 863 vicarius,
642 814 690 854 ut
732 812 906 853 curaret
942 810 994 852 R.
1028 809 1074 851 T.
1110 808 1145 850 si
1186 807 1280 850 fieri
1320 807 1482 862 possit,
1524 810 1573 850 ut
1613 810 1715 850 ante
1757 807 1993 850 aduentum

216 882 466 922 nostrorum
500 877 729 931 collegium
763 877 909 918 firmos
942 874 1136 917 redditus
1169 874 1342 916 habeat.

337 945 456 986 Bene
497 943 601 986 fecit
633 943 684 985 R.
719 942 767 984 T.
803 940 972 994 quando
1017 938 1335 982 consultoribus
1367 938 1516 990 iussit,
1559 941 1608 981 ut
1649 937 1837 991 aliquem
1875 951 1993 980 com-

218 1011 393 1052 modum
416 1009 579 1051 socium
603 1008 769 1061 eligant
792 1006 863 1060 qui
882 1005 1079 1059 supecias
1098 1005 1147 1047 R.
1167 1004 1287 1046 Tuae
1310 1003 1419 1046 satis
1442 1017 1656 1058 superque
1679 1005 1911 1057 occupatoc
1931 1001 1992 1057 [Ρ]

218 1076 335 1119 ferat
370 1110 376 1118 .
411 1074 532 1116 Nihil
572 1075 803 1128 praeterea
844 1071 1057 1125 reliquum
1100 1072 1167 1113 est
1209 1069 1322 1123 quod
1361 1069 1600 1112 scribamus
1639 1103 1648 1112 .
1687 1070 1995 1123 praeterquam

221 1141 335 1195 quod
366 1141 434 1182 hic
468 1141 576 1182 bene
610 1152 758 1181 omnes
790 1137 998 1179 habemus
1031 1139 1075 1178 ct
1109 1134 1376 1178 orationibus
1415 1138 1458 1178 et
1491 1133 1713 1188 sacrificijs
1745 1134 1795 1177 R.
1829 1134 1877 1176 T.
1912 1135 1993 1176 etc,

221 1207 386 1249 Romae
423 1208 488 1248 10.
524 1203 761 1247 Calendasd
795 1201 1045 1244 Decembris
1082 1203 1207 1243 1561.

1047 1339 1169 1380 631.

963 1438 1260 1485 CANISIUS

674 1543 1070 1587 ALPHONSO
1106 1542 1553 1595 SALMERONI,

783 1625 918 1660 vicario
945 1624 1105 1669 generali
1133 1624 1324 1659 Societatis
1351 1624 1443 1658 Iesu.

656 1711 825 1758 Augusta
852 1710 1126 1747 Yimleh'corum
1154 1710 1210 1746 22.
1238 1709 1450 1746 Novembris
1477 1709 1562 1745 1561.

349 1796 403 1830 Ex
429 1795 635 1841 apographo
662 1795 796 1829 recenti
826 1795 909 1838 (A),
946 1795 1038 1838 quod
1075 1806 1119 1828 ex
1146 1794 1343 1839 archetypo
1370 1814 1414 1817 —
1442 1793 1606 1828 Canisius
1641 1804 1706 1827 sua
1737 1803 1846 1826 manu
1872 1803 2001 1826 nomen

230 1850 424 1893 („Seruus“
456 1848 540 1892 ete.)
568 1848 783 1893 subscripsit
809 1868 852 1873 ——
881 1848 914 1881 in
943 1848 1017 1882 cod.
1042 1848 1101 1890 „R
1122 1847 1158 1882 C.
1180 1849 1212 1882 1*
1244 1848 1268 1882 f.
1292 1848 1357 1882 143
1386 1848 1434 1891 (n.
1455 1846 1515 1890 98)
1544 1846 1659 1891 posito
1685 1846 1908 1891 exscriptum
1934 1847 2000 1880 est.

347 1902 479 1937 Exstat
505 1902 613 1936 etiam
649 1901 801 1936 alterum
838 1901 1083 1946 apographum
1114 1901 1195 1945 (B),
1232 1901 1325 1946 quod
1351 1901 1418 1935 sub
1454 1912 1484 1934 a.
1515 1900 1605 1935 1860
1632 1901 1780 1934 curante
1807 1900 1920 1934 Boero
1956 1911 2001 1933 ex

228 1957 351 1991 eodem
378 1956 593 2001 archetypo,
632 1955 824 2000 scriptione
861 1955 904 1989 ad
931 1958 1074 1989 nostrae
1102 1955 1233 1989 aetatis
1259 1966 1392 1988 moreni
1419 1953 1707 1995 accommodata,
1743 1952 1999 1998 transcriptum

227 2013 263 2045 et
289 2012 415 2055 postea
441 2021 522 2044 cum
549 2009 673 2043 eodem
700 2007 868 2043 collatum
898 2011 964 2043 est.

346 2089 400 2121 De
425 2088 566 2121 concilii
588 2087 742 2130 ‹phas-ini
767 2088 854 2119 actis
877 2087 1016 2129 yraecis
1035 2087 1183 2129 mysertz's
1209 2090 1238 2118 et
1258 2086 1401 2118 Alberto
1420 2085 1457 2118 Γ.
1477 2085 1562 2117 duce
1590 2088 1731 2127 ean-yeme
1756 2094 1778 2116 a
1799 2084 1836 2118 P.
1855 2083 2002 2116 Pektano

227 2143 335 2175 latine
371 2142 486 2174 versis.
538 2141 646 2184 Petit,
685 2144 720 2172 ut
752 2151 794 2173 ex
829 2140 1016 2173 eorundem
1055 2143 1212 2172 actm-nm
1250 2140 1406 2172 versione
1437 2138 1573 2181 latina,
1609 2148 1698 2180 quae
1732 2138 1772 2170 in
1797 2136 2002 2170 bibliotheca

229 2197 391 2228 vaticana
419 2198 543 2237 exstet,
574 2195 695 2238 aliqua
724 2194 983 2227 ascribantur.
1036 2193 1089 2226 De
1116 2193 1230 2226 Sociis
1252 2192 1434 2235 yermanis
1458 2193 1497 2224 in
1524 2191 1668 2224 Indiam
1693 2191 1871 2224 mittendis
1878 2202 1892 2232 ,·
1916 2201 2002 2223 num

227 2250 328 2282 etiam
358 2249 475 2281 minus
502 2248 630 2290 idonez}
657 2249 688 2280 si
715 2258 784 2280 rem
808 2250 967 2290 uryeant,
994 2247 1184 2279 mittendi?
1220 2247 1377 2279 Litteras
1404 2246 1542 2278 indicas
1567 2249 1597 2277 et
1624 2241 1883 2288 1μηέἱίαιέονενηα
1901 2243 2000 2287 petit.

227 2303 280 2336 De
307 2304 427 2335 iuvene
453 2302 588 2344 colle-«sii
610 2301 809 2343 yermcmirt'
836 2298 1073 2343 „conrictorffl
1099 2301 1236 2342 futuro.

1039 2388 1199 2431 Jhesus

481 2473 575 2514 Pax
608 2471 765 2514 Christi
798 2470 1020 2513 nobiscum
1055 2470 1285 2513 admodum
1317 2469 1572 2511 Reuerende
1603 2468 1749 2511 Pater.

347 2553 507 2596 Parum
538 2554 677 2596 habeo
711 2553 824 2607 quod
854 2553 1140 2608 respondeam
1173 2551 1310 2595 literis
1342 2553 1366 2594 8
1390 2549 1652 2594 Nouembris
1684 2549 1740 2592 ad
1772 2563 1841 2591 me
1874 2549 2001 2592 datis.

230 2620 281 2662 D.
306 2619 520 2661 Hermes2
551 2621 600 2661 ut
631 2618 797 2673 scripsi,
833 2633 945 2661 nunc
968 2618 1097 2672 redijt
1120 2618 1348 2668 Viennam,
1383 2619 1427 2659 et
1448 2630 1518 2659 res
1540 2615 1795 2658 Prouinciae
1826 2617 2003 2658 nostrae

229 2685 273 2726 in
306 2685 456 2726 eodem
489 2687 607 2727 statu
641 2686 886 2726 uersantur.
951 2684 1246 2738 Expectamus
1285 2684 1432 2725 autem
1464 2681 1511 2724 P.
1544 2680 1695 2736 Lanoij
1729 2680 1916 2722 reditum
1948 2693 2004 2722 ex

230 2750 432 2800 Austria,
481 2752 530 2792 ut
575 2749 627 2791 de
670 2748 930 2791 Viennensis
974 2748 1152 2803 Collegij
1198 2747 1442 2790 conditione
1490 2746 1651 2790 certius
1693 2745 2002 2799 intelligamus.

230 2814 462 2858 Jntellexit
495 2814 646 2869 opinor
667 2814 718 2857 R.
743 2814 790 2857 T.
826 2817 1024 2857 coactum
1056 2814 1103 2856 P.
1128 2813 1433 2856 Theodorum3
1471 2826 1497 2854 a
1528 2810 1727 2865 Principe
1759 2809 2004 2852 Bauariae4

352 2942 366 2956 a
393 2935 593 2970 consilium.
645 2934 724 2969 Etsi
750 2946 808 2979 ap.
860 2937 907 2968 At
933 2935 1056 2978 aliqua
1083 2946 1104 2967 a
1132 2934 1212 2967 libr.
1241 2933 1298 2966 hic
1323 2933 1451 2967 omissa
1478 2942 1558 2976 esse,
1582 2943 1640 2965 res
1664 2932 1742 2975 ipsa
1766 2932 1899 2965 suadet.

352 2989 368 3010 ¹>
397 2990 457 3023 Sic
482 3001 564 3033 (πλη
590 2993 626 3022 at
652 2989 833 3032 leyendzmz
858 2989 1017 3022 videtur:
1043 2987 1085 3021 ei.
1174 2993 1184 3008 ⁶
1212 2987 1271 3021 Sic
1297 2998 1379 3030 ap.;
1405 2986 1629 3031 occupatae?
1711 2984 1727 3004 ά
1753 2983 1920 3018 Calendis
1945 2995 2003 3027 ap.

360 3102 370 3121 ¹
397 3100 446 3134 At
470 3099 617 3134 Lainius
643 3110 725 3134 cum
752 3098 896 3134 Canisio
922 3097 1120 3138 sentiebat;
1147 3096 1230 3131 vide
1257 3107 1367 3142 supra
1392 3108 1425 3141 p.
1453 3096 1534 3131 300.

358 3153 371 3174 2
397 3153 649 3196 Winghenius.
749 3153 763 3173 ³
788 3151 990 3186 Peltanum.
1090 3151 1103 3171 4
1129 3149 1278 3184 Alberto
1305 3149 1348 3185 V.
