2093 3444
488 225 646 260 Monum.
674 226 908 270 (augustana)
937 226 1016 261 285.
1045 226 1224 268 (Exeunte
1251 237 1281 260 a.
1312 226 1429 269 1562.)
1757 226 1840 268 677

897 343 1027 386 285.

787 426 954 464 Exeunte
980 439 1012 464 a.
1040 427 1133 464 1562.

200 508 255 542 Ex
280 507 412 542 litteris
438 508 551 553 ipsius
577 510 747 543 Elderem‘
771 522 879 544 manu
904 510 1060 555 scriptis.
1113 510 1198 545 Cod.
1229 509 1289 552 ,Gn
1318 510 1381 555 Ep.
1410 509 1477 543 1V‘
1509 510 1532 543 f.
1562 508 1659 543 129³.

200 585 385 618 Sociorum
420 590 701 627 anyzcstanorum
734 598 902 620 numerus·
937 588 976 620 P.
1003 588 1146 621 Natalis
1181 598 1286 630 opera
1323 591 1458 620 anctus.
1510 587 1595 629 Spes
1629 585 1845 628 ampliorum

80 638 220 671 aedium
245 638 488 682 uberiorisque
514 640 658 673 reditus.

199 721 247 762 P.
274 720 523 762 Guilielmus
545 722 728 763 Elderen
754 724 796 764 S.
820 723 863 764 J.
898 724 940 764 in
975 723 1125 764 litteris
1157 721 1422 764 semeso-ibus
1457 722 1603 762 domus
1629 721 1845 762 Soeietatis

82 790 345 840 auffltstaozoe
376 785 520 840 (quam
546 787 593 828 P.
617 787 903 842 Hieronymus
925 788 1095 829 Natalis
1122 786 1416 839 „visitareraffl
1431 801 1447 839 ,·
1478 801 1513 828 v.
1538 800 1671 840 supra
1691 801 1733 840 1).
1759 787 1843 826 (574

81 851 140 891 (cd
162 851 281 902 070),
305 851 500 905 Auqnsta
522 853 561 893 2.
586 852 789 893 Ianuarii
811 854 926 895 1563
950 854 1076 903 datis,
1100 852 1267 894 scribit:
1293 852 1481 894 Auctam
1503 864 1615 892 nunc
1638 850 1845 892 habemus

79 914 302 966 familiam,
337 914 405 957 cui
437 916 622 958 accessit
644 916 902 959 Valentinus
934 917 1150 959 Bohemus
1182 917 1397 967 sacerdos,
1433 930 1529 958 cum
1562 915 1726 956 duobus
1749 914 1845 968 alijs

79 979 302 1023 fratribus.
367 980 435 1022 Sic
468 980 580 1022 enim
614 981 753 1023 uisum
787 985 875 1031 est,
915 985 959 1025 et
990 982 1227 1036 prudenter
1260 995 1363 1023 sane
1398 981 1456 1024 ,R
1490 980 1655 1034 Natalj,
1689 983 1737 1022 ut
1770 993 1846 1021 ex-

81 1045 210 1087 clusis
242 1045 338 1100 alijs
370 1060 574 1087 numerus
615 1046 801 1089 fratrum
842 1048 923 1089 1100
954 1047 1047 1089 1000
1086 1050 1318 1100 augeatur,
1360 1046 1488 1099 idque
1528 1045 1664 1087 multo
1706 1044 1846 1098 magis

80 1110 202 1152 breui
233 1110 326 1152 fore
359 1110 635 1162 confidimus,
679 1126 774 1154 cum
817 1112 947 1154 aedes
979 1112 1144 1154 uicinas
1176 1126 1336 1165 easque
1378 1111 1486 1153 satis
1524 1110 1692 1164 amplas
1725 1109 1846 1151 nobis

80 1175 316 1230 promissas
358 1176 682 1219 obtinuerimus.
747 1178 805 1220 Et
844 1177 1023 1219 inuenta
1060 1180 1127 1219 est
1168 1177 1303 1227 ratio,
1346 1179 1394 1219 ut
1435 1175 1725 1230 compluribus
1766 1174 1846 1216 1100

80 1241 173 1283 1000
206 1241 416 1284 fratribus
449 1241 615 1283 alendis
648 1244 885 1296 suppetant
916 1245 1126 1296 sumptus.

199 1335 379 1368 Hem-icus
406 1335 590 1368 Samere‘ns
616 1334 650 1369 S.
669 1335 701 1369 J.
733 1335 767 1368 111
794 1334 970 1369 *Litteris
996 1334 1319 1379 quadrimestribus
1345 1333 1487 1378 collegii
1512 1332 1747 1373 monacensis,
1773 1331 1846 1365 Mo-

80 1386 207 1421 nachio
236 1387 266 1422 1.
293 1387 449 1422 Ianuarii
477 1388 567 1422 1563
594 1388 708 1423 datis:
746 1388 872 1430 „Tres“
903 1400 948 1422 ex
973 1389 1116 1430 nostris,
1143 1388 1277 1432 inquit,
1309 1398 1480 1432 „quorum
1504 1397 1613 1431 opera
1638 1385 1848 1419 Reuerendo

81 1440 120 1474 P.
147 1442 269 1475 nostro
295 1440 507 1485 prouinciali
533 1441 724 1475 uidebatur
749 1442 784 1475 id
810 1442 982 1486 temporis
1007 1441 1222 1483 necessaria,
1249 1442 1452 1484 Augustam
1478 1442 1562 1473 sunt
1584 1438 1754 1483 profecti“
1788 1438 1849 1481 (ex

81 1493 288 1539 archetypo.
341 1493 423 1529 Cod.
455 1494 517 1537 „G.
545 1494 608 1540 Ep.
637 1494 706 1529 1V“
737 1495 761 1529 f.
791 1496 907 1539 112³).
958 1495 1010 1529 De
1037 1495 1076 1529 P.
1103 1494 1295 1529 Valentino
1320 1494 1418 1539 Voyt
1452 1493 1601 1528 bohemo
1631 1492 1714 1526 vide
1739 1503 1849 1536 supra

81 1559 114 1592 p.
141 1547 228 1589 3583
265 1559 284 1582 e
310 1547 457 1592 reliquis
492 1560 601 1582 unum
637 1560 790 1592 coquum
826 1548 938 1583 fuisse
974 1560 1017 1582 ex
1047 1548 1180 1582 Canisii
1215 1550 1252 1582 et
1276 1546 1444 1581 Eldereni
1477 1545 1660 1591 epistulis,
1697 1556 1787 1589 quae
1813 1544 1849 1578 in

80 1601 243 1646 proximo
261 1600 442 1635 volumine
467 1604 655 1646 ponentur,
682 1602 843 1636 conicere
860 1602 964 1643 licet;
990 1601 1082 1636 alt-er
1101 1600 1244 1635 Canisio
1263 1601 1451 1635 adiunctus
1478 1602 1533 1634 est
1557 1599 1719 1644 scriptor,
1746 1599 1848 1642 isque

81 1654 231 1689 Ioannes
257 1654 411 1688 Flander
436 1654 548 1689 fnisse
574 1655 736 1695 videtur;
766 1655 848 1689 vide
874 1666 983 1700 supra
1008 1667 1041 1700 p.
1069 1655 1149 1689 674.

200 1708 341 1753 Reapse
367 1708 473 1753 paulo
500 1710 581 1753 post
601 1708 713 1743 Sociis
740 1709 954 1752 augustanis
979 1708 1185 1742 cathedrale
1212 1707 1409 1753 capitulum
1434 1706 1626 1751 ampliores
1651 1705 1759 1740 aedes
1788 1704 1848 1747 (cf.

82 1773 190 1806 supra
208 1774 241 1806 p.
262 1761 341 1796 672.
361 1761 459 1806 673),
486 1762 571 1796 Otto
598 1761 791 1796 cardinalis
816 1761 1017 1796 uberiorem
1042 1761 1196 1796 reditum
1222 1761 1443 1801 tribuerunt;
1470 1759 1505 1793 id
1524 1759 1616 1804 quod
1634 1758 1671 1792 in
1689 1758 1850 1803 proximo

81 1815 262 1849 volumine
288 1815 506 1850 ostendetur.

202 1870 372 1912 Amic-ola
397 1869 539 1913 quidem
569 1868 607 1912 (1.
626 1880 655 1903 c.
676 1869 700 1909 Ι,
727 1868 811 1903 1)00.
831 1869 862 1909 3,
889 1880 921 1902 11.
941 1868 1002 1912 84)
1030 1867 1170 1908 asserity
1197 1866 1379 1901 Canisium
1406 1878 1437 1900 a.
1463 1866 1564 1906 1562,
1591 1877 1672 1900 cum
1699 1876 1744 1898 ex
1770 1876 1850 1899 con—

83 1921 163 1956 cilio
188 1921 382 1956 tridentino
408 1923 613 1965 Augustam
638 1922 810 1963 redisset,
844 1921 1095 1955 canonicorum
1121 1919 1380 1954 cathedralium
1407 1919 1543 1953 animos
1568 1918 1604 1952 in
1630 1930 1669 1952 se
1694 1929 1850 1962 suosque

83 1975 272 2010 alieniores
298 1977 486 2020 expertum
522 1987 621 2016 esse;
657 1986 773 2020 neque
807 1977 930 2009 tamen
956 1974 1015 2008 vel
1049 1974 1085 2008 in
1116 1974 1242 2008 domus
1268 1973 1302 2007 S.
1322 1974 1354 2007 J.
1382 1973 1606 2016 augustanae
1640 1971 1772 2005 litteris
1797 1982 1850 2005 se-

83 2028 278 2063 mestribus
295 2029 398 2062 modo
415 2028 634 2070 memoratis,
661 2029 720 2063 vel
738 2029 774 2062 in
793 2028 958 2073 epistulis
976 2027 1145 2062 Tridento
1163 2027 1257 2061 inter
1274 2038 1320 2060 m.
1339 2026 1545 2070 Augustum
1563 2027 1599 2059 et
1616 2024 1851 2059 Decembrem

85 2082 175 2116 1562
194 2081 310 2116 Lainii
335 2082 477 2116 nomine
503 2093 524 2116 a
542 2082 697 2116 Polanco
724 2082 767 2116 ad
787 2081 969 2116 Canisium
996 2080 1101 2122 datis,
1127 2080 1187 2114 vel
1204 2080 1240 2114 in
1266 2079 1379 2125 ipsius
1397 2078 1531 2114 Canisii
1554 2077 1719 2124 epistulis
1745 2077 1851 2112 huius

83 2135 171 2170 facti
196 2135 271 2169 ulla
296 2135 336 2169 fit
361 2135 504 2169 mentio.
556 2135 668 2169 Immo
695 2147 799 2176 vero,
835 2146 926 2179 quae
962 2134 1004 2168 de
1039 2133 1272 2179 amplioribus
1298 2132 1446 2167 aedibus
1472 2132 1644 2167 Societati
1670 2131 1850 2165 concessis

83 2189 187 2223 modo
226 2188 321 2222 dicta
358 2190 460 2230 sunt,
504 2189 721 2223 contrarium
760 2188 877 2233 potius
915 2188 1067 2233 probare
1104 2187 1293 2227 videntur;
1340 2197 1451 2230 quare
1488 2184 1715 2229 Agricolam,
1755 2184 1849 2218 sicut

83 2243 261 2277 famosum
287 2241 389 2276 illum
422 2241 672 2285 theologorum
698 2243 913 2276 conventum
949 2240 1224 2286 oenipontanum
1261 2241 1297 2274 et
1322 2239 1392 2273 alia
1422 2238 1604 2283 complura
1629 2249 1675 2272 ex
1701 2249 1731 2272 a.
1761 2237 1850 2272 1563

85 2307 271 2341 perperam
297 2295 333 2329 in
352 2307 383 2329 a.
405 2295 494 2330 1562
512 2295 700 2329 transtulit
719 2295 819 2338 (vide
837 2295 940 2336 infra,
967 2305 1122 2328 monum.
1142 2292 1239 2337 338),
1266 2293 1316 2327 ita
1333 2292 1369 2326 in
1396 2292 1463 2326 1130
1481 2303 1621 2336 quoque
1647 2302 1686 2325 re
1711 2302 1852 2325 errasse

85 2348 231 2383 dixeris.
281 2349 402 2392 Atque
437 2360 637 2394 anonymus
671 2348 815 2392 quidem
849 2348 910 2382 ille
945 2349 1071 2382 auctor
1104 2346 1186 2381 libri
1222 2343 1585 2391 ,‚Anti-Man90ldns“
1620 2343 1716 2387 (vide
1743 2355 1852 2388 supra

85 2414 117 2448 p.
137 2402 221 2445 671)
244 2402 270 2443 I,
296 2402 484 2436 296-302
502 2401 657 2447 copiosis
682 2401 825 2442 litteris,
851 2401 980 2446 quibus
999 2400 1196 2446 capitulum
1223 2401 1464 2443 augustanum
1482 2409 1562 2432 cum
1581 2396 1713 2432 Ottone
1739 2397 1852 2431 cardi—

84 2456 184 2496 nale,
221 2455 315 2500 quod
342 2454 506 2489 Canisius
532 2454 767 2500 parochorum
793 2455 871 2488 iura
896 2454 964 2488 sibi
995 2455 1156 2497 arroget,
1192 2452 1376 2498 pontificia
1401 2451 1593 2497 privilegia
1617 2452 1747 2494 urgeat
1773 2452 1851 2491 etc..

85 2509 318 2543 vehementer
343 2509 584 2553 conqueritur,
610 2520 742 2542 annum
762 2508 850 2542 1561
871 2507 1038 2547 ascribit;
1066 2509 1104 2541 at
1128 2517 1221 2541 anno
1242 2506 1332 2540 1564
1358 2505 1500 2540 litteras
1522 2504 1605 2539 illas
1631 2504 1735 2538 datas
1761 2515 1851 2543 esse,

86 2567 123 2597 et
148 2574 193 2596 ex
218 2561 436 2608 apographis
462 2573 585 2596 earum
603 2562 874 2606 antiquissimis,
900 2563 937 2595 et
962 2572 1008 2595 ex
1024 2560 1123 2605 ipsis,
1150 2571 1240 2604 quas
1264 2559 1458 2600 continent,
1484 2558 1601 2599 rebus,
1629 2560 1665 2592 et
1690 2569 1734 2592 ex
1761 2557 1853 2591 actis

86 2615 234 2661 capituli
260 2615 452 2659 augustani
471 2614 645 2655 efficitur;
673 2615 706 2649 id
734 2614 827 2659 quod
853 2614 1015 2659 proximo
1033 2613 1214 2648 volumine
1240 2612 1381 2658 planius
1408 2622 1594 2657 exponam.
1630 2611 1705 2645 Nec
1731 2612 1852 2645 tamen

86 2671 170 2703 tunc
197 2669 268 2703 iam
294 2668 428 2703 sensim
453 2670 707 2713 tempestatem
733 2667 832 2701 illam
858 2667 985 2701 cooriri
1011 2667 1170 2711 coepisse
1196 2665 1371 2709 negarim.

945 2783 992 2825 B.

300 2878 755 2922 MONUMENTA
788 2876 1308 2920 ELVANGENSIA
1341 2874 1637 2917 CANISII.

904 2976 1034 3018 286.

697 3061 768 3098 Sub
794 3060 943 3097 initium
968 3070 1015 3096 m.
1041 3059 1137 3096 Iunii
1162 3058 1248 3096 1561.

208 3147 263 3181 Ex
289 3145 495 3191 apographo
520 3144 654 3179 recenti
680 3143 786 3178 huius
812 3142 969 3183 indiculi,
995 3154 1041 3176 m.
1064 3143 1227 3185 Augusto
1254 3153 1285 3176 a.
1307 3141 1396 3176 1888
1423 3140 1608 3184 Stugartia
1635 3151 1680 3174 ex
1706 3139 1852 3174 archivo

89 3200 186 3245 regio
213 3200 257 3234 ad
283 3200 456 3234 editorem
481 3198 601 3232 misso.
