2093 3444
245 204 328 245 740
689 202 845 235 Monuni.
874 202 1099 247 (tridentina)
1130 203 1208 237 365.
1239 204 1287 245 (8.
1314 203 1404 237 Iunii
1434 204 1551 248 1562.)

241 320 343 359 tuae
375 317 607 370 singularis
639 317 816 371 pietatis
849 332 899 360 ac
931 318 1175 372 religionis,
1211 320 1292 361 nisi
1321 320 1410 374 jam
1443 321 1663 375 profectus
1696 326 1783 373 est,
1819 323 2003 373 efficere,

240 385 289 424 ut
320 382 456 436 primo
490 396 658 435 quoqne
698 385 893 437 tempore
924 384 1225 437 proficiscatur
1259 420 1266 427 .
1300 385 1534 429 maximam
1576 401 1628 430 ea
1667 387 1711 429 in
1742 402 1789 430 re
1820 388 1946 431 inibis
1979 403 2005 431 a

241 447 331 488 Deo
365 446 566 499 gratiam,
599 447 703 489 mihi
735 448 1032 501 gratissimum
1064 448 1211 500 facies,
1245 450 1384 492 socios
1402 451 1585 505 jesuitas
1606 467 1764 506 magno
1797 454 2004 506 quodam-

240 511 365 553 modo
397 511 603 554 beneficio
635 512 713 554 tibi
746 513 1006 563 devinxeris,
1040 514 1320 568 plurimorum
1343 516 1569 569 Augustae
1600 517 1818 560 hominum
1850 519 2004 562 salutis

240 590 371 618 causa
402 577 536 618 fueris
570 612 578 619 .
612 591 697 619 non
730 578 862 620 debeo
895 579 1089 632 pluribus
1126 582 1291 630 tecum,
1333 582 1591 634 praesertim
1623 582 1666 624 in
1699 597 1770 633 eo,
1813 584 1927 636 quod
1960 588 2004 627 et

239 642 292 683 ad
325 642 404 684 Dei
437 642 644 695 gloriam,
686 645 730 685 et
763 643 817 685 ad
849 644 1084 693 multarum
1118 644 1358 686 animarum
1390 646 1580 689 fructum
1611 648 1869 690 uberrimum
1904 663 2002 703 per-

237 707 349 749 tinet
383 742 391 750 .
425 707 580 761 Cupio,
622 710 667 750 te
708 708 817 750 bene
848 709 1069 750 valentem
1110 723 1227 760 esse3
1270 724 1396 763 quem
1429 712 1546 753 Deus
1587 713 1710 754 nobis
1752 713 1921 755 salvum
1959 717 2003 757 et

237 771 493 814 incolumem
525 776 684 815 servet.
748 773 912 815 Romae
945 809 954 817 .
988 774 1104 817 VIII.
1138 774 1193 817 id.
1224 775 1332 829 junii
1366 811 1374 818 .
1408 776 1465 819 M.
1500 778 1551 820 D.
1585 778 1715 821 LXII.

355 858 555 903 Epistulam
589 859 683 894 hanc
709 858 851 894 Ottonis
885 860 1055 894 mandatu
1091 861 1236 906 scripsit
1271 861 1383 896 Iulius
1418 862 1479 897 ille
1509 863 1709 907 Pogianus;
1746 864 1788 898 de
1823 875 1892 908 quo
1918 864 2001 899 vide

236 921 344 956 supra
370 924 403 956 p.
432 912 511 946 728.

1051 992 1182 1034 365.

977 1081 1009 1117 8.
1036 1080 1131 1117 Iunii
1158 1080 1251 1118 1562.

352 1169 407 1203 Ex
433 1169 640 1214 archetypo,
667 1170 760 1214 quod
788 1171 843 1204 est
868 1170 1048 1205 Monachii
1074 1171 1109 1205 in
1136 1171 1282 1205 archivo
1308 1171 1411 1215 regni
1436 1171 1616 1214 bavarici,
1647 1173 1722 1207 cod.
1754 1173 1865 1215 „Acta
1891 1173 1997 1208 Cone.

233 1221 390 1257 Trident.
418 1223 515 1257 Tom.
542 1223 595 1257 ΙΓι
626 1223 649 1257 f.
678 1224 828 1258 56—59.

355 1301 523 1334 Canisins
546 1306 585 1334 ut
611 1301 786 1344 theologus
805 1302 1013 1344 pontificius
1038 1303 1079 1335 de
1105 1304 1346 1335 communione
1379 1303 1442 1335 snb
1478 1306 1629 1346 utraque
1653 1305 1762 1346 specie
1788 1308 1818 1337 et
1843 1305 1884 1338 de
1910 1316 1996 1338 eom-

233 1355 399 1387 munione
420 1355 657 1398 parvulormn
682 1357 887 1387 sententiam
917 1356 1014 1388 dicet.

351 1438 607 1480 Franciscus
640 1439 788 1480 Maria
821 1438 1145 1480 Piccolomineus
1176 1438 1494 1490 (Piccolomiui;
1536 1440 1586 1480 (le
1627 1454 1705 1494 quo
1738 1440 1832 1481 vide
1862 1454 1994 1495 supra

227 1517 270 1557 l).
299 1503 415 1557 7⁴27),
447 1505 659 1558 episcopus
681 1504 1033 1557 montalez‘nensis,
1066 1504 1263 1546 Tridento
1287 1506 1325 1548 Β.
1349 1505 1467 1546 Iunii
1490 1506 1604 1546 1562
1627 1505 1685 1546 ad
1706 1505 1925 1547 Albertum
1948 1507 1992 1549 V.

230 1568 447 1610 Bac-ariae
471 1569 615 1610 ducem
638 1569 689 1609 de
709 1574 881 1623 patrum
902 1571 1066 1611 concilii
1087 1570 1425 1624 „conyivyatione
1444 1568 1657 1624 {seneralffl
1686 1575 1724 1612 (i.
1743 1571 1862 1612 Iunii
1880 1573 1994 1612 1562

229 1633 372 1675 habita
405 1635 526 1686 haec,
562 1639 736 1688 praeter
775 1636 883 1689 alia,
926 1636 1119 1690 scripsit:
1157 1633 1444 1677 Illustrissimi
1484 1634 1639 1687 Legati
1680 1638 1997 1689 proposuerunt

229 1698 414 1751 quinque
447 1699 667 1750 articulos,
702 1699 774 1752 qui
806 1699 977 1752 quidem
1000 1714 1026 1741 a
1048 1699 1250 1742 Patribus
1272 1699 1445 1754 probati
1467 1699 1654 1750 fuerunt,
1689 1700 1995 1754 decretumque

228 1765 296 1805 est
327 1766 375 1806 ut
407 1778 536 1818 super
567 1763 633 1805 his
655 1764 839 1818 primum
862 1764 1083 1818 Theologi,
1118 1764 1271 1807 deinde
1302 1764 1383 1819 ipsi
1406 1765 1560 1807 Patres
1583 1764 1729 1807 dicant
1755 1766 1995 1808 sententias

227 1842 350 1879 suas3
395 1829 547 1882 quibus
590 1828 737 1880 dictis,
785 1829 1036 1872 conficiatur
1077 1830 1300 1872 decretum
1345 1844 1473 1884 super
1514 1829 1666 1884 ijsdem
1711 1830 1754 1872 in
1795 1831 1993 1885 proxima

226 1893 418 1935 sessione
450 1894 754 1948 publicandum
789 1930 796 1937 .
831 1894 1020 1944 Quorum
1062 1895 1343 1937 articulorum
1384 1896 1608 1949 exemplar
1640 1895 1766 1938 mitto
1800 1910 1895 1937 cum
1926 1896 1993 1938 his

225 1958 384 2001 litteris
406 1958 558 2013 Ampl:
592 1960 764 2001 Tuae¹z
801 1995 808 2002 .
836 1995 844 2002 .
869 1995 878 2002 .
911 1960 1045 2002 Pater
1066 1960 1275 2002 Alfonsus
1304 1960 1594 2011 Salmeronus,
1629 1960 1825 2002 dominus
1856 1961 1993 2003 Fran-

226 2023 364 2066 ciscus
395 2024 566 2075 Torres,
600 2025 755 2067 Frater
786 2026 943 2068 Petrus
976 2025 1028 2067 de
1063 2025 1179 2074 Soto,
1216 2028 1260 2067 et
1292 2028 1417 2080 pater
1449 2026 1606 2068 Petrus
1639 2025 1833 2068 Canisius
1866 2030 1993 2070 erunt

224 2088 363 2142 primi,
397 2091 606 2142 tanquam
638 2090 830 2143 theologi
861 2090 1083 2145 pontificij,
1120 2090 1191 2144 qui
1223 2090 1367 2133 dicent
1400 2090 1640 2133 sententias
1672 2105 1786 2141 suas,
1821 2105 1903 2144 quo
1937 2092 1992 2134 ad

224 2154 430 2197 articulos
462 2155 708 2209 propositos
742 2190 750 2198 .
784 2156 890 2198 Post
922 2170 995 2198 eos
1027 2156 1259 2209 loquentur
1289 2156 1481 2210 theologi
1513 2155 1660 2210 Regij,
1702 2156 1855 2198 deinde
1886 2157 1992 2211 Epi-

223 2233 463 2274 scoporum,
498 2222 541 2261 et
572 2221 781 2274 postremi
813 2223 939 2263 erunt
971 2221 1180 2275 Theologi
1211 2220 1498 2274 Religionum.

341 2311 545 2347 Notandum
572 2315 645 2355 est,
680 2313 871 2358 postremis
897 2313 996 2348 hisce
1022 2313 1275 2348 Piccolominei
1301 2314 1422 2348 verbis
1458 2314 1618 2348 ordinem
1652 2314 1796 2359 quidem
1822 2315 1989 2359 loquendi

223 2363 384 2399 exhiberi
409 2365 520 2407 illum,
547 2366 608 2410 qui
633 2368 719 2401 tunc
744 2367 780 2401 in
805 2367 1053 2411 theologorum
1084 2367 1298 2410 „minorum“
1329 2367 1668 2411 congregationibus
1692 2368 1898 2402 tridentinis
1927 2368 1988 2412 (cf.

222 2428 331 2462 supra
356 2430 388 2463 p.
407 2420 512 2462 443⁴)
542 2420 617 2454 fere
643 2420 829 2455 observari
855 2424 1111 2461 consueverat;
1139 2420 1173 2454 id
1200 2421 1294 2464 quod
1320 2433 1364 2455 ex
1383 2421 1586 2455 Massarelli
1611 2422 1647 2455 et
1667 2421 1822 2455 Paleotti
1847 2421 1988 2456 relatio-

221 2470 326 2505 nibus
352 2472 573 2516 intellegitur
601 2473 639 2516 (l.
667 2485 696 2508 c.
724 2474 749 2515 1,
777 2475 816 2513 9:
844 2474 893 2514 II,
921 2474 1031 2517 562);
1065 2473 1135 2507 nisi
1161 2474 1254 2518 quod
1279 2474 1374 2508 idem
1400 2474 1636 2508 Massarellus
1662 2474 1780 2515 addit,
1815 2475 1988 2520 temporis

222 2535 372 2568 quoque,
399 2537 468 2569 quo
494 2526 645 2570 quisque
673 2527 717 2561 ad
743 2527 899 2561 doctoris
925 2527 984 2560 vel
1010 2527 1176 2570 magistri
1201 2527 1353 2571 gradum
1378 2530 1562 2572 promotus
1588 2529 1695 2569 esset,
1722 2527 1882 2562 habitam
1909 2539 1988 2562 esse

220 2577 405 2612 rationem.
457 2578 623 2613 Ceterum
660 2580 702 2614 de
728 2580 816 2625 ipsis
844 2580 1183 2624 congregationibus
1209 2581 1229 2614 5
1256 2580 1397 2614 illorum
1433 2581 1663 2615 articulorum
1690 2581 1986 2615 excutiendorum

222 2631 338 2674 gratia
356 2643 377 2665 a
397 2631 450 2666 10.
470 2632 514 2666 ad
533 2633 587 2667 23.
606 2633 699 2667 Iunii
725 2634 858 2668 habitis
876 2634 1118 2667 Palavicinus
1140 2634 1284 2668 scribit:
1315 2634 1456 2676 „Dietro
1482 2634 1517 2668 al
1543 2634 1748 2668 Salmerone
1774 2635 1987 2679 spiegarono

221 2683 273 2717 lor
298 2695 403 2718 senso
430 2685 479 2728 gli
506 2685 588 2719 altri
612 2686 745 2730 teologi
763 2687 924 2721 mandati
951 2686 1009 2721 dal
1034 2698 1137 2731 papa,
1165 2686 1246 2721 dall'
1264 2686 1499 2731 imperadore,
1526 2686 1579 2721 da’
1598 2699 1646 2729 re,
1673 2699 1692 2721 o
1718 2687 1754 2721 in
1781 2687 1986 2732 qualunque

221 2736 379 2771 maniera
405 2738 589 2772 assistenti
625 2739 660 2773 al
686 2734 855 2780 concilio,
890 2751 960 2774 non
986 2739 1195 2774 serbandosi
1229 2742 1313 2784 pero
1339 2740 1422 2774 nell⁷
1441 2740 1562 2774 ordine
1597 2752 1667 2774 una
1697 2740 1854 2785 perfetta
1879 2740 1985 2774 corri-

222 2790 423 2833 spondenza
449 2791 520 2825 alla
546 2792 702 2835 dignita“
736 2792 774 2836 (1.
795 2793 849 2834 17,
876 2804 906 2826 c.
926 2793 958 2833 6,
984 2804 1017 2826 n.
1038 2792 1087 2836 5).
1121 2792 1161 2826 Id
1188 2793 1280 2837 quod
1308 2793 1399 2827 actis
1425 2805 1445 2827 a
1465 2793 1676 2827 Massarello
1703 2793 1844 2827 concilii
1869 2805 1984 2828 secre-

221 2843 310 2876 tario
346 2844 559 2889 conscriptis
593 2845 843 2886 confirmatur;
878 2857 961 2879 nam
996 2858 1025 2880 e.
1052 2858 1086 2889 g.
1123 2848 1205 2880 ante
1241 2846 1470 2881 Franciscum
1505 2847 1633 2881 Torres
1666 2846 1911 2891 (Turrianum)
1949 2849 1984 2881 et

221 2894 367 2929 Petrum
403 2897 445 2930 de
480 2897 563 2932 Soto
589 2897 631 2932 O.
657 2899 716 2933 Pr.
753 2899 999 2933 Ferdinandus
1034 2899 1076 2933 de
1112 2898 1315 2940 Bellosillo,
1351 2911 1372 2933 a
1406 2899 1571 2945 Philippo
1597 2900 1641 2934 II.
1668 2899 1864 2945 Hispaniae
1898 2911 1984 2943 rege

220 2948 370 2990 missus,
415 2952 523 2994 atque
558 2951 730 2996 Aloysius
766 2951 1001 2996 (Ludovicus)
1040 2952 1239 2986 Sotomaior
1269 2952 1310 2987 O.
1347 2952 1405 2987 Pr.
1441 2955 1477 2987 et
1510 2952 1685 2987 Melchior
1720 2952 1926 2995 Cornelius,
1962 2964 1982 2987 a

342 3072 352 3091 ¹
380 3071 663 3107 Piccolomineus
689 3073 860 3108 articulos
878 3073 995 3115 hosce,
1023 3073 1081 3117 qui
1102 3073 1144 3107 de
1163 3073 1409 3108 communione
1427 3074 1493 3108 sub
1510 3076 1662 3118 utraque
1681 3073 1799 3119 specie
1816 3073 1981 3108 facienda

222 3124 258 3155 et
283 3123 325 3156 de
352 3125 600 3159 communione
626 3125 857 3170 parvulorum
885 3128 996 3168 erant,
1023 3126 1059 3160 iu
1085 3126 1169 3160 folio
1195 3129 1362 3171 separato
1389 3127 1541 3172 scriptos
1566 3127 1622 3161 his
1649 3126 1780 3161 litteris
1805 3126 1979 3160 adiunxit.

220 3174 402 3210 Articulos
428 3177 509 3211 vide
535 3189 643 3222 supra
669 3190 702 3223 p.
728 3179 927 3213 463—464.
