2093 3444
259 192 345 232 340
782 188 860 223 649.
898 188 1105 233 Alphonsus
1132 187 1314 222 Salmeron
1342 188 1496 222 Canisio.

255 307 375 341 virum
403 306 546 340 doctum
582 307 618 339 et
645 305 735 339 citra
762 305 1020 339 dubitationem
1052 304 1163 338 ullam
1191 304 1406 339 catholicum
1439 316 1518 339 esse
1545 305 1682 340 iudico“
1715 306 1916 348 (Steiuherz
1950 307 1973 340 1.
2000 320 2029 341 c.

257 373 289 406 p.
322 360 391 403 12).
442 360 562 403 Atque
589 360 767 393 Hem-icus
793 360 1010 402 Pantaleon,
1046 358 1206 392 medicus
1243 358 1453 393 basileensis
1484 359 1587 403 isque
1619 361 1842 403 protestans,
1879 372 1910 395 a.
1939 360 2035 403 1566

256 413 376 458 palam
412 414 568 447 testatus
604 414 674 453 est,
712 423 792 445 eum
825 411 1018 454 „singulari
1046 411 1282 445 dexte1·itate“
1313 411 1430 445 officio
1457 411 1559 456 fungi
1585 414 1620 446 et
1651 412 1714 455 „ab
1740 413 1904 447 omnibus
1929 413 2030 448 bonis

257 466 300 500 ob
327 465 460 500 inultas
487 465 595 499 animi
622 466 776 499 uirtutes
804 464 992 508 agnosci“:
1021 464 1355 509 Prosopographiae
1382 464 1540 499 Heroum
1567 464 1781 500 Germaniae
1807 465 1897 500 Pars
1922 466 2031 500 tertia

262 519 442 564 (Basileae
472 518 589 561 1566),
617 530 649 563 p.
677 518 758 552 460.

375 572 431 606 Ex
467 571 622 617 epistula
657 571 743 612 hac,
781 570 980 615 Oeniponte
1015 572 1219 614 Augustam
1256 571 1299 604 ad
1332 570 1516 605 Canisium
1552 573 1660 616 atque
1695 572 1738 606 ab
1774 572 1859 613 hoc,
1898 573 2028 617 partim

255 626 397 667 saltem,
425 626 469 660 ad
496 625 798 669 ingolstadienses
817 624 939 658 Socios
965 625 1016 658 ita
1034 624 1155 665 missa,
1181 626 1221 658 ut
1247 624 1291 658 ab
1309 624 1366 658 his
1393 625 1424 659 3.
1443 624 1601 659 Ianuarii
1621 625 1711 659 1562
1736 624 1869 660 litteris
1888 626 2028 670 quadri-

254 680 449 714 mestribus
475 679 585 713 inseri
612 680 745 723 posset,
772 677 862 712 satis
889 679 985 711 certe
1013 677 1133 721 colligi
1159 689 1263 722 posse
1282 677 1435 718 videtur,
1463 680 1505 712 F.
1524 678 1554 712 I.
1573 679 1763 723 Lipowsky
1787 678 1906 713 minus
1931 681 2029 714 recte

256 732 457 773 affirmare,
495 732 534 767 P.
562 732 750 776 Halbpaur
777 731 975 776 Oeniponte
1011 731 1066 764 die
1102 731 1195 765 festo
1231 730 1444 765 Nativitatis
1472 731 1603 765 Christi
1640 731 1794 776 primum
1828 744 2028 767 sermonem

255 797 397 820 sacrum
424 785 594 820 habuisse
616 784 850 826 (Geschiehte
877 785 939 818 der
958 784 1121 819 Jesuiten
1147 784 1181 818 in
1201 784 1310 829 Tyro]
1338 784 1532 829 [Miinchen
1561 784 1664 829 1822]
1692 797 1724 830 p.
1747 784 1818 829 13).
1858 787 2028 830 Ayricola

256 851 335 873 eum
367 840 452 881 „sub
479 839 589 873 ferias
609 838 743 873 Christi
761 838 956 872 Natalitias
984 838 1184 872 concionari
1211 838 1390 882 coepisse“
1413 838 1560 883 scripsit
1588 838 1626 881 (1.
1646 850 1674 872 c.
1694 838 1719 873 Ι.
1738 838 1822 873 Dec.
1842 840 1872 880 3,
1899 851 1932 873 n.
1951 839 2027 881 46),

254 904 341 927 usus
376 891 531 927 fortasse
558 893 751 926 *Historia
788 892 850 926 illa
886 891 1029 935 collegii
1065 891 1311 936 oenipontani‚
1351 891 1386 925 in
1421 902 1491 935 qua
1527 903 1608 925 eum
1644 892 1710 926 sub
1745 892 1779 926 id
1814 893 1956 937 tempus
1991 893 2026 926 in

254 946 452 992 parochiali
480 946 634 980 ecclesia
672 946 842 989 (fortasse
869 947 974 979 antea
1002 957 1046 978 ex
1073 944 1152 979 aliis
1188 945 1421 988 suggestibus
1448 944 1605 988 dixerat)
1644 945 1840 980 contionari
1867 945 2028 990 coepisse

254 1002 422 1034 narratur
451 999 550 1043 (Cod.
582 999 695 1042 „Hist.
732 999 811 1033 coll.
840 998 946 1032 Oen.“
988 1010 1020 1043 p.
1049 998 1097 1041 2).
1150 997 1385 1043 Oenipontem
1422 1000 1516 1032 certe
1551 998 1684 1033 missus
1719 1000 1814 1041 erat,
1851 1001 1890 1033 ut
1924 1010 2026 1034 sacro

256 1053 445 1087 Adventus
472 1055 632 1097 tempore
660 1052 855 1087 contionari
882 1052 1073 1096 inciperet:
1101 1052 1183 1085 vide
1209 1063 1316 1096 supra
1343 1063 1376 1096 p.
1404 1051 1602 1086 311—312.

374 1106 575 1151 Epistulam
609 1106 700 1140 hanc
727 1106 881 1140 fortasse
908 1105 946 1139 P.
979 1107 1190 1139 (wilielmus
1216 1106 1367 1139 Elderen
1397 1105 1430 1139 S.
1459 1105 1490 1139 J.
1517 1105 1717 1148 significat,
1752 1117 1832 1139 cum
1860 1106 2026 1149 Augusta

256 1160 308 1194 13.
337 1160 494 1194 Ianuarii
523 1160 613 1195 1562
641 1159 742 1194 Socio
769 1159 875 1193 alicui
903 1158 1096 1193 coloniensi
1123 1158 1294 1193 *scribit:
1323 1158 1522 1203 Oeniponte
1554 1159 1621 1201 τ,Μ.
1650 1159 1855 1193 Hermetem
1884 1186 1918 1193 ..
1946 1170 2024 1193 con-

254 1214 473 1248 cionatorem
501 1241 536 1248 ..
563 1214 721 1247 maxima
757 1224 835 1247 eum
872 1212 976 1246 laude
1011 1225 1074 1247 suo
1102 1212 1313 1246 satisfacere
1340 1213 1477 1246 muneri
1513 1212 1707 1246 multorum
1743 1215 1779 1247 et
1805 1212 2022 1256 Reginarum

254 1268 495 1302 consolatione
523 1267 659 1310 ingenti
687 1267 870 1300 audimus“
903 1266 963 1309 (ex
991 1266 1165 1311 epistulae
1193 1266 1418 1310 apographo,
1451 1277 1471 1300 a
1498 1265 1536 1300 P.
1565 1268 1756 1300 Leonardo
1782 1267 1902 1300 Kessel
1927 1266 1959 1301 S.
1990 1266 2022 1301 J.

254 1321 420 1356 Coloniae
447 1321 592 1365 scripto.
646 1320 727 1354 Cod.
756 1320 867 1354 colon.
899 1320 1043 1361 „Kess.“
1074 1319 1109 1353 in
1136 1332 1167 1353 a.
1198 1320 1285 1353 1562
1313 1320 1336 1353 f.
1367 1319 1524 1362 lb-—2³²).

1073 1439 1203 1481 649.

694 1530 1132 1573 ALl‘HoNSrS
1168 1530 1580 1582 SALMERON,

789 1613 945 1647 vicarius
972 1612 1152 1655 generalis
1179 1612 1370 1646 Societatis
1396 1612 1488 1653 Iesu,

997 1696 1269 1744 OANJSIO.

869 1798 979 1834 Roma
1007 1798 1059 1834 27.
1087 1797 1296 1834 Decembris
1324 1797 1408 1833 1561.

371 1883 425 1917 Ex
461 1882 667 1927 apographo
703 1882 861 1917 eiusdem
896 1882 1087 1927 temporis;
1127 1881 1161 1915 in
1198 1881 1359 1924 margine
1396 1881 1519 1914 eadem
1557 1892 1664 1914 manu
1699 1880 1908 1916 adnotatum
1942 1883 2020 1916 est:

256 1936 391 1979 „Padre
420 1936 592 1971 Canisi0.“
640 1936 722 1970 Cod.
751 1935 876 1978 „Italia
906 1935 1128 1970 1560.1561.
1153 1934 1260 1968 156&
1292 1935 1315 1968 f.
1343 1934 1438 1968 271³.
1490 1934 1658 1967 Eiusdem
1686 1934 1862 1979 epistulae
1888 1935 2020 1969 mentio

251 1990 402 2024 habetur
437 1990 471 2023 in
505 1990 579 2023 cod.
612 1988 750 2032 „Germ
782 1990 890 2023 1:361*
930 1991 953 2023 f.
982 1989 1068 2023 34¹³:
1111 1988 1209 2030 „Vna
1235 1987 1364 2022 lettera
1391 1987 1448 2033 pel
1475 1987 1585 2032 padre
1612 1987 1753 2022 Canisio
1780 1987 1863 2022 delli
1891 1988 1957 2022 .27.
1985 1988 2019 2023 di

251 2043 447 2077 Decembre
475 2042 594 2087 [1561]
622 2042 764 2087 laquale
792 2042 964 2077 comincia
990 2070 995 2076 .
1023 2041 1154 2075 Mando
1181 2043 1201 2075 a
1219 2040 1261 2075 V.
1289 2040 1505 2075 Reuerentia
1531 2042 1625 2075 sette
1651 2041 1798 2086 capituli
1826 2069 1832 2076 .
1860 2042 1889 2076 si
1916 2043 2019 2076 troua

250 2097 307 2131 nel
334 2096 424 2131 libro
452 2096 485 2130 di
513 2096 645 2131 Jtalia²
673 2098 740 2130 etc.

373 2169 563 2211 Complura
591 2169 708 2210 capita
735 2171 893 2201 actorum
931 2168 1072 2200 com-ilie·
1098 2166 1253 2208 ‹phos-im:
1288 2178 1331 2199 ex
1356 2166 1471 2199 codice
1504 2167 1666 2199 vaticano
1700 2167 1877 2209 exscripta
1902 2168 2019 2211 mittit,

251 2233 340 2265 quae
365 2233 387 2254 (ι
414 2222 452 2255 Ρ.
481 2222 626 2255 Peltano
655 2223 691 2254 in
717 2222 831 2254 eodem
860 2221 1006 2253 concilio
1033 2221 1143 2253 latine
1171 2220 1332 2253 vertendo
1358 2224 1387 2252 el
1413 2220 1606 2262 evzdyando
1633 2220 1880 2253 adhibeantur.
1927 2221 2019 2262 Quid

250 2276 291 2308 de
316 2275 508 2318 Nicephori
533 2276 581 2308 ad
606 2275 757 2308 Leonem
779 2286 910 2317 papam
939 2274 1086 2316 (vistula
1114 2274 1238 2306 eisdem
1266 2274 1354 2306 actis
1379 2273 1503 2305 addita
1528 2274 1665 2306 sentiat.
1707 2273 1827 2306 Soc1'08
1851 2284 2020 2307 romanos

250 2333 327 2361 acta
364 2329 505 2361 com-ilii
540 2329 750 2362 oecumenici
776 2328 875 2361 VIII.
903 2332 931 2360 et
956 2327 1084 2370 synodi
1110 2327 1266 2359 Martini
1292 2327 1319 2360 1.
1329 2353 1338 2369 ‚
1375 2327 1530 2360 nondum
1566 2337 1714 2370 excusa,
1749 2327 2020 2360 transcribenda

251 2393 380 2415 curare
405 2387 435 2415 et
459 2383 611 2424 fortasse
636 2383 675 2413 ‘in
704 2382 934 2414 Germaniam
961 2381 1131 2413 missuros
1157 2390 1236 2413 esse.

369 2463 527 2506 Mando
560 2463 645 2504 alla
668 2461 932 2504 Reuerentia
954 2461 1005 2504 V.
1041 2464 1154 2504 sette
1187 2460 1365 2515 capituli
1398 2460 1439 2501 di
1473 2460 1616 2513 quella
1638 2459 1788 2501 sinodo
1813 2462 1861 2502 3²}
1883 2461 2016 2515 Ephi-

250 2528 344 2571 sina
376 2528 454 2571 che
486 2528 757 2570 domandaua
779 2527 809 2568 il
831 2527 970 2569 Padre
993 2526 1232 2577 Theodoro,
1267 2525 1419 2579 cinque
1442 2524 1542 2567 delli
1575 2524 1691 2578 quali
1723 2539 1827 2567 sono
1861 2525 1902 2567 di
1935 2526 2017 2568 due

250 2594 398 2643 stelle;
442 2596 486 2636 et
527 2593 609 2634 due
642 2593 680 2634 d’
705 2606 791 2634 una
832 2592 960 2635 stella
1002 2605 1120 2634 come
1161 2593 1217 2632 ua
1260 2591 1476 2645 signalato
1493 2591 1521 2632 1.
1585 2590 1655 2631 Ali
1697 2590 1738 2631 di
1775 2590 1940 2644 passati
1974 2591 2016 2632 ui

250 2659 423 2701 mandai
458 2660 510 2701 .3.
546 2657 723 2712 capituli
765 2657 805 2699 di
846 2660 914 2699 tre
946 2657 1075 2700 stelli.
1139 2656 1180 2698 ,ΙΙ
1215 2658 1261 2698 4?
1294 2656 1483 2710 capitulo
1526 2655 1626 2696 delli
1661 2656 1713 2697 .3.
1747 2655 1895 2705 stelle;
1939 2656 2015 2698 che

371 2780 609 2814 Reverentiae
636 2781 782 2814 vestrae
807 2779 936 2813 tertiae
963 2779 1059 2813 illius
1084 2777 1211 2824 synodi
1238 2777 1431 2823 ephesinae
1457 2779 1595 2822 septem
1620 2777 1725 2811 mitto
1751 2776 1888 2822 capita,
1925 2788 2017 2821 quae

250 2836 353 2879 pater
378 2833 586 2868 Theodorus
620 2833 742 2878 petiit;
780 2844 798 2866 e
834 2832 962 2876 quibus
999 2832 1155 2876 quinque
1181 2831 1343 2865 binorum
1380 2830 1654 2870 asteriscorum,
1689 2830 1757 2864 duo
1791 2829 2014 2874 singulorum

250 2890 353 2928 sunt,
380 2887 474 2921 sicut
499 2887 535 2920 in
562 2886 746 2931 exemplo,
782 2886 875 2930 quod
900 2886 1023 2927 mitto,
1056 2884 1300 2929 significatum
1327 2886 1382 2918 est
1396 2885 1416 2917 ¹.
1468 2882 1718 2932 Superioribus
1743 2885 1862 2917 autem
1889 2883 2014 2918 diebus

251 2941 271 2974 3
297 2941 472 2974 trinorum
498 2940 751 2974 asteriscorum
778 2939 897 2984 capita
923 2939 1024 2974 vobis
1050 2938 1142 2973 misi.
1180 2932 1354 2979 Quartum
1380 2949 1465 2971 vero
1492 2949 1510 2971 e
1537 2936 1714 2982 capitibus
1739 2936 1812 2971 illis
1837 2936 2012 2971 trinorum

368 3058 382 3072 ³
410 3053 579 3096 Sequitur
605 3063 632 3085 υ,
659 3052 845 3085 obscurum
871 3054 901 3084 et
926 3061 948 3083 α
973 3050 1053 3083 libr.
1081 3050 1157 3092 ipso
1184 3049 1431 3082 oblinet-atum.

372 3169 383 3188 ¹
409 3167 600 3224 Salmeron·
618 3167 708 3202 haec
733 3178 813 3201 cum
839 3166 1008 3201 vaticano
1034 3164 1199 3210 exemplo
1225 3163 1446 3205 contulerat3
1473 3163 1555 3198 vide
1580 3173 1689 3207 supra
1713 3173 1747 3207 p.
1775 3161 1854 3197 303.
1881 3161 1962 3197 323.

2040 0 2066 82 ..22¹3
