2093 3444
247 217 312 244 LII
701 199 763 232 HI.
800 197 961 233 Tabulae
988 197 1262 242 chronologicae
1288 198 1387 232 vitae
1415 197 1559 233 Canisii.

320 317 409 351 1562
505 314 506 327 ’
611 314 696 349 Dec.
726 315 780 349 13.
909 313 1010 348 Dom.
1037 314 1100 348 ΠΙ.
1126 314 1220 348 Adv.
1247 314 1284 348 in
1311 314 1464 349 ecclesia
1489 314 1583 350 cath.
1612 315 1838 350 contionatur
1867 315 1979 360 (618).

320 370 410 404 1562
611 368 697 404 Dec.
727 369 780 402 14.
908 367 949 400 In
974 367 1109 412 templo
1136 367 1170 401 S.
1198 367 1342 401 Ioannis
1369 367 1595 402 contionatur
1624 368 1718 412 (618.
1746 368 1844 412 621).

320 422 410 457 1562
612 421 698 456 Dec.
728 423 781 457 16.
909 420 1046 454 Ibidem
1073 420 1302 454 contionatur
1331 420 1446 463 (618).

320 476 410 511 1562
613 475 698 510 Dec.
728 476 781 509 18.
909 473 1046 507 Ibidem
1072 473 1301 507 contionatur
1329 474 1444 517 (618).

320 529 410 564 1562
613 529 698 563 Dec.
725 529 782 562 20.
909 527 1010 561 Dom.
1038 526 1100 561 IV.
1125 527 1218 561 Adv.
1245 527 1281 560 in
1307 527 1460 561 ecclesia
1486 527 1580 562 cath.
1607 528 1834 562 contionatur
1860 527 1975 571 (618).

320 583 410 617 1562
613 582 697 616 Dec.
725 582 782 615 21.
910 580 975 614 Die
995 579 1028 614 S.
1047 579 1206 614 Thomae
1232 580 1363 614 ibidem
1391 580 1433 614 de
1459 581 1598 615 ratione
1617 581 1686 615 diei
1704 581 1789 616 festi
1809 584 1845 616 et
1863 581 1906 615 de
1929 581 2020 616 eius-

971 633 1051 667 dem
1078 633 1267 677 evangelio
1294 633 1381 668 dicit
1410 634 1523 677 (617).

322 689 412 724 1562
614 689 698 722 Dec.
726 688 781 721 23.
910 687 951 721 In
976 686 1111 731 templo
1138 686 1172 721 S.
1199 687 1342 721 Ioannis
1369 687 1594 721 contionatur
1623 688 1718 731 (618.
1746 686 1843 731 621).

322 743 412 777 1562
614 742 698 776 Dec.
727 741 781 775 25.
911 740 976 775 Die
1002 740 1216 775 Nativitatis
1242 739 1385 774 Domini
1420 740 1455 774 in
1486 740 1639 775 ecclesia
1666 740 1863 775 cathedrali
1889 740 2020 776 contio-

323 849 413 884 1562
615 848 699 882 Dec.
727 849 783 882 26.
911 792 1239 892 Βίθῃέῗέῐὲῗιῗιζί
1265 846 1396 881 ibidem
1422 847 1509 881 dicit
1538 846 1651 890 (618).

324 903 413 937 1562
616 902 700 936 Dec.
729 902 785 936 26.
912 900 1068 934 Libellos
1088 899 1264 944 quosdam
1281 900 1559 944 protestantium
1577 899 1788 934 Tridentum
1807 899 1851 934 ad
1870 899 2021 934 Hosium

324 1009 414 1044 1562
616 1008 701 1042 Dec.
728 1008 785 1043 27.
913 953 1302 1042 Didngiultoaddffldilv.
1329 1006 1364 1040 in
1392 1006 1544 1041 ecelesia
1571 1006 1769 1041 cathedrali
1796 1005 2021 1041 contionatur

976 1060 1091 1099 (618).

314 1142 426 1181 1562
546 1139 624 1181 sub
656 1139 759 1181 Dec.
795 1140 863 1181 31.
913 1137 1212 1180 Ferdinandus
1238 1137 1269 1179 I.
1305 1150 1458 1179 caesar
1483 1137 1699 1180 Canisium
1730 1137 1794 1180 ita
1826 1151 1872 1179 se
1905 1151 2020 1179 com-

974 1216 1134 1257 ponere
1151 1202 1282 1253 iubet,
1302 1206 1350 1245 ut
1367 1205 1550 1245 vocatus
1567 1203 1717 1246 statim
1736 1202 2021 1257 Oenipontem

974 1268 1028 1310 ad
1061 1282 1106 1310 se
1139 1267 1287 1309 venire
1320 1268 1457 1322 possit
1490 1267 1626 1321 (586).
