2093 3444
225 230 309 269 512
813 225 891 259 718.
929 224 1094 259 Canisius
1120 225 1343 259 Ferdinando
1370 226 1395 259 I.

222 345 274 387 D.
315 344 582 398 Hieronymo
628 343 863 393 eredimus,
910 343 954 384 in
999 344 1155 385 summi
1196 344 1445 387 Sacerdotis
1487 344 1701 397 dignitate
1747 344 1945 387 consistit
1961 346 1988 388 ¹.

222 410 376 463 Neque
409 409 582 451 aliunde
615 412 719 452 nata
751 408 1001 459 schismata,
1036 411 1080 451 et
1112 409 1316 451 haereses
1351 410 1529 452 obortae
1562 413 1680 460 sunt,
1715 424 1844 463 quam
1876 411 1988 461 inde,

223 475 336 528 quod
361 474 587 517 Sacerdoti
609 474 689 516 Dei
722 488 807 515 non
831 475 1171 528 obtemperatur,
1206 488 1285 516 nec
1307 489 1417 516 unus
1449 475 1493 516 in
1514 475 1711 517 Ecclesia
1743 476 1797 517 ad
1821 478 1990 530 tempus

222 540 447 590 Sacerdos,
482 543 526 582 et
559 540 613 581 ad
635 543 806 593 tempus
839 539 995 581 iudexa
1027 540 1121 581 uice
1144 539 1301 582 Christi
1326 540 1545 593 cogitatur
1568 556 1576 582 :
1602 543 1649 583 ut
1675 541 1789 595 apud
1812 540 1990 595 Cypria—

220 620 322 647 num
355 605 582 659 legimus2.
647 605 922 659 Quapropter
962 604 1122 647 iustam
1165 618 1247 658 ego
1281 619 1457 647 causam
1489 619 1573 647 non
1607 605 1756 655 uideo,
1800 620 1876 648 cur
1916 620 1989 648 ex-

220 685 417 725 pressam
449 671 673 712 Romanae
707 670 929 712 Ecclesiae
963 670 1210 723 Summique
1243 670 1464 712 Pontificis
1503 670 1767 713 mentionem
1806 671 1850 712 in
1889 685 1989 713 con-

222 736 454 778 ditionibus
477 735 731 790 praeterire,
766 738 810 778 et
832 736 977 777 nescio
1011 736 1063 777 ob
1087 750 1213 788 quem
1236 735 1437 777 timorem
1459 735 1693 778 humanum
1718 736 1989 778 dissimulare

220 802 404 843 uelimus
439 837 446 845 .
481 801 608 843 Certe
641 815 726 842 non
758 801 839 842 hac
879 803 975 843 arte
1008 801 1299 849 sanabuntur,
1343 801 1419 842 sed
1451 801 1572 855 peius
1604 802 1826 844 habebunt
1858 802 1988 844 etiam

220 867 392 920 aegroti
423 867 575 920 nostrj,
611 880 718 919 quos
750 866 793 907 in
825 867 909 908 fide
942 866 1211 917 uacillantes,
1251 866 1460 915 uidemus,
1495 869 1539 909 et
1572 866 1669 920 quib
1701 867 1737 908 si
1769 881 1853 909 non
1888 881 1989 909 con-

218 935 454 987 temptum,
499 935 546 974 at
587 934 704 973 certe
747 932 918 985 quidem
959 931 1182 985 indignum
1223 932 1471 984 neglectum
1512 931 1734 974 Ecclesiae
1767 932 1989 974 Romanae

219 998 492 1052 praeseferre
526 1000 845 1040 consueuerunt
879 1033 887 1040 .
922 998 991 1039 EX
1023 997 1089 1039 his
1122 997 1294 1051 plurimi
1327 1000 1428 1039 sunt
1460 997 1758 1050 intelligentes
1791 997 1894 1052 uirj,
1937 1011 1988 1040 ac

218 1064 431 1118 pollentes
473 1063 638 1113 iuditio,
685 1077 792 1116 quos
834 1063 889 1104 ad
935 1062 1185 1117 explicitam
1229 1060 1439 1116 [quoque]
1483 1060 1819 1117 professione[m
1861 1061 1988 1117 s]uae

218 1129 339 1179 fidei,
384 1132 427 1171 et
460 1128 732 1170 obedientiae
765 1142 894 1181 quam
927 1128 1150 1170 Ecclesiae
1182 1127 1406 1169 Romanae
1440 1128 1618 1178 debent,
1665 1126 1881 1182 [c]onstat
1914 1128 1988 1170 ob-

219 1194 346 1248 ligari
381 1229 388 1237 .
425 1195 534 1236 Sunt
567 1194 640 1246 alij
673 1194 903 1248 simplices,
938 1193 1112 1243 idiotae,
1148 1196 1191 1235 et
1214 1191 1544 1247 hu[ius]m[odi]
1580 1207 1723 1235 rerum
1757 1193 1870 1235 forte
1903 1207 1988 1235 non

218 1260 326 1302 satis
370 1274 575 1314 capaces3
623 1262 754 1313 atque
794 1259 901 1301 satis
945 1259 1029 1301 erit
1072 1259 1157 1300 illis
1196 1258 1476 1313 proculdubio
1517 1259 1773 1313 implicitam
1816 1257 1986 1312 [fildein

218 1325 403 1376 adferre,
439 1339 536 1367 cum
570 1325 704 1367 uerba
736 1325 780 1366 in
815 1324 1132 1367 conditionibus
1166 1322 1429 1378 expli[catal
1462 1321 1859 1379 p[rop]onen[tur.]
1905 1323 1988 1365 Hic

215 1405 320 1433 uero
355 1391 542 1434 dandam
567 1405 661 1432 esse
685 1404 860 1444 operam
884 1393 1101 1444 putamus,
1137 1393 1185 1431 ut
1208 1388 1504 1443 qu[acunque]
1531 1388 1592 1444 [Ρ]
1618 1387 1871 1444 [rat]i[one]
1888 1395 1899 1409 ⁰
1923 1387 1983 1443 [P]

217 1455 506 1511 [mist-igetur,
551 1470 601 1498 ac
635 1455 846 1509 paulatim
890 1455 1044 1497 animis
1078 1454 1296 1496 eximatur
1337 1454 1521 1505 inuidia,
1565 1469 1694 1508 quam
1727 1453 1984 1509 H[aeretici‚

215 1520 285 1576 u]t
318 1522 472 1571 solent,
507 1521 731 1563 Ecclesiae
754 1521 978 1562 Romanae
1002 1521 1116 1575 apud
1140 1520 1343 1574 populum
1368 1519 1735 1574 concitauerunt[,
1770 1518 1986 1574 c]onfictis

214 1587 347 1630 etiam
382 1587 654 1637 criminibus,
690 1589 737 1629 ut
771 1600 941 1628 omnem
976 1585 1289 1629 authoritatem
1323 1585 1702 1635 Ecclesiasticam,
1736 1585 1773 1627 si
1804 1584 1984 1639 possint,

217 1654 451 1706 abrogent,
493 1653 545 1693 ob
580 1652 682 1694 cleri
714 1651 822 1694 uitia
855 1655 899 1694 et
932 1665 1215 1706 personarum
1248 1652 1408 1693 abusus
1444 1686 1450 1693 .
1486 1650 1576 1700 Quo
1610 1651 1750 1705 magis
1782 1651 1985 1693 laboran-

218 1719 317 1760 dum
350 1721 554 1773 putamus
586 1717 681 1759 fidis
714 1717 962 1771 pastoribus
995 1719 1126 1770 atque
1161 1716 1548 1767 concionatoribus,
1588 1719 1637 1759 ut
1668 1716 1873 1770 populum
1905 1715 1986 1757 sibi

218 1784 525 1834 concreditum,
558 1786 602 1825 et
625 1784 834 1825 aduersus
858 1783 1116 1825 Sacerdotes
1139 1783 1234 1836 plus
1257 1782 1365 1824 satis
1387 1782 1716 1831 inflammatum,
1739 1781 1986 1823 humaniter

216 1849 450 1899 instruant,
486 1849 682 1891 suauiter
714 1848 1015 1898 exhortentur,
1051 1848 1119 1902 pie
1153 1850 1277 1889 orent
1310 1862 1361 1889 ac
1395 1847 1643 1897 obsecrent,
1678 1847 1782 1888 nihil
1815 1847 1985 1889 demum

217 1915 560 1957 intermittentes
593 1915 647 1956 ad
680 1914 947 1956 reducendas
982 1927 1112 1955 oues
1153 1914 1462 1963 errantes3,
1507 1927 1615 1966 quas
1648 1912 1729 1954 nisi
1762 1912 1985 1954 Romanae

218 1980 441 2022 Ecclesiae
483 1979 740 2031 restituant,
788 1983 906 2021 certe
948 1993 1105 2020 unum
1148 1979 1297 2020 ouile
1346 1981 1397 2020 et
1442 1992 1577 2020 unus
1622 1978 1845 2032 pastor4
1890 1990 1985 2019 esse

217 2059 436 2099 nunquam
470 2048 616 2099 potest
650 2080 658 2088 .
693 2045 846 2098 Neque
880 2045 957 2086 abs
990 2058 1036 2086 re
1069 2044 1222 2093 fuerit,
1260 2044 1417 2084 librum
1451 2045 1527 2085 aut
1560 2043 1788 2085 conciones
1820 2042 1986 2095 aliquot

216 2110 259 2152 in
292 2111 405 2153 hunc
439 2125 563 2152 usum
597 2110 891 2160 conscribere,
936 2113 983 2152 ut
1017 2110 1071 2152 ad
1104 2124 1278 2151 manum
1312 2109 1502 2150 habeant
1534 2107 1723 2162 imperiti
1756 2107 1984 2150 conciona-

216 2180 334 2220 tores
376 2191 427 2218 ae
468 2176 665 2230 parochi,
709 2190 792 2229 quo
835 2190 881 2217 se
925 2175 1118 2228 aliosque
1161 2175 1310 2216 iuuent
1350 2174 1393 2215 in
1425 2174 1506 2215 hac
1547 2172 1732 2216 materia
1765 2173 1817 2215 de
1858 2186 1983 2215 saera

333 2326 346 2339 ἢ
374 2321 582 2364 Sequuntur
607 2320 709 2353 verba
735 2319 771 2353 in
799 2318 974 2363 Ecclesia,
1001 2331 1023 2352 a
1051 2320 1100 2353 St.
1132 2320 1341 2352 oblitterata.

334 2373 348 2393 b
374 2374 589 2407 Vocabulum
614 2384 727 2416 supra
753 2384 889 2406 versum
915 2375 1099 2416 scriptum.

338 2433 349 2446 ⁰
374 2428 434 2460 Vel
460 2428 500 2460 ut
526 2428 699 2470 quantum
725 2425 803 2459 fieri
829 2428 959 2470 potest.

214 2574 315 2608 dotes
342 2577 405 2607 aut
431 2572 618 2607 constituit
644 2574 707 2606 aut
732 2572 909 2616 protegit,
944 2571 1008 2605 sed
1034 2571 1093 2605 ille
1120 2571 1180 2615 qui
1208 2570 1350 2605 Christo
1376 2569 1607 2605 aduersarius
1642 2571 1678 2603 et
1703 2567 1878 2603 ecclesiae
1905 2567 1981 2601 eius

213 2627 379 2661 inimicus
405 2627 450 2660 ad
476 2626 542 2660 hoc
570 2625 744 2660 ecclesiae
770 2624 1016 2669 praepositum
1042 2636 1108 2658 sua
1134 2623 1366 2658 infestatione
1391 2622 1638 2668 persequitur,
1678 2623 1723 2655 ut,
1743 2621 1982 2665 gubernatore

213 2681 355 2715 sublato
382 2680 540 2714 atrocius
573 2679 689 2723 adque
724 2678 917 2712 uiolentius
953 2678 1047 2711 circa
1083 2677 1256 2711 ecclesiae
1292 2676 1483 2719 naufragia
1518 2675 1748 2719 grassetur“:
1787 2674 1901 2719 Epist.
1937 2674 1982 2708 59

215 2734 322 2778 (alias
349 2733 431 2777 55),
459 2745 488 2767 c.
516 2733 536 2767 6
566 2732 701 2777 (Opera
727 2731 812 2776 [rec.
839 2731 979 2774 Hem-tel]
1008 2730 1051 2772 Π,
1079 2731 1278 2765 673—674.
1323 2731 1454 2773 Missae,
1481 2729 1552 2764 ΡΡ.
1580 2728 1648 2764 LL.
1675 2728 1737 2770 III,
1763 2726 1980 2770 830—831).

336 2788 346 2808 ¹
375 2786 580 2828 „Ecclesiae
606 2786 706 2820 salus
724 2786 760 2819 in
778 2784 909 2819 summi
928 2784 1132 2818 Sacerdotis
1159 2783 1334 2827 dignitate
1360 2783 1535 2827 pendet“:
1563 2783 1600 2816 S.
1621 2783 1874 2825 Hieronymus,
1900 2779 1981 2813 Dia-

206 2841 317 2884 logus
353 2842 477 2875 contra
502 2839 750 2874 Luciferianos
775 2850 809 2873 11.
837 2839 857 2872 9
887 2837 1033 2882 (Miyne,
1062 2837 1131 2871 ΡΡ.
1160 2836 1228 2871 LL.
1254 2836 1392 2878 XXIII,
1422 2835 1518 2880 165).
1570 2835 1637 2877 Qui
1663 2837 1785 2869 tamen
1812 2833 1878 2868 hoo
1903 2833 1980 2867 loco

218 2893 368 2937 „summi
396 2893 620 2928 Sacerdotis“
650 2892 791 2927 nomine
818 2891 1015 2936 quemlibet
1040 2890 1246 2935 episcopum
1272 2890 1475 2933 significare
1500 2889 1663 2931 videtur,
1698 2899 1769 2922 non
1803 2897 1981 2921 summum

212 2947 429 2992 pontificem.

333 3000 346 3020 ²
376 3000 519 3044 „Neque
547 2999 640 3033 enim
667 2998 811 3033 aliunde
836 2998 1008 3032 haereses
1042 2998 1187 3032 obortae
1222 2998 1307 3030 sunt
1341 2998 1404 3030 aut
1429 2998 1515 3030 nata
1541 2996 1626 3030 sunt
1651 2994 1848 3029 schismata
1873 3003 1980 3037 quam

213 3054 355 3098 quando
381 3053 559 3087 sacerdoti
582 3052 649 3086 Dei
674 3064 745 3086 non
771 3052 1038 3096 obtemperatur
1062 3062 1129 3085 nec
1154 3061 1246 3084 unus
1272 3049 1307 3083 in
1334 3049 1488 3084 ecclesia
1514 3048 1558 3083 ad
1583 3050 1726 3093 tempus
1751 3045 1918 3081 sacerdos
1945 3047 1982 3079 et

213 3107 257 3141 ad
283 3109 425 3151 tempus
452 3106 560 3140 iudex
586 3105 666 3139 uice
694 3105 829 3140 Christi
856 3105 1078 3148 cogitatur“:
1110 3104 1314 3147 Cyprianus
1340 3102 1383 3136 ad
1403 3101 1607 3136 Cornelium
1631 3100 1654 3135 1.
1682 3111 1711 3135 c.
1739 3111 1768 3134 e.
1796 3099 1817 3133 5
1846 3098 1980 3143 (Opera

212 3159 296 3204 [rec.
323 3158 465 3203 Hartel]
493 3159 537 3199 ΙΙ,
565 3158 764 3193 671-672.
791 3160 923 3202 Miyne,
950 3157 1021 3191 ΡΡ.
1048 3156 1117 3191 LL.
1144 3156 1205 3197 III,
1233 3154 1450 3199 828—829).

333 3213 345 3233 ³
373 3213 389 3246 1
419 3212 514 3246 Petr.
542 3211 573 3253 2,
600 3212 656 3246 25.
756 3212 769 3232 ⁴
794 3211 843 3245 Io.
874 3211 926 3252 10,
956 3211 1009 3245 16.
