2093 3444
233 178 315 218 174
761 176 840 210 574.
877 176 1028 210 Ioannes
1054 177 1097 211 de
1122 177 1279 213 Polanco
1306 177 1459 214 Canisio.

349 293 392 335 Si
425 293 520 334 ben'
544 292 580 334 si
612 296 737 347 parte
770 296 917 335 nostro
950 293 1090 337 Padre
1123 295 1165 337 di
1198 296 1381 346 Roma¹‚
1416 296 1452 338 si
1484 297 1671 340 lasciara
1702 313 1999 343 raccomman-

230 359 333 400 data
365 358 408 399 la
441 357 667 410 diligentia
700 358 741 399 di
774 358 992 400 emendar’
1015 359 1043 400 il
1077 360 1185 402 libro
1225 361 1263 402 di
1299 361 1510 415 CiprianO.

347 423 410 464 La
426 423 476 464 R.
498 423 548 465 V.
568 425 695 477 potra
712 423 893 465 visitare
917 425 1062 477 quella
1079 425 1360 480 Prepositura
1383 426 1452 468 del
1469 427 1671 469 Cardinal
1695 428 1734 470 d’
1753 427 1956 482 Augusta
1968 431 1997 481 2,

229 490 273 530 et
305 502 351 530 se
383 488 412 529 li
445 488 710 530 domandara
743 489 887 542 quella
920 489 1069 532 littera
1102 490 1377 533 credentiale.

348 553 401 594 Al
446 553 820 596 Reuerendissimo
859 554 1053 597 Nuntio³
1094 552 1326 609 Delphino.
1349 557 1544 599 salutara
1586 558 1637 600 V.
1672 558 1723 600 R.
1767 573 1789 600 o
1822 572 1927 602 vero
1968 559 1999 602 il

227 618 366 660 Padre
398 618 616 660 Vittoriab
650 619 690 660 di
723 621 847 673 parte
887 619 955 662 del
986 622 1136 662 nostro
1168 621 1308 663 Padre
1341 621 1567 676 Preposito
1610 622 1952 667 officiosamente
1967 626 1997 668 3.

227 683 364 726 Resta
396 683 474 725 che
507 684 611 726 tutti
644 684 681 726 ci
714 685 1134 728 raccommandiamo
1175 686 1310 728 molto
1343 687 1455 728 nelle
1489 687 1673 730 orationi
1715 690 1759 731 et
1799 689 1997 745 sacrificij

229 748 342 790 della
365 748 413 790 R.
439 749 491 791 V.
517 747 569 791 et¹
584 749 650 790 del
676 750 817 791 Padre
835 750 995 792 Dottor
1017 751 1210 805 Lannoy.
1245 751 1298 792 Di
1316 752 1455 793 Roma
1477 752 1506 794 li
1527 754 1594 795 21.
1620 753 1661 794 di
1681 753 1848 807 Giugno
1871 755 1997 798 1561.

347 893 448 928 Licet
473 896 576 939 pater
601 895 722 928 noster
740 893 851 928 Roma
879 894 1103 929 discessurus
1129 895 1177 929 sit
1192 897 1211 937 ¹,
1237 895 1304 930 hoc
1323 898 1443 930 tamen
1469 895 1527 930 hic
1552 896 1797 941 relinquemus
1823 909 1998 932 commen-

228 946 361 988 datum,
389 949 429 980 ut
455 947 625 992 Cypriani
651 947 741 981 liber
769 947 960 991 diligenter
986 949 1204 983 emendetur.

348 1000 402 1034 Ad
438 1002 723 1046 praeposituram
760 1002 867 1035 istam
903 1002 1096 1036 cardinalis
1132 1002 1334 1045 Augustani
1369 1002 1466 1037 adire
1501 1002 1542 1036 R.
1561 1002 1604 1037 V.
1642 1003 1770 1045 licet²;
1809 1004 1909 1038 cuius
1946 1004 1997 1038 rei

228 1053 345 1098 gratia
372 1054 532 1098 publicas
558 1055 640 1089 illas
666 1055 807 1089 litteras
834 1055 878 1089 ab
905 1067 944 1088 eo
971 1057 1145 1100 petemus.

348 1107 698 1142 Reverendissiinum
726 1108 889 1142 nuntium
908 1108 1125 1153 Delphinum
1152 1109 1211 1142 vel
1238 1108 1278 1143 R.
1291 1109 1334 1143 V.
1360 1109 1416 1143 vel
1442 1112 1546 1154 pater
1558 1109 1719 1144 Victoria
1744 1110 1858 1155 patris
1883 1110 1997 1145 nostri

228 1160 422 1205 praepositi
449 1161 590 1195 nomine
618 1162 745 1196 devote
771 1162 982 1196 salutabunt
995 1162 1016 1195 ³.
1068 1162 1257 1207 Superesty
1288 1164 1328 1196 ut
1354 1174 1476 1197 omnes
1502 1163 1543 1197 R.
1572 1162 1613 1198 V.
1641 1165 1676 1197 et
1702 1163 1817 1208 patris
1842 1163 1998 1198 doctoris

230 1214 353 1248 Lanoii
379 1215 599 1249 orationibus
626 1218 661 1249 et
687 1215 875 1250 sacrificiis
893 1215 1123 1249 vehementer
1148 1227 1212 1249 nos
1232 1216 1531 1251 commendemus.
1570 1216 1682 1251 Roma
1708 1216 1763 1251 21.
1782 1216 1874 1251 Iunii
1895 1217 1996 1252 1561.

1049 1340 1178 1381 574.

643 1432 706 1473 P.
739 1431 1059 1475 10ANNES
1091 1431 1189 1473 DE
1222 1432 1581 1486 POLANCG,

831 1513 1049 1547 secretarius
1077 1513 1269 1548 Societatis
1296 1514 1387 1556 Iesu,

570 1596 740 1638 nomine
774 1597 919 1638 Iacobi
952 1596 1103 1647 Lainii‚
1137 1597 1373 1651 praepositi
1409 1598 1638 1651 generalis,

972 1698 1246 1745 CANISIO.

891 1804 1001 1840 Roma
1029 1806 1084 1841 28.
1111 1805 1206 1842 Iunii
1232 1805 1318 1842 1561.

345 1888 399 1922 Ex
435 1887 641 1932 apographo
677 1887 834 1921 eiusdem
870 1888 1060 1933 te1np01·is;
1093 1889 1128 1922 in
1163 1888 1325 1932 margine
1358 1900 1378 1922 a
1404 1888 1549 1923 librario
1575 1888 1803 1923 adnotatum:
1844 1888 1991 1931 „Dottor

226 1940 399 1976 Canisio.“
455 1941 538 1975 Cod.
569 1940 708 1982 „Germ
738 1942 846 1975 1561“
879 1941 901 1975 f.
932 1942 1007 1976 16¹³.

343 2019 451 2052 Ionas
476 2019 598 2062 Adler,
623 2019 787 2052 sacerdos
812 2030 855 2052 ea:
882 2019 1050 2054 societate
1074 2020 1250 2063 dimissus,
1282 2021 1508 2053 adiuvandus
1533 2024 1589 2064 est,
1617 2024 1654 2053 ut
1679 2031 1809 2054 munus
1834 2020 1990 2054 ecelesia-

220 2073 345 2105 sticam
373 2074 537 2105 inveniat.

1021 2127 1046 2169 J
1052 2127 1192 2169 hesus.

963 2203 1056 2246 Pax
1089 2203 1251 2246 christi.

337 2279 381 2321 Jl
422 2281 621 2333 portator
662 2279 776 2321 della
816 2283 1019 2333 presente
1058 2294 1158 2322 sara
1199 2282 1390 2322 maestro
1432 2281 1545 2323 Jona
1586 2279 1746 2322 Adlero
1788 2279 1818 2321 il
1860 2280 1987 2333 quale

219 2357 296 2397 per
327 2344 369 2386 la
410 2358 489 2386 sua
527 2346 684 2386 natura
717 2358 740 2386 o
773 2358 936 2387 vsanza
977 2359 1000 2386 o
1034 2345 1134 2398 qual
1172 2345 1208 2386 si
1240 2345 1386 2399 voglia
1429 2345 1543 2388 altra
1585 2359 1716 2387 causa
1758 2344 1835 2387 che
1867 2345 1908 2387 lo
1940 2344 1987 2387 fa

1035 2478 1057 2513 J
1061 2477 1179 2513 hesus.

978 2542 1056 2576 Pax
1083 2542 1228 2577 Christi.

339 2605 416 2639 Has
441 2604 582 2639 litteras
608 2605 649 2640 R.
664 2605 706 2640 V.
734 2606 860 2641 afferet
884 2607 1059 2650 magister
1084 2607 1189 2641 Ionas
1214 2606 1379 2641 Adlerus.
1419 2606 1485 2649 Qui
1512 2607 1571 2641 vel
1597 2607 1640 2642 ob
1665 2610 1831 2642 naturam
1857 2607 1916 2642 vel
1941 2607 1985 2642 ob

220 2657 318 2692 vitae
353 2658 630 2692 consuetudines
665 2659 722 2693 vel
758 2659 801 2694 ob
834 2659 1032 2704 quamlibet
1065 2659 1171 2694 aliam
1204 2671 1369 2701 causam,
1406 2671 1476 2704 qua
1510 2660 1690 2695 libertatis
1725 2672 1812 2696 suae
1846 2663 1985 2695 amator

339 2781 353 2795 ³
379 2777 411 2809 A
437 2777 517 2810 libr.
546 2781 739 2810 correctum
765 2789 808 2810 ex
834 2776 1041 2822 Seraphino.
1139 2777 1154 2798 b
1180 2776 1336 2811 Vittorio
1362 2788 1485 2822 apoyr.

342 2887 351 2907 ¹
379 2886 465 2921 Pius
492 2887 553 2921 IV.
580 2886 776 2933 Hippolyto
803 2887 946 2922 Estensi
976 2887 1022 2931 (d’
1044 2888 1145 2932 Este)
1174 2888 1345 2923 cardinali
1372 2889 1579 2923 ferrariensi
1605 2889 1641 2923 in
1667 2888 1832 2931 Galliam,
1863 2890 1903 2923 ut
1928 2900 1982 2923 ec—

221 2938 352 2974 clesiae
379 2951 399 2974 a
424 2940 710 2984 protestantibus
735 2940 895 2975 afflictae
921 2953 1023 2986 opem
1042 2941 1164 2983 ferret,
1190 2941 1310 2986 legato
1336 2942 1450 2987 ipsius
1475 2944 1605 2985 rogatu
1631 2941 1793 2976 Lainium
1820 2941 1982 2976 consilia-

219 2992 311 3026 rium
338 2995 374 3026 et
399 2992 606 3036 theologum
632 2993 759 3028 adesse
785 2993 942 3028 iusserat
970 2994 1111 3039 (Boero,
1138 2993 1269 3029 Lainez
1294 3007 1328 3040 p.
1355 2994 1573 3038 228—230).

342 3046 355 3066 ²
380 3046 669 3091 Praeposituram
698 3047 972 3090 elvangensem;
1012 3047 1094 3082 vide
1119 3058 1229 3092 supra
1254 3059 1287 3092 p.
1318 3048 1394 3089 156,
1421 3050 1457 3082 et
1482 3048 1584 3089 infra,
1611 3059 1765 3082 monum.
1793 3047 1871 3082 286.
1899 3048 1978 3083 287.

343 3099 355 3118 ³
380 3098 579 3144 Delphinus
612 3111 658 3134 m.
685 3100 815 3134 Martio
844 3101 931 3134 1561
971 3101 1118 3134 nuntius
1156 3100 1393 3142 „ordinarius“
1432 3101 1526 3146 apud
1561 3111 1742 3135 caesarem
1777 3100 1980 3136 nominatus

223 3154 301 3186 erat
328 3151 472 3197 (Sa'ckel,
498 3151 623 3186 Trient
647 3164 681 3197 p.
711 3152 787 3187 188.
840 3153 1024 3187 Steinherz
1051 3153 1073 3187 1.
1101 3165 1130 3188 c.
1158 3165 1191 3198 p.
1219 3153 1317 3197 348).
