2093 3444
234 165 313 200 558.
351 164 517 200 0311131113
543 165 665 198 Marco
692 164 842 199 Velsero
869 164 1011 199 seniori.
1051 165 1145 209 Aug.
1172 164 1314 199 Vindel.
1342 165 1398 200 20.
1426 165 1512 198 Maii
1541 165 1643 199 1561.
1746 167 1827 208 147

876 283 1006 325 558.

790 381 1087 429 CANISIUS

451 491 704 535 MARCO
739 492 1078 536 VELSERO
1114 492 1434 545 SENIORI,

525 580 675 625 patricio
703 583 916 623 augustano,
946 581 1167 626 Antverpiae
1194 580 1360 614 moranti.

553 667 723 714 Augusta
749 667 1022 704 vindelicorum
1052 668 1109 704 20.
1138 667 1220 704 Maii
1248 667 1334 704 1561.

175 755 231 789 Ex
268 753 475 800 apographo
510 754 655 788 saeculo
682 753 796 788 XVII.
834 754 892 787 vel
919 754 1049 788 XVIII.
1085 754 1230 799 scripto.
1284 753 1367 788 Cod.
1403 765 1540 788 monac.
1583 753 1678 795 „Lat.
1718 752 1827 787 1606“

55 809 80 843 f.
111 808 210 843 103b.

177 892 230 924 De
258 891 401 935 yallc'eis
432 891 649 924 tec1nult2'bu.s:.
702 891 807 923 Pium
833 892 896 924 H'.
926 892 1112 924 concilium
1149 896 1335 924 maturare
1358 892 1498 934 yccudet.
1555 891 1740 924 Orandmn
1761 901 1834 933 pro

54 946 210 979 ecclesia.

382 1011 477 1052 Pax
509 1010 666 1052 Christi
698 1010 935 1052 nobiscum.
1000 1011 1190 1053 Patrone
1224 1011 1507 1054 obseruande.

177 1099 281 1141 Cum
314 1098 381 1140 his
413 1098 594 1149 litteris,
639 1112 746 1152 quas
778 1098 927 1149 mitto,
972 1113 1055 1140 non
1088 1113 1263 1153 possum
1306 1112 1391 1140 non
1434 1098 1595 1152 aliquid
1631 1098 1833 1141 scribere.

56 1165 103 1208 Si
134 1168 253 1208 recte
286 1164 330 1206 in
362 1164 531 1207 Christo
565 1164 698 1206 habet
730 1164 1004 1218 praestantia
1037 1167 1126 1215 tua,
1163 1165 1271 1206 bene
1304 1167 1382 1206 est.
1417 1179 1508 1215 nos,
1542 1164 1642 1205 DEI
1675 1164 1834 1217 gratia,

57 1245 143 1272 non
183 1230 297 1272 male
338 1230 556 1281 ualemus,
603 1244 654 1271 ac
695 1233 889 1273 uestrum
934 1233 1239 1284 exspectamus
1281 1230 1482 1272 reditum.
1551 1230 1615 1271 De
1660 1229 1836 1271 Gallicis

55 1295 315 1339 tumultibus
357 1295 583 1346 adferunt,
628 1309 738 1348 quae
772 1296 994 1338 oblectant
1035 1295 1269 1346 sectariOS,
1314 1298 1357 1337 et
1397 1295 1620 1337 offendunt
1654 1295 1834 1338 bonosl.

56 1361 234 1416 Concilij
268 1375 517 1403 successum
551 1361 726 1414 egregie
760 1364 889 1414 urget
924 1360 1125 1403 Pontifex
1152 1362 1270 1404 Max,
1304 1375 1383 1402 nec
1414 1360 1535 1402 illum
1569 1360 1754 1411 deseret,
1789 1362 1838 1402 ut

0 1441 1 1448 ¹
57 1441 200 1482 spero,
235 1427 334 1469 DEI
365 1427 538 1469 bonitas
571 1429 615 1469 et
647 1428 733 1469 fida
756 1426 915 1468 Christi
937 1426 1165 1481 promissio
1183 1428 1211 1470 2.
1256 1426 1394 1468 Nobis
1419 1425 1593 1468 interim
1627 1426 1836 1468 orandum

59 1496 127 1536 est
161 1493 414 1546 diligenter,
454 1495 502 1535 ut
534 1493 687 1535 redeat
718 1496 818 1546 post
850 1493 962 1534 hanc
994 1492 1166 1535 tristem
1198 1494 1508 1546 tempestatem
1540 1491 1837 1544 tranquillitas

59 1558 296 1601 Ecclesiae.
362 1558 645 1601 Simeones
687 1558 854 1600 utinam
886 1559 1045 1600 multos
1083 1557 1343 1608 habeamus,
1387 1557 1458 1610 qui
1501 1558 1838 1611 exspectent

60 1624 500 1678 redemptionem
549 1624 775 1666 Israel3.
824 1626 917 1666 tum
963 1623 1229 1673 Hieremias,
1281 1623 1352 1676 qui
1400 1623 1626 1676 deplorent
1674 1624 1837 1665 statum

59 1689 233 1734 tristem
265 1689 554 1740 Hierusalem,
595 1703 706 1743 quae
738 1704 851 1731 nunc
884 1689 1071 1742 undique
1104 1689 1316 1743 premitur
1331 1689 1358 1731 4.
1423 1688 1524 1730 Non
1557 1688 1839 1730 succurrebat

62 1770 219 1798 nomen
251 1758 327 1798 aut
359 1755 503 1810 potius
537 1769 776 1809 cognomen
800 1754 972 1797 Domini
995 1754 1213 1805 Henricifi,
1249 1754 1313 1795 cui
1339 1754 1456 1796 soleo
1479 1768 1599 1796 meas
1623 1767 1838 1795 commen-

61 1822 180 1864 dare.
251 1821 334 1863 Sed
374 1821 480 1863 illud
521 1821 643 1864 nouit
685 1820 875 1874 dignitas
917 1823 1015 1869 tua,
1060 1820 1183 1873 eique
1225 1819 1341 1862 tradi
1383 1822 1505 1862 curet
1545 1819 1624 1861 has
1666 1818 1839 1861 litteras

61 1901 238 1941 quaeso.
281 1886 492 1929 Dominus
513 1887 678 1929 IESVS
698 1887 933 1929 aduentum
953 1885 1102 1928 Sancti
1125 1885 1312 1940 Spiritus
1339 1885 1403 1926 sui
1426 1884 1649 1939 impertiat
1672 1884 1795 1926 nobis
1809 1885 1838 1926 6.

62 1952 304 2006 Augustae.
340 1954 408 1996 20.
443 1953 560 2006 Maij.
600 1954 725 1994 1561.
765 1978 823 1982 —
851 1977 910 1981 -

181 2044 241 2047 —
271 2044 331 2049 —
363 2017 646 2072 Antuerpiae.

184 2110 224 2144 In
252 2110 373 2145 codice
398 2112 520 2144 nostro
546 2109 755 2154 apographo
781 2108 864 2142 huic
890 2108 1059 2143 librarius
1085 2108 1161 2152 ipse
1187 2107 1277 2141 haec
1303 2107 1506 2152 inscripsit:
1539 2107 1755 2153 „Exemplar
1781 2107 1840 2142 Se-

63 2165 222 2200 cundum
241 2164 460 2209 descriptum
480 2175 524 2197 ex
543 2163 777 2208 Autographo
797 2162 928 2196 ibidem
949 2160 1188 2206 [Ingolstadii]
1209 2162 1363 2202 seruato,
1382 2161 1446 2195 sed
1464 2160 1611 2202 mutilo;
1639 2161 1839 2196 abscissum

64 2218 160 2253 enim
188 2220 244 2252 0313
268 2217 305 2251 111
339 2217 410 2251 fine
444 2228 573 2251 nomen
600 2217 640 2250 R.
670 2216 709 2250 P.
737 2216 837 2250 Petri
865 2215 1018 2260 Canisij,
1056 2217 1092 2249 et
1117 2214 1304 2259 inscriptio
1332 2214 1514 2259 Epistolae
1551 2214 1661 2248 etiam
1696 2215 1841 2250 sublata

65 2275 132 2314 est,
160 2272 311 2317 excepto
337 2271 480 2305 nomine
506 2270 748 2315 Antuerpiae,
789 2281 858 2313 quo
885 2269 1066 2303 destinata
1093 2269 1178 2303 est.“
1235 2268 1339 2302 Certe
1367 2270 1403 2301 et
1429 2279 1545 2302 sermo
1573 2268 1768 2313 epistulae,
1806 2270 1842 2302 et

65 2337 124 2360 res
150 2325 251 2370 ipsae
279 2336 357 2359 03111
384 2336 405 2358 3
432 2323 574 2358 03111310
602 2324 723 2358 datam
751 2334 830 2357 esse
858 2323 1080 2357 confirmant.
1134 2321 1211 2363 Qui,
1247 2323 1288 2355 ut
1314 2321 1469 2366 epistula
1494 2321 1574 2366 ipsa
1601 2322 1768 2359 ostendit.
1796 2322 1839 2356 ad

66 2379 185 2415 virum
211 2378 359 2424 scripsit
393 2377 608 2412 auctoritate
635 2377 849 2422 pollentem,
887 2376 1085 2410 catholicae
1111 2375 1297 2419 religionis
1332 2374 1553 2416 studiosum,
1591 2374 1704 2409 Sociis
1731 2387 1841 2418 augu-

66 2433 183 2467 stanis
210 2432 375 2473 amicum,
404 2431 464 2475 qui
491 2432 576 2465 tunc
603 2430 747 2475 quidem
768 2429 991 2474 Antverpiae
1019 2429 1184 2472 degebat,
1211 2428 1274 2463 sed
1305 2428 1491 2472 Augustae
1517 2429 1638 2462 sedem
1665 2429 1840 2469 habebat3

66 2498 160 2531 quae
187 2486 305 2520 omnia
331 2486 487 2520 maxime
515 2484 706 2518 convenire
732 2483 903 2517 videntur
928 2483 963 2516 in
990 2483 1152 2516 Marcum
1181 2482 1370 2516 Velserum
1402 2481 1576 2526 (Welser)
1612 2482 1840 2524 „seniorem“,

67 2540 261 2586 patricium
288 2542 550 2583 augustanum,
588 2538 647 2582 qui
685 2538 793 2571 etiam
829 2548 951 2571 mense
978 2536 1093 2581 Aprili
1121 2548 1151 2570 a.
1182 2536 1272 2570 1560
1298 2535 1521 2580 Antverpiae
1556 2537 1717 2570 moratus
1754 2538 1841 2576 erat,

69 2594 197 2638 cuique
225 2593 391 2628 0311131113
427 2594 463 2626 et
488 2592 655 2635 Augusta
691 2592 845 2625 exeunte
881 2601 926 2624 m.
963 2589 1078 2634 Aprili
1118 2590 1209 2624 1560
1245 2591 1281 2623 et
1306 2589 1517 2623 Vindobona
1552 2589 1606 2623 28.
1634 2589 1720 2623 Maii
1751 2589 1842 2623 1560

66 2648 285 2692 scripserat3
313 2646 394 2680 vide
425 2647 512 2679 Can.
539 2645 628 2690 Epp.
657 2645 699 2685 II,
728 2644 926 2678 625-626.
954 2643 1154 2678 654—655.

194 2777 203 2797 ¹
228 2776 361 2810 Notum
389 2777 454 2816 est,
482 2774 713 2809 Catharinam
741 2773 783 2807 de
809 2772 980 2814 Medicis,
1008 2784 1119 2816 quae,
1147 2772 1338 2806 Francisco
1363 2772 1406 2806 II.
1437 2771 1575 2806 Galliae
1602 2783 1687 2815 rege
1715 2772 1746 2805 5.
1774 2771 1841 2805 De-

69 2830 225 2865 cembris
254 2829 344 2864 1560
370 2830 530 2870 mortum
566 2828 643 2862 loco
671 2827 789 2862 Caroli
816 2826 876 2860 IX.
903 2826 968 2860 filii
1003 2837 1154 2870 regnum
1181 2825 1476 2867 administrabat,
1513 2827 1550 2859 et
1584 2824 1771 2859 catholicis
1808 2826 1843 2859 et

71 2883 284 2919 calvinianis
320 2882 463 2927 placere
499 2883 665 2916 conatam
700 2880 824 2914 horum
854 2879 1041 2914 audaciam
1077 2879 1223 2913 auxisse
1251 2881 1286 2913 et
1313 2879 1451 2913 atrocia
1477 2879 1513 2912 in
1540 2878 1657 2913 Gallia
1693 2877 1842 2912 discidia

70 2938 292 2980 cruentaque
317 2935 412 2970 bella
438 2934 629 2969 excitasse.

192 2991 206 3011 ²
230 2989 361 3024 Matth.
391 2989 444 3031 16,
475 2988 526 3022 18.
558 2988 619 3028 19;
648 2987 703 3029 28,
730 2987 786 3021 20.
838 2986 922 3020 Luc.
951 2986 1005 3026 22,
1034 2986 1089 3020 32.
1190 2987 1203 3006 ³
1229 2985 1313 3019 Luc.
1341 2985 1373 3026 2,
1400 2985 1455 3019 25.

192 3045 205 3064 ⁴²
233 3042 398 3077 Ganisius
424 3042 581 3076 maxime
612 3040 923 3083 „Lamentationes
951 3039 1130 3074 Jeremiae
1156 3038 1371 3084 prophetae“
1404 3037 1596 3081 significat.

195 3098 207 3117 ⁵
233 3096 423 3140 Dunghen,
450 3098 490 3129 ut
515 3095 676 3135 videtur;
705 3094 748 3128 de
775 3105 843 3138 quo
869 3092 974 3138 plura
1000 3092 1104 3126 infra.

194 3150 207 3170 ⁶
232 3149 310 3184 Hoc
335 3161 428 3184 anno
454 3148 607 3183 ecclesia
634 3147 689 3182 die
716 3147 771 3182 25.
799 3146 885 3181 Maii
911 3146 1044 3180 festum
1077 3146 1349 3188 „Pentecostes“
1381 3146 1505 3178 actura
1531 3145 1619 3178 erat.

1493 3202 1563 3236 10*
