2093 3444
208 152 291 193 712
592 149 749 183 Monuni.
780 148 989 194 (oenipont.)
1019 150 1097 184 336.
1126 149 1306 193 (Exeunte
1332 150 1422 185 Iulio
1452 151 1568 194 1562.)

321 264 494 306 Quoniam
513 276 557 298 ex
579 267 809 299 monumento
828 265 990 309 proximo
1008 265 1131 309 liquet,
1158 277 1179 299 a
1196 266 1370 309 regimine
1389 267 1624 301 constitutum
1643 279 1732 308 esse,
1758 270 1799 302 ut
1816 268 1966 303 Franco-

201 318 287 352 furti
314 319 359 352 ad
384 318 551 351 Moenum
577 317 613 351 hi
640 318 721 352 libri
748 320 970 359 emerentur,
1006 319 1045 353 P.
1073 319 1305 353 Lambertum
1331 320 1446 359 Auer,
1480 320 1622 364 collegii
1649 321 1682 355 S.
1709 321 1741 355 J.
1768 323 1968 365 moguntini

201 373 394 410 rectorem,
421 371 482 415 qui
507 370 688 405 tirolensis
716 374 812 413 erat,
844 371 1032 414 Moguntia
1057 372 1329 406 Francofurtum
1357 372 1400 406 ad
1431 372 1600 407 librorum
1626 375 1803 408 nundinas
1830 377 1967 409 autum-

202 424 302 458 nales
329 424 405 458 eius
431 424 483 458 rei
509 424 627 468 gratia
653 424 832 469 proficisci
857 424 996 458 iussum
1022 437 1102 459 esse
1128 425 1341 461 conieceris:
1369 426 1413 459 cf.
1441 437 1550 471 supra
1575 438 1608 472 p.
1636 428 1714 462 532.

1021 548 1152 590 336.

881 637 1050 674 Exeunte
1075 637 1168 674 111110
1194 637 1289 674 1562.

318 725 374 759 Ex
408 725 615 770 apographo
649 726 785 760 recenti
821 737 932 770 eoque
968 727 1149 771 exscripto
1185 739 1230 760 ex
1269 726 1471 769 „Catalogi“
1512 728 1675 772 exemplo
1710 729 1857 773 antiquo
1895 725 1967 772 (vel

200 779 407 824 archetypo,
435 779 495 812 vel
521 779 645 812 eodem
672 781 832 824 tempore
858 780 1113 824 transcripto),
1142 780 1235 824 quod
1262 782 1384 814 exstat
1410 780 1609 825 Oeniponte
1635 781 1671 814 in
1697 782 1843 816 archivo
1870 794 1969 827 prae-

200 833 361 867 fecturae
389 843 588 873 caesareae,
616 832 691 867 cod.
725 832 828 877 ,‚Cop.
857 833 895 867 B.
947 833 1135 867 Embieten
1161 834 1231 867 und
1259 833 1418 867 Bevelch
1447 834 1554 867 1562“
1586 834 1609 868 f.
1636 835 1875 870 4292—4322.

323 910 390 950 Qui
423 909 510 942 libri
537 909 682 942 Canisio
717 910 783 942 visi
813 910 884 942 sint
910 909 1044 953 collegsii
1070 911 1106 943 S.
1134 911 1169 943 J.
1198 911 1428 952 oempontani
1462 910 1685 943 bibliothecae
1719 913 1875 945 caesaris
1905 913 1970 945 im-

197 965 317 1006 pensis
343 974 412 995 esse
437 963 594 995 addenda·
606 989 614 1004 ,
646 963 693 995 ad
718 963 946 1006 tleeoloyiam,
967 963 1252 1006 philosophiam,
1288 964 1562 1007 astronomiam,
1590 965 1725 997 litteras
1747 976 1895 1007 sstweeas
1921 966 1969 998 Ια-

199 1018 380 1059 tinusque,
407 1016 595 1048 historiam.
622 1020 680 1049 etc.
701 1018 928 1059 pertinentes.
980 1017 1087 1049 Libri
1112 1028 1134 1049 a
1160 1017 1296 1059 Belyis,
1330 1018 1484 1049 maxime
1509 1028 1531 1049 a
1558 1017 1817 1051 lovaniensibus
1843 1019 1969 1059 (Titel-

200 1080 352 1112 manno,
388 1070 571 1112 Tammo,
608 1070 787 1112 Latomis,
826 1070 1007 1103 Driedone
1034 1070 1134 1113 etc),
1171 1075 1201 1102 et
1235 1070 1278 1102 ab
1314 1071 1418 1102 Italis
1445 1070 1684 1112 (Camerino,
1721 1071 1970 1114 A119.Niplzo,

201 1123 348 1166 Siyonio
375 1123 455 1162 etc.)
481 1124 617 1164 scripti.
659 1123 912 1156 Commentarii
937 1124 976 1155 ¹in
1002 1124 1235 1166 Aristotelem,
1262 1124 1417 1166 Livium,
1452 1124 1664 1167 Ciceronem,
1690 1124 1885 1167 Veryiliztm
1910 1129 1969 1158 etc.

200 1176 404 1209 Dim-andus
429 1187 450 1208 a
476 1176 510 1209 S.
530 1176 708 1209 Por-cismo
731 1176 767 1209 O.
786 1176 847 1209 Pr.
883 1177 1035 1209 lavellus
1056 1177 1092 1209 O.
1114 1177 1175 1210 Pr.
1210 1177 1520 1218 Reyzvmontcoms.
1554 1178 1731 1220 Apianus.
1772 1178 1969 1221 Ceporimcs

199 1230 447 1272 zwinyliamcs.
498 1230 651 1262 Ioannes
678 1230 870 1263 Steti-mins.
920 1230 1066 1264 Remus.
1117 1231 1258 1263 Aonius
1287 1230 1487 1263 Perionius.
1542 1230 1750 1264 Cassander.

322 1312 504 1355 Canisius,
541 1322 621 1344 cum
647 1309 718 1344 iam
743 1310 887 1344 ineunte
921 1322 951 1344 a.
980 1311 1071 1345 1562
1097 1311 1265 1353 Augusta
1291 1311 1482 1346 Societatis
1517 1311 1668 1356 collegio
1695 1312 1894 1358 Oeniponte
1920 1313 1969 1346 in-

198 1364 379 1398 stituendo
406 1364 515 1398 libros
542 1363 698 1398 caesaris
716 1364 857 1398 nomine
875 1364 965 1398 satis
991 1376 1123 1408 magna
1148 1364 1300 1409 pecunia
1319 1366 1456 1409 emptos
1479 1365 1638 1399 misisset
1663 1365 1789 1410 hisque
1816 1378 1860 1400 m.
1880 1365 1970 1400 Iulio

200 1429 233 1451 a.
254 1418 343 1452 1562
363 1417 561 1462 Oeuiponte
588 1417 747 1451 eiusdem
772 1417 945 1462 impensis
970 1417 1052 1462 plus
1081 1418 1147 1452 100
1174 1417 1356 1452 volumina
1383 1430 1428 1452 ex
1453 1418 1671 1453 bibliotheca
1696 1419 1971 1464 Kirchpuchleri

199 1472 319 1516 empta
345 1471 543 1505 addidisset
572 1470 669 1514 (vide
695 1481 805 1515 supra
830 1483 863 1515 p.
890 1471 1088 1506 700—702.
1116 1471 1211 1515 710),
1239 1471 1363 1516 paucis
1391 1471 1514 1506 diebus
1540 1474 1622 1516 post
1646 1472 1778 1506 ibidem
1804 1472 1970 1516 regimini

200 1536 366 1558 caesareo
402 1524 554 1558 indicem
593 1524 743 1557 tradidit
780 1524 969 1565 librorum,
1009 1524 1070 1568 qui
1105 1527 1292 1569 praeterea
1329 1524 1444 1559 eidem
1479 1525 1630 1569 collegio
1665 1526 1804 1560 emendi
1839 1528 1970 1568 essent,

199 1579 318 1621 atque,
344 1579 384 1611 ut
410 1577 569 1620 regimen
597 1577 739 1611 eosdem
767 1577 835 1611 emi
861 1577 1011 1619 iuberet,
1038 1578 1257 1622 impetravit.
1295 1578 1403 1612 Cuius
1422 1579 1549 1613 indicis
1575 1581 1741 1624 superest
1767 1580 1970 1625 exemplum

198 1631 250 1665 sie
277 1630 508 1675 inscriptum:
549 1630 765 1674 „Catalogus
791 1631 982 1671 librorum,
1019 1631 1079 1675 qui
1105 1631 1244 1665 emendi
1274 1634 1359 1665 511111
1384 1632 1637 1666 Francfordiae
1663 1645 1727 1677 pro
1753 1632 1792 1667 P.
1819 1633 1970 1667 Jesuitis

199 1684 244 1718 ad
270 1684 460 1728 collegium
486 1696 619 1718 novum
646 1683 856 1729 Oenipont.“
907 1685 1027 1729 Atque
1053 1684 1111 1719 hic
1138 1685 1325 1727 catalogus
1351 1687 1478 1719 notatu
1504 1687 1601 1720 certe
1628 1686 1758 1729 dignus
1785 1688 1858 1728 est,
1892 1688 1970 1721 tum

200 1737 284 1781 quia
309 1737 505 1782 primarum
523 1737 558 1771 S.
577 1738 610 1772 J.
638 1737 934 1772 bibliothecarum
960 1737 1116 1781 catalogi
1142 1738 1217 1772 fere
1240 1738 1435 1783 perierunt,
1461 1742 1538 1773 tum
1557 1739 1640 1782 quia
1659 1752 1704 1773 ex
1721 1739 1789 1774 hoc
1807 1740 1970 1783 catalogo

199 1791 437 1834 cognoscitur,
465 1802 553 1835 quos
571 1790 683 1825 libros
703 1790 868 1825 Canisius
887 1791 1000 1826 Sociis
1019 1794 1055 1825 et
1072 1791 1115 1826 iis
1133 1791 1300 1833 maxime,
1328 1792 1389 1836 qui
1407 1792 1632 1826 iuventutem
1650 1793 1891 1833 instituerent,
1911 1793 1969 1827 vel

199 1844 422 1878 necessarios
449 1844 518 1886 vel,
545 1844 667 1888 aliqua
694 1844 825 1878 saltem
850 1845 999 1886 ratione,
1030 1845 1139 1879 utiles
1165 1856 1244 1879 esse
1276 1845 1430 1880 duxerit.
1481 1844 1572 1887 Quia
1597 1847 1719 1880 autem
1744 1846 1780 1880 in
1806 1845 1970 1889 catalogo

198 1897 260 1932 illo
286 1897 391 1931 multi
417 1898 612 1942 scriptores
636 1897 789 1942 librique
815 1898 961 1932 brevius
987 1899 1043 1932 ve]
1073 1899 1200 1940 etiam,
1237 1898 1267 1933 si
1302 1900 1447 1932 nostrae
1482 1899 1612 1933 aetatis
1637 1899 1812 1933 rationem
1847 1899 1970 1934 biblio-

199 1951 409 1996 graphicam
435 1953 660 1996 spectamus,
697 1952 949 1995 neglegentius
975 1952 1091 1986 notati
1125 1954 1231 1993 sunt,
1267 1964 1347 1986 eum
1382 1964 1452 1986 non
1487 1953 1531 1986 ad
1558 1953 1708 1986 verbum
1737 1953 1872 1994 refero,
1908 1953 1971 1987 sed

198 2005 331 2050 partim
356 2004 500 2049 quidem
526 2004 562 2038 in
598 2005 847 2050 compendium
881 2005 1085 2047 redactum,
1121 2005 1252 2050 partim
1278 2017 1365 2039 vero
1399 2006 1515 2049 magis
1551 2005 1772 2051 explicatum
1802 2018 1969 2051 propono.

200 2058 256 2092 Ex
281 2069 350 2102 quo
376 2057 484 2100 haec,
519 2058 589 2092 nisi
614 2058 740 2100 fallor,
776 2059 969 2104 patebunt:
1007 2059 1172 2093 Canisius
1198 2059 1308 2093 libros
1339 2059 1431 2104 petit
1464 2059 1598 2093 multos
1632 2060 1898 2104 pretiososque;
1934 2059 1970 2093 in

199 2111 305 2146 rebus
339 2111 551 2154 theologicis
590 2124 650 2146 eos
688 2113 864 2154 maxime,
903 2112 965 2157 qui
1003 2113 1046 2146 ad
1085 2124 1225 2147 sacram
1262 2112 1483 2158 Scripturam
1521 2114 1629 2156 atque
1668 2112 1712 2146 ad
1750 2112 1969 2156 theologiam

198 2165 425 2210 patristicam
461 2167 497 2200 et
530 2165 743 2210 polemicam
769 2166 968 2211 pertinent;
1005 2165 1041 2199 in
1076 2166 1333 2211 philosophicis
1369 2166 1642 2200 commentarios
1677 2166 1714 2199 in
1739 2165 1970 2200 Aristotelem

199 2221 277 2252 tum
312 2220 455 2253 veteres
489 2220 567 2253 tum
597 2221 781 2260 recentes;
821 2219 857 2253 in
892 2219 1135 2261 humanitate,
1171 2221 1314 2264 praeter
1347 2218 1462 2253 multa
1496 2219 1585 2260 alia,
1628 2219 1902 2253 commentarios
1936 2218 1972 2252 in

198 2271 404 2317 scriptores,
432 2283 520 2316 quos
547 2272 718 2306 classicos
736 2284 928 2313 vocamus;
956 2273 991 2306 in
1010 2272 1174 2306 omnibus
1192 2272 1395 2306 litterarum
1413 2272 1615 2316 generibus,
1642 2274 1785 2317 praeter
1804 2272 1971 2316 antiquos

202 2325 283 2359 illos
302 2325 407 2369 quasi
431 2326 560 2367 fontes,
586 2325 697 2360 libros
716 2326 760 2359 ab
779 2325 990 2370 aequalibus
1016 2325 1100 2367 suis,
1127 2325 1303 2370 imprimis
1329 2337 1350 2359 a
1368 2325 1652 2360 Lovaniensibus
1679 2325 1831 2369 aliisque
1849 2325 1972 2369 Belgis

199 2380 328 2422 atque,
363 2378 395 2412 si
422 2378 683 2412 humanitatem
709 2381 933 2424 spectamus,
970 2379 1077 2413 etiam
1109 2379 1153 2413 ab
1180 2378 1282 2413 Italis
1316 2378 1489 2423 scriptos:
1525 2379 1803 2423 protestantium
1837 2379 1972 2424 scripta

200 2431 531 2475 catholicorumque
557 2431 667 2466 libros
694 2432 812 2466 minus
838 2432 1008 2477 probatos
1034 2431 1129 2465 haud
1156 2443 1302 2476 prorsus
1329 2431 1508 2472 excludit;
1536 2432 1708 2466 scientiae
1735 2431 1843 2465 etiam
1869 2433 1971 2465 natu-

200 2484 287 2518 ralis
313 2486 423 2528 atque
448 2485 620 2519 historiae
645 2487 722 2519 tum
749 2497 874 2519 sacrae
899 2487 977 2518 tum
1002 2485 1175 2530 profanae
1201 2484 1359 2528 aliquam
1385 2485 1560 2519 rationem
1586 2485 1705 2519 habet.

318 2538 359 2572 In
396 2538 598 2582 theologia:
647 2538 949 2580 „Concor-dantiae
988 2538 1185 2572 Bibliorum
1225 2537 1466 2572 Genuenses“.
1527 2537 1702 2580 „Lexicon
1740 2537 1971 2572 Bibliorum“.

199 2591 316 2625 Multa
334 2591 394 2626 SS.
413 2591 562 2625 Patrum
589 2603 706 2636 opera.
741 2592 952 2633 Athanasio,
980 2591 1146 2625 editionis
1176 2592 1408 2633 erasmianae,
1435 2591 1568 2636 opinor,
1596 2591 1840 2625 excludendae
1853 2590 1972 2633 gratia

200 2645 412 2679 adnotatum
447 2647 521 2687 est,
559 2645 743 2679 emendam
780 2656 859 2679 esse
889 2645 1074 2688 „ultimam
1108 2645 1319 2679 editionem‘
1351 2644 1535 2689 (latinam,
1571 2644 1734 2678 Basileae
1770 2644 1863 2689 apud
1889 2644 1971 2678 Fro-

200 2698 343 2732 benium
363 2709 392 2732 a.
416 2699 504 2732 1556
523 2698 559 2732 111
576 2699 598 2732 4
616 2698 723 2733 tomis
748 2699 893 2739 factam,
920 2710 1000 2732 cum
1020 2698 1186 2732 versione
1204 2698 1304 2732 Petri
1321 2698 1462 2740 Nannii‚
1488 2697 1703 2743 professoris
1720 2696 1971 2740 lovaniensis).

204 2751 361 2793 „Catena
388 2751 606 2786 Graecorum
633 2752 823 2786 authorum
849 2752 1040 2796 praecipue
1066 2751 1101 2785 in
1127 2763 1260 2785 novum
1286 2751 1404 2785 Test.“
1444 2751 1562 2785 Iacobi
1589 2750 1699 2785 Perez
1728 2750 1763 2794 (a
1786 2749 1968 2794 Valentia)

202 2804 243 2838 O.
270 2804 329 2839 Er.
357 2803 390 2838 S.
418 2805 511 2848 Aug.
540 2804 576 2849 (†
605 2804 712 2848 1490)
745 2805 1024 2839 commentarius
1055 2807 1091 2839 in
1117 2804 1334 2839 Psalterium
1367 2806 1403 2838 et
1433 2804 1670 2849 „Opuscula'‘.
1711 2803 1972 2837 Adnotationes

202 2857 238 2891 in
254 2857 296 2891 N.
316 2857 356 2892 T.
375 2857 419 2892 ab
438 2859 569 2892 Ioanne
588 2858 758 2901 Gagnaeo
784 2858 1035 2892 universitatis
1059 2858 1269 2903 parisiensis
1295 2857 1510 2891 cancellario
1531 2857 1567 2900 (†
1587 2857 1692 2900 1549)
1722 2858 1759 2890 et
1783 2868 1803 2890 a
1825 2856 1971 2890 Nicolao

202 2910 332 2954 Zegers
359 2911 400 2945 O.
427 2911 514 2945 Min.
540 2911 764 2945 bruxellensi
793 2911 829 2955 (†
858 2912 947 2946 1559
973 2911 1139 2955 Lovanii)
1168 2911 1334 2956 scriptae.
1385 2909 1568 2944 Francisci
1597 2909 1814 2944 Titelmanni
1845 2909 1972 2952 belgae

205 2963 240 3004 (†
269 2963 388 3007 1537),
415 2964 456 2998 O.
483 2964 569 2999 Min.
598 2964 720 3006 Conv.,
748 2964 829 2999 dein
855 2964 952 3009 Cap,
979 2964 1227 2999 commentarii
1251 2964 1288 2997 in
1313 2963 1488 3005 Psalmos‚
1518 2963 1555 2997 in
1581 2963 1770 3006 evangelia
1795 2962 1971 2996 Matthaei

204 3017 240 3049 et
257 3016 409 3057 Ioannis,
436 3017 472 3050 in
490 3017 690 3061 Epistulam
717 3017 762 3051 ad
780 3018 960 3052 Romanos
987 3017 1179 3061 (adversus
1197 3016 1416 3060 Erasmum).
1451 3016 1631 3050 Ambrosii
1650 3015 1834 3050 Gatharini
1852 3014 1892 3049 Ο.
1911 3015 1970 3049 Pr.

207 3067 244 3112 (†
272 3068 378 3112 1553)
407 3070 653 3104 commentarii
678 3070 715 3104 in
741 3070 927 3115 Epistulas
952 3070 1118 3115 paulinas
1148 3070 1326 3114 (Venetiis
1356 3069 1475 3113 1551).
1511 3069 1652 3103 Sanctis
1679 3069 1831 3112 Pagnini
1852 3067 1892 3102 O.
1911 3068 1969 3102 Pr.

208 3121 245 3164 (†
266 3122 370 3165 1541)
393 3122 549 3156 Lexicon
574 3123 791 3158 hebraicum.
826 3123 927 3158 Eliae
950 3123 1099 3158 Levitae
1117 3123 1235 3157 iudaei
1256 3123 1292 3167 (†
1309 3123 1376 3157 sub
1396 3122 1502 3167 1547)
1523 3122 1767 3157 Grammatica
1791 3121 1970 3155 hebraica.
