2093 3444
309 182 389 218 538.
425 182 590 217 Canisius
616 182 750 218 Lanoio
777 185 845 217 etc.
888 183 981 227 Aug.
1010 183 1151 218 Vindel.
1178 184 1286 218 Mart.
1315 184 1374 218 vel
1401 185 1485 229 Apr.
1516 186 1616 219 1561.
1764 187 1843 228 101

67 301 184 336 altera
210 303 312 346 parte
339 299 553 340 meminerit,
580 301 623 335 de
650 300 782 334 litteris
811 300 1134 344 quadrimestribus
1159 312 1285 345 parum
1311 303 1409 335 recte
1436 302 1642 346 compositis
1664 302 1846 337 Canisium

71 355 125 389 19.
152 353 337 388 Februarii
374 356 410 387 et
448 353 501 387 15.
529 354 651 388 Martii
690 354 798 395 1561,
836 354 877 387 de
914 354 1041 387 iisdem
1077 354 1170 388 iusto
1206 366 1353 388 numero
1389 366 1458 388 non
1494 355 1615 389 missis
1651 355 1846 390 Polancum

70 408 101 442 1.
120 407 244 441 Martii
265 407 352 441 1561
381 407 572 451 scripsisse
593 407 718 452 (supra
741 419 772 451 p.
794 408 849 441 56.
870 407 924 441 60.
946 408 1005 450 74)
1035 409 1071 441 et
1101 408 1318 449 „aestivam“
1349 408 1550 442 studiorum
1577 409 1846 443 renovationem

69 463 156 495 tunc
182 461 248 495 sub
276 461 367 494 diem
396 460 531 494 festum
551 459 583 494 S.
605 459 750 503 Georgii
781 460 852 501 (23.
872 460 931 494 vel
955 461 1010 494 24.
1031 460 1181 506 Aprilis)
1211 462 1288 495 fieri
1314 461 1458 495 solitam
1487 473 1584 496 esse:
1613 462 1678 496 lias
1704 462 1848 497 litteras

68 515 135 549 sub
162 514 269 548 finem
296 513 418 548 Martii
446 513 504 548 vel
531 513 674 548 initium
700 514 836 558 Aprilis
864 526 894 548 a.
916 515 1003 548 1561
1034 514 1138 548 datas
1165 526 1244 548 esse
1271 514 1443 549 censebit.
1482 514 1570 548 Cum
1597 517 1717 549 autem
1745 516 1848 550 Cani-

68 568 162 602 sium
189 567 255 602 hoc
281 569 442 612 tempore
477 567 522 601 ad
549 567 724 612 epistulas
760 579 824 601 suo
850 568 993 601 nomine
1025 568 1233 602 scribendas
1268 580 1376 613 opera
1403 568 1441 602 Ρ.
1471 568 1625 603 Hurtadi
1652 569 1763 603 Perez
1795 569 1847 603 uti

68 621 302 656 consuevisse
329 622 470 655 constet
499 620 597 665 (vide
624 632 733 665 supra
760 633 792 665 p.
822 622 877 655 71.
905 621 949 655 88
977 622 1013 654 et
1038 621 1133 655 infra
1159 633 1191 666 p.
1223 621 1327 665 105),
1364 621 1566 655 Hurtadum
1602 622 1669 656 lias
1705 634 1846 667 quoque

70 675 212 709 litteras
239 674 430 719 scripsisse
458 674 604 708 conicio.

900 764 1031 806 538.

172 865 432 921 ALIQUIS
473 865 556 911 DE
596 864 946 912 SOCIETATE
988 865 1058 923 [P.
1101 864 1453 911 HURTADUS
1492 865 1742 924 PEREZ'Z]

469 969 641 1011 nomine
675 968 846 1018 Canisii,
882 967 1121 1022 praepositi
1155 968 1449 1022 provincialis,

158 1069 273 1111 PP.
305 1068 630 1111 NIGOLAO
664 1067 964 1120 LANOIO,
998 1067 1259 1110 IOANNI
1293 1067 1760 1121 CUVILLONIO,

500 1133 899 1176 ALPHONSO
934 1133 1226 1187 PISANO,
1261 1133 1316 1176 S.
1344 1133 1419 1186 J„

554 1215 750 1261 praepositi
777 1215 1010 1260 provincialis
1042 1215 1362 1256 ⁷,consult01·ibus“.

261 1303 431 1351 Augusta
457 1302 734 1341 Vindelicorum
761 1303 827 1339 sub
854 1302 962 1339 finem
989 1301 1115 1339 Martii
1142 1301 1201 1338 vel
1228 1300 1376 1338 initium
1402 1301 1543 1349 Aprilis
1570 1302 1656 1339 1561.

190 1393 247 1427 Ex
273 1393 481 1438 apographo
508 1393 668 1428 eiusdem
694 1393 771 1427 fere
796 1392 989 1438 temporis,
1024 1392 1061 1426 in
1087 1391 1239 1436 collegio
1266 1391 1541 1435 ingolstadiensi
1568 1393 1712 1438 scripto.
1765 1392 1849 1427 Cod.

74 1446 242 1491 „Antiqu.
270 1446 441 1490 Ingolst.“
473 1446 497 1481 f.
526 1447 719 1481 20¹³—21-2.

194 1526 420 1567 Quaestiones
454 1525 503 1558 eis
534 1525 725 1568 proponit,
761 1535 850 1568 quae
875 1527 1033 1567 spectant
1069 1523 1116 1556 (td
1146 1526 1421 1566 procuratorem
1447 1523 1617 1565 Romam,
1653 1523 1742 1556 alios
1778 1523 1850 1555 alio

69 1580 268 1623 mittendos,
295 1579 417 1612 Socios
443 1583 662 1622 augustanos
687 1579 774 1621 stipe
799 1578 1058 1621 sustentandos,
1080 1577 1349 1620 professionem,
1376 1577 1575 1609 doctrinam
1602 1576 1849 1620 christianam,

72 1630 372 1677 ,‚e.⁷cperimenta“‚
400 1633 538 1666 litteras
562 1632 779 1675 scribendas,
806 1631 1023 1664 consultores
1049 1632 1153 1674 ipsos.

877 1720 902 1761 J
907 1719 1049 1761 hesus

190 1803 472 1846 Reuerendus
496 1803 541 1846 P.
566 1802 852 1844 Prouincialis
874 1801 1077 1856 proponit
1099 1802 1206 1843 haec
1228 1803 1391 1855 puncta
1413 1800 1682 1843 Reuerendis
1706 1800 1849 1843 Patri-

72 1870 151 1912 bus
184 1868 518 1920 consultoribus,
553 1871 602 1911 ut
634 1868 688 1911 ad
722 1882 796 1918 ea,
840 1868 954 1921 quod
987 1866 1204 1909 senserint
1235 1866 1279 1908 in
1312 1866 1506 1917 domino,
1540 1866 1847 1920 respondeant,

193 1937 246 1978 ,1.
290 1934 468 1985 Quando
510 1936 578 1977 est
619 1933 858 1976 mittendus
900 1933 1101 1984 Romam,
1149 1931 1222 1986 qui
1264 1931 1309 1973 in
1355 1934 1415 1974 ‚25³
1458 1945 1551 1985 cap.
1596 1931 1848 1974 declaratio.

70 2001 142 2044 8.a
172 2001 312 2055 partis
345 2014 475 2055 super
507 1999 864 2049 constitutioneS,
906 1998 1039 2041 tertio
1073 2011 1243 2052 quoque
1276 2011 1388 2039 anno
1421 1997 1537 2040 mitti
1568 1997 1741 2039 iubetur
1772 2011 1849 2039 no-

72 2066 187 2108 mine
227 2066 364 2108 totius
396 2065 669 2120 prouinciae,
716 2068 762 2107 ut
794 2064 1044 2117 generalem
1086 2064 1138 2106 de
1175 2063 1304 2105 rebus
1347 2063 1402 2105 ad
1443 2062 1711 2117 prouinciam
1752 2077 1850 2117 per-

70 2131 312 2174 tinentibus
344 2134 522 2173 moneat
539 2131 566 2174 1.

193 2199 232 2240 2.
275 2197 346 2239 An
386 2195 660 2238 scribendum
701 2196 887 2238 Romam
922 2195 1144 2246 uideatur,
1188 2197 1335 2237 Vtrum
1368 2193 1574 2248 expediat
1614 2192 1754 2246 magis
1795 2207 1850 2235 ex

71 2262 361 2317 eleemosynis
392 2261 621 2315 Augustae
655 2275 783 2315 quam
817 2275 872 2303 ex
906 2260 1084 2315 capituli
1116 2259 1301 2315 pecunia
1335 2259 1544 2301 uiuereP2

193 2330 246 2371 .3.
280 2328 351 2370 An
383 2327 614 2370 uideantur
644 2326 778 2380 aliqui
809 2326 1011 2369 mittendi
1033 2340 1110 2380 per
1131 2324 1401 2380 prouinciam
1433 2324 1502 2366 uel
1534 2323 1723 2378 ipsorum
1748 2337 1850 2377 pro-

72 2393 274 2445 bationis,
307 2393 378 2435 uel
410 2393 708 2447 proximorum
741 2391 891 2446 auxilij
927 2393 1089 2433 causa?

194 2460 247 2502 .4.
282 2458 503 2508 Quomodo
536 2458 732 2500 aedenda
764 2457 852 2499 sint
883 2457 959 2499 illa
991 2458 1096 2499 uota
1129 2455 1354 2510 simplicia,
1392 2469 1502 2509 quae
1534 2453 1720 2509 professi
1751 2457 1850 2508 post

73 2524 366 2579 professiones
399 2523 599 2566 emittere
631 2524 901 2566 tenentur.93

196 2675 210 2690 ³
236 2671 269 2704 4.
297 2681 419 2713 apoqr.
433 2682 446 2711 ;
471 2670 548 2702 vide
573 2670 689 2713 infra,
716 2669 800 2702 adn.
831 2671 850 2702 1
876 2668 984 2701 huius
1003 2679 1089 2711 pay.

197 2805 205 2824 ¹
234 2805 271 2838 S.
290 2805 455 2848 anatius
479 2802 683 2837 huiusmodi
713 2802 1036 2847 „procuratore1n“,
1064 2806 1104 2836 ut
1131 2802 1273 2842 vocant,
1300 2799 1395 2834 mitti
1422 2799 1529 2834 iussit
1553 2798 1590 2832 in
1609 2797 1850 2832 declaratione

74 2857 103 2892 B
129 2857 240 2902 capiti
277 2856 434 2891 secundo
472 2858 624 2890 octavae
662 2855 776 2900 partis
804 2854 1109 2889 Constitutionum
1145 2854 1279 2888 addita.
1331 2853 1515 2893 Canisius,
1552 2863 1633 2886 cum
1660 2850 1851 2885 Societatis

74 2911 191 2957 prima
217 2909 452 2954 congregatio
479 2908 661 2953 generalis
690 2909 743 2943 10.
771 2908 993 2953 Septembris
1023 2907 1113 2942 1558
1140 2906 1306 2941 absoluta
1333 2908 1440 2945 esset,
1468 2906 1623 2939 fortasse
1650 2904 1850 2944 dubitabat,

74 2975 230 3009 quonam
257 2963 341 2998 anni
370 2963 460 2997 1561
487 2973 610 2997 mense
635 2963 847 3007 procurator
871 2961 934 2996 ille
960 2962 1110 2995 Romam
1135 2960 1335 2994 mittendus
1361 2961 1469 2993 esset.

195 3018 209 3038 ²
234 3017 261 3051 I.
289 3028 319 3052 e.
347 3028 392 3051 ex
418 3015 589 3061 pecunia,
625 3027 718 3060 quae
745 3015 889 3050 Canisio
916 3013 1136 3049 cathedralis
1162 3013 1337 3048 ecclesiae
1364 3010 1601 3046 contionatori
1637 3022 1657 3044 a
1692 3009 1850 3055 capitulo

73 3070 262 3115 assignata
289 3072 386 3111 erat3
418 3069 500 3104 vide
531 3069 617 3103 Can.
645 3069 734 3114 Epp.
763 3069 806 3110 ΙΙ,
834 3068 1034 3103 385-386.
1062 3067 1142 3102 524.
1170 3066 1250 3101 843.
1302 3067 1340 3100 S.
1366 3067 1530 3110 Iynatae'us
1556 3063 1678 3098 Socios
1704 3075 1848 3108 operam

73 3124 202 3169 gratis,
228 3123 327 3158 nullo
354 3122 513 3158 admisso
531 3121 674 3164 salario,
701 3124 888 3167 praestare
914 3121 1079 3162 volebat;
1107 3120 1152 3155 cf.
1176 3119 1263 3154 Can.
1283 3119 1371 3164 Epp.
1399 3119 1424 3160 I,
1453 3119 1538 3159 50⁹3
1566 3117 1609 3158 II,
1640 3117 1706 3151 150
1768 3117 1849 3152 385.

198 3178 210 3198 ³
235 3177 288 3211 De
313 3176 372 3210 his
398 3176 480 3211 vide
506 3187 616 3221 supra
640 3187 674 3220 p.
702 3175 779 3210 922.
