2093 3444
222 220 306 260 604
428 216 584 250 Monum.
615 216 847 260 (augustana)
878 215 957 250 239.
988 215 1165 259 (Exeunte
1192 228 1221 250 a.
1253 217 1338 250 1561
1369 218 1404 250 01
1428 217 1573 251 1110111110
1600 228 1631 251 3.
1661 217 1778 261 1562.)

220 335 449 376 transeunt
464 334 490 374 1.
555 332 770 375 Curantur
810 332 947 374 indies
985 333 1124 386 magis
1167 347 1216 375 ac
1255 333 1416 386 inagis,
1461 348 1570 387 quae
1612 334 1665 376 ad
1699 335 1779 376 Dei
1813 335 1983 377 domum

222 397 459 440 ornandam
481 397 713 451 pertinent.
749 400 791 439 et
814 397 1104 440 restituuntur
1136 398 1344 451 singularj
1369 399 1524 450 studio,
1559 413 1670 452 quae
1693 399 1985 454 superioribus

222 463 346 505 annis
368 463 664 505 Iconoclastae
697 463 1019 511 submouerant,
1054 465 1098 505 et
1130 463 1264 505 sacris
1296 463 1340 504 in
1369 463 1475 505 locis
1508 464 1707 517 sacrilegi
1739 465 1985 518 prophana-

221 531 323 570 rant
357 563 364 570 .
399 528 528 570 Dolet
569 527 741 569 interim
775 527 941 570 Sathan
975 527 1132 570 Christi
1163 542 1343 580 regnum
1385 528 1502 571 intus
1546 532 1589 571 et
1621 529 1728 571 foris
1759 529 1984 584 illustrarj,

220 607 442 646 nouosque
464 592 666 647 palmites
698 592 741 633 in
764 593 844 634 hac
866 592 993 634 uinea
1015 595 1105 634 tam
1129 593 1245 635 laete
1277 607 1327 635 ac
1350 593 1439 635 late
1471 607 1744 636 succrescere
1780 629 1787 637 .
1822 594 1985 637 Multos

222 673 325 712 ergo
368 659 577 700 subornat
609 672 632 699 e
665 657 886 711 sectarijS,
928 657 1166 711 horumque
1200 658 1526 700 concionatores
1567 659 1776 701 aduersus
1817 673 1894 701 nos
1935 673 1986 702 ac

221 724 327 766 Jesu
360 724 616 765 societatem
649 737 818 764 0111110111
852 722 1055 772 001101131,
1090 726 1137 765 111
1161 723 1274 776 quod
1307 723 1493 766 ueritate
1526 738 1610 766 non
1636 727 1831 779 possunt,
1865 737 1985 766 men-

220 789 390 838 tiendo,
435 788 757 838 calumniando,
798 787 1093 830 maledicendo
1126 788 1352 842 perficiant
1384 789 1499 843 apud
1530 789 1686 842 uulgus
1724 789 1984 844 imperitum.

222 854 482 896 Crediderim
517 853 592 895 uix
624 853 756 895 ullum
788 852 959 907 prodire
991 867 1150 895 nouum
1184 867 1291 907 opus
1324 854 1687 905 aduersariorum,
1722 869 1804 908 quo
1828 854 1984 909 Canisij

222 922 265 961 et
296 918 628 961 Jesuitariorum
672 932 777 971 quos
819 921 863 960 et
903 918 1171 960 Jebusaeos‘2
1212 922 1393 969 uocant,
1437 918 1611 961 nomina
1651 933 1736 961 non
1777 919 1986 973 perstrin-

220 988 402 1038 gantur,
446 986 489 1026 et
520 984 805 1026 traducantur
839 999 847 1025 :
881 984 957 1025 sed
990 998 1015 1025 a
1046 984 1207 1026 talibus
1248 984 1485 1038 uituperarj
1519 984 1688 1026 laudari
1728 988 1795 1027 est
1829 1020 1837 1028 .
1871 984 1986 1027 Nam

220 1050 319 1091 boni
362 1052 406 1091 et
438 1049 657 1103 sapientes
698 1048 778 1103 uirj
812 1051 936 1091 tanto
970 1048 1021 1090 de
1062 1049 1185 1090 nobis
1218 1049 1483 1103 praeclarius
1525 1052 1569 1091 et
1607 1049 1800 1093 sentiunt
1842 1052 1886 1092 et
1922 1050 1986 1092 lo-

221 1118 410 1168 quuntur
442 1114 626 1169 passim,
671 1128 753 1166 quo
793 1114 933 1155 minus
966 1114 1186 1167 placemus
1225 1114 1321 1156 istis
1355 1114 1760 1165 calumniatoribus,
1804 1114 1876 1168 qui
1908 1115 1984 1157 ali-

221 1180 392 1233 quando
415 1179 628 1233 magicam
653 1182 805 1229 artem,
839 1181 882 1221 et
905 1178 1049 1220 nescio
1073 1193 1183 1232 quae
1216 1179 1384 1233 impura
1406 1180 1528 1222 nobis
1555 1180 1736 1222 licenter
1758 1180 1985 1234 affingunt,

221 1248 268 1288 111
309 1245 378 1287 uel
418 1245 481 1288 ita
522 1244 558 1286 si
591 1244 759 1299 possint
790 1247 984 1286 nostram
1025 1244 1137 1298 apud
1171 1245 1375 1298 populum
1418 1245 1589 1288 eleuent
1631 1246 1940 1288 authoritatem
1977 1281 1984 1288 .

220 1311 454 1353 Praetereo
488 1310 640 1363 quibus
673 1309 933 1363 quantisque
973 1309 1085 1351 curis
1127 1324 1177 1351 ac
1211 1309 1398 1364 negotijs
1431 1311 1610 1352 subinde
1642 1311 1774 1354 Pater
1806 1311 1986 1353 Prouin-

220 1375 341 1417 cialis
374 1377 523 1418 noster
555 1375 827 1429 impediatur,
862 1378 908 1417 111
931 1374 1187 1417 Prouinciae
1210 1374 1335 1417 huius
1359 1375 1551 1429 Collegia
1583 1376 1666 1418 rite
1699 1375 1984 1424 administret,

220 1444 267 1483 ut
309 1443 563 1494 magna-tum
605 1440 718 1482 uotis
761 1444 803 1483 et
836 1440 974 1482 literis
1012 1440 1311 1494 frequentibus
1354 1441 1599 1484 satisfaciat
1765 1441 1986 1484 Habemus

221 1509 265 1549 et
297 1520 444 1548 curam
477 1509 724 1560 egrotorum
760 1520 866 1559 quos
899 1506 1085 1560 proprijs
1119 1506 1268 1547 edibus
1300 1506 1471 1548 Domini
1503 1507 1691 1561 Fuggerj
1723 1507 1847 1549 nobis
1880 1507 1986 1549 ami·

221 1571 380 1623 cissimj
424 1572 563 1614 solent
609 1571 808 1625 excipere
854 1573 985 1624 atque
1030 1573 1338 1613 conseruare3:
1386 1586 1524 1625 neque
1568 1586 1667 1614 raro
1713 1572 1767 1614 ad
1812 1575 1986 1626 egrotos

220 1636 467 1679 inuisendos
500 1636 771 1679 accersimur.
824 1636 1069 1689 Prelegitur
1102 1637 1215 1678 domi
1238 1637 1535 1679 Catechisnius
1568 1637 1780 1680 nobilibus
1812 1637 1984 1687 Pueris;

220 1702 506 1744 admonentur
540 1706 581 1745 et
607 1702 828 1756 Neophyti
850 1702 975 1745 festis
999 1701 1149 1743 diebus
1172 1702 1345 1756 priuata
1368 1703 1554 1756 quadam
1579 1703 1882 1746 exhortatione
1907 1738 1914 1745 .
1942 1739 1949 1746 .
1977 1740 1983 1747 .

1037 1836 1166 1878 235).

728 1931 893 1967 Exeunte
920 1942 953 1968 a.
980 1931 1053 1968 1561
1080 1933 1116 1967 et
1143 1931 1291 1968 ineunte
1318 1942 1349 1968 a.
1378 1931 1470 1968 1562.

336 2021 392 2054 Ex
419 2020 625 2066 apographo
652 2021 855 2055 litterarum
882 2020 920 2054 P.
950 2020 1130 2055 Guiliehni
1159 2021 1330 2061 Elderen,
1366 2021 1489 2054 eodem
1524 2021 1599 2055 fere
1629 2024 1789 2066 tempore
1817 2021 1984 2056 Coloniae

217 2086 237 2108 a
264 2075 302 2108 P.
332 2076 519 2108 Leonardo
545 2075 666 2108 siesse]
692 2074 725 2108 S.
754 2074 786 2108 J.
813 2075 958 2119 scripto.
1002 2073 1102 2115 Quod
1129 2077 1250 2108 exstat
1276 2074 1311 2108 in
1338 2074 1413 2108 cod.
1441 2074 1553 2108 colon.
1585 2074 1745 2115 ,Kess.“,
1772 2075 1807 2108 in
1834 2086 1865 2108 a.
1895 2075 1984 2109 1562

218 2128 242 2162 f.
271 2128 410 2162 lb—Qa.
461 2128 512 2162 Ac
549 2127 676 2162 Kessel
713 2127 855 2172 quidem
891 2127 1098 2172 apographo
1132 2127 1334 2172 inscripsit:
1379 2127 1452 2167 ,Ex
1487 2127 1602 2161 literis
1639 2128 1676 2161 P.
1714 2127 1903 2173 Canysij‘}
1948 2131 1984 2162 at

217 2193 345 2215 nomen
376 2181 623 2224 „Guilhelmus
649 2180 823 2215 Elderen‘
854 2181 968 2215 eidem
995 2180 1201 2225 apographo
1230 2180 1400 2224 (Kesselii
1427 2180 1548 2223 manu)
1576 2181 1819 2226 subscriptum
1846 2183 1916 2222 051,
1950 2184 1984 2216 01

217 2234 253 2268 in
279 2237 441 2268 extrema
468 2234 643 2279 epistulae
670 2236 771 2279 parte
798 2234 840 2268 de
860 2234 1002 2268 Canisio
1029 2234 1064 2267 iu
1090 2234 1197 2268 tertia
1215 2245 1378 2278 persona,
1404 2236 1444 2268 ut
1467 2233 1585 2268 dicere
1604 2233 1769 2276 solemus,
1796 2235 1982 2275 scribitur;

217 2299 327 2331 quare
353 2290 415 2322 aut
434 2288 637 2322 Kesselium
663 2287 802 2322 calamo
827 2287 969 2332 lapsum
995 2298 1085 2328 esse,
1112 2289 1175 2321 aut
1194 2286 1409 2321 Elderenum
1428 2287 1561 2321 Canisii
1587 2287 1759 2321 mandatu
1784 2288 1983 2333 scripsisse,

218 2343 280 2375 aut
298 2341 364 2375 has
381 2341 522 2375 litteras
541 2353 560 2375 a
580 2340 723 2375 Canisio
741 2340 939 2381 incohatas,
967 2340 1010 2374 ab
1030 2340 1205 2374 Eldereno
1223 2340 1407 2374 absolutas
1427 2351 1505 2374 esse
1524 2340 1677 2381 dixeris;
1706 2340 1870 2376 Canisius
1888 2342 1982 2376 enim

217 2394 283 2428 sub
309 2394 343 2428 id
361 2397 503 2439 tempus
521 2394 687 2437 Augusta
707 2393 967 2437 Ingolstadium
994 2393 1190 2427 arcessitus
1209 2404 1287 2427 0550
1305 2393 1449 2427 videtur
1471 2393 1520 2436 (v.
1540 2394 1642 2435 infra,
1670 2406 1763 2428 mon.
1782 2395 1861 2429 293.
1882 2395 1981 2438 294).

337 2471 397 2503 Ex
423 2471 609 2504 norissimo
635 2471 787 2504 iuhilaeo
816 2471 911 2503 Socii
936 2471 1130 2513 auffltstam‘
1154 2471 1308 2512 effreyios
1330 2471 1472 2513 pietatis
1496 2470 1638 2512 fructus
1664 2471 1762 2514 apud
1796 2471 1982 2505 catholicos

218 2524 437 2567 colleyerzmt.
472 2524 581 2557 sslultz'
598 2525 645 2556 ad
663 2525 838 2557 ecclesiam
856 2523 1063 2557 catholicam
1081 2527 1330 2564 r‹›1·ert2mt2‹›·‚·
1357 2534 1443 2566 qno->¹
1454 2527 1689 2565 protestantes
1702 2529 1979 2568 persequuntur.

217 2578 482 2610 Exercitz'ornm
509 2577 753 2619 spiritualium
783 2576 928 2609 utilitas.

341 2721 350 2741 ¹
378 2720 431 2754 Cf.
462 2722 548 2755 Can.
575 2719 665 2765 Epp.
691 2719 736 2761 ΙΙ,
763 2719 841 2761 863,
869 2722 905 2753 et
931 2731 1039 2764 supra
1066 2731 1099 2764 p.
1127 2720 1207 2754 590.
1235 2720 1314 2754 592.
1342 2720 1421 2754 599.

338 2774 350 2794 ‘-’
377 2773 509 2808 Notum
544 2776 619 2814 est,
656 2773 959 2818 palaestinensem
993 2772 1087 2807 hunc
1113 2772 1302 2818 populum,
1339 2772 1439 2807 cuius
1470 2772 1507 2807 in
1532 2784 1635 2807 sacra
1662 2772 1848 2818 Scriptura
1874 2785 1980 2819 saepe

217 2827 258 2861 fit
283 2828 428 2868 mentio,
453 2826 547 2860 idola
573 2826 726 2860 coluisse
752 2828 787 2859 et
812 2825 988 2860 Israelitis
1013 2837 1120 2871 saepe
1146 2825 1329 2860 inimicum
1355 2837 1393 2860 se
1419 2826 1638 2871 praebuisse.

339 2880 351 2900 ³
376 2881 479 2914 Anno
507 2880 617 2921 1519,
652 2879 769 2923 inquit
795 2890 825 2913 a.
856 2879 944 2913 1647
975 2879 1127 2913 Carolus
1152 2880 1347 2923 Stenqele'zcs
1374 2878 1414 2913 O.
1443 2878 1476 2913 S.
1504 2879 1563 2921 B„
1607 2879 1813 2923 „Augustae
1839 2878 1980 2913 Domini

218 2933 375 2976 Fuggeri
395 2960 402 2966 .
425 2960 431 2966 .
460 2960 466 2967 .
493 2933 587 2967 intra
613 2932 729 2977 ipsam
755 2932 880 2966 vrbem
906 2931 1141 2966 condiderunt
1167 2932 1209 2966 de
1235 2944 1298 2966 suo
1324 2932 1535 2966 suburbium
1561 2934 1705 2966 centum
1731 2934 1766 2966 et
1791 2943 1858 2966 sex
1883 2932 1979 2966 habi-

218 2986 418 3020 taculorum
439 3013 445 3020 .
467 3013 473 3020 .
501 2985 537 3020 in
563 2997 669 3020 vsum
694 2985 865 3026 tenuium,
893 2985 956 3019 sed
973 2984 1070 3028 frugi
1089 2984 1231 3019 ciuium.
1266 2985 1403 3019 Nomen
1421 2985 1453 3019 ei
1472 2984 1610 3030 oppido,
1636 2985 1817 3028 Fuggeria
1843 2987 1898 3019 est
1917 3013 1924 3020 .
1944 3013 1950 3019 .
1973 3013 1977 3018 .

218 3039 363 3073 Eisdem
388 3039 556 3074 AEdibus
576 3066 583 3073 .
604 3066 610 3073 .
631 3066 638 3073 .
666 3038 844 3073 Sacellum
862 3064 870 3072 .
890 3065 897 3072 .
925 3037 1104 3072 adiectum
1130 3040 1186 3072 est
1211 3049 1232 3072 a
1251 3038 1373 3072 Marco
1392 3038 1556 3082 Fuggero
1573 3038 1805 3073 MDLXXXI.
1844 3038 1977 3073 Ibidem

219 3094 255 3126 et
288 3103 352 3136 pro
387 3092 522 3126 exteris
557 3091 746 3135 vtriusque
780 3102 890 3125 sexus
923 3090 1071 3124 XXXII.
1109 3090 1247 3125 Gallico
1281 3091 1404 3125 morbo
1439 3091 1583 3126 infectis
1617 3090 1853 3125 Nosocomion
1889 3091 1979 3134 ligni

220 3144 369 3179 Guaiaci
394 3145 596 3187 curatione,
631 3144 738 3190 paulo
773 3146 854 3189 post
879 3143 923 3178 ab
949 3143 1076 3189 ijsdem
1102 3143 1278 3187 Fuggeris
1304 3144 1492 3178 fundatum
1519 3146 1574 3178 est
1603 3143 1751 3188 (Rerum
1777 3144 1977 3188 Augustan.

221 3197 504 3232 Commentarius
530 3209 562 3243 p.
590 3197 686 3242 261).
743 3197 961 3241 ‚Fuggeriff
991 3197 1098 3230 etiam
1124 3207 1217 3230 nunc
1244 3198 1374 3231 exstat.
