2093 3444
518 157 675 192 Monuni.
705 158 932 201 (tridentina)
961 159 1040 193 357.
1071 158 1141 199 (22.
1169 159 1255 193 Maii
1285 160 1402 200 1:362.)
1762 162 1845 202 733

77 272 306 328 purgensis
321 275 348 323 1,
383 276 430 315 ut
462 274 726 317 -Jesuitarum
745 276 774 326 2,
808 278 857 318 ut
891 276 1147 330 Gropperiss,
1182 280 1226 319 et
1258 277 1474 319 similium.
1539 277 1607 318 Ex
1640 277 1705 318 his
1738 292 1847 319 unus

79 341 155 381 aut
196 339 309 381 alter
350 338 473 391 quasi
515 339 757 382 ordinariae
798 340 1084 383 institutionis
1125 341 1168 383 in
1210 341 1445 395 puerilibus
1487 342 1645 384 scholis
1677 356 1848 396 semper

78 402 259 458 proponi
289 403 479 454 deberet,
513 418 592 446 nec
614 405 687 446 alii
709 405 819 448 citra
842 420 1097 448 consensum
1122 406 1434 448 ordinariorum
1457 421 1639 460 usquam
1662 407 1846 450 admitti.

198 496 237 530 In
263 496 363 530 brevi
395 497 542 539 ,Libelli
569 498 855 533 reforniationis“
885 511 1045 541 summa,
1081 512 1173 543 quae
1205 512 1225 534 a
1253 502 1384 544 Sarpio
1414 500 1465 543 (in
1491 500 1672 534 Historiae
1708 501 1849 535 concilii

78 550 263 584 tridentini
288 549 310 584 1.
339 551 370 584 6.
400 551 449 593 [in
476 551 558 585 edit.
587 553 745 595 gorinch.
774 553 917 597 saepius
943 555 1140 587 memorata
1166 566 1198 598 p.
1226 553 1445 597 465-467D
1474 556 1508 587 et
1534 566 1555 587 a
1578 556 1769 598 Ii'ajsncddo
1798 554 1848 597 (in

78 603 270 637 Annalium
298 603 384 638 eccl.
411 603 450 638 T.
478 604 572 639 XXI.
600 604 639 639 P.
667 606 698 639 2.
734 605 769 639 in
797 617 827 640 a.
858 606 946 640 1562
980 618 1013 640 n.
1041 607 1100 649 59)
1140 607 1236 640 edita
1272 609 1346 648 est,
1387 607 1598 649 „Postillaffl
1637 610 1777 641 tantum
1813 610 1849 641 et

83 657 293 700 „Agendae“
324 656 365 690 fit
390 658 543 698 mentio;
570 659 605 692 in
633 659 829 703 copiosiore
855 661 973 693 autem
1001 659 1062 693 illa
1093 659 1258 701 „Summa
1284 660 1551 700 articulorum,
1579 672 1669 704 quae
1696 661 1732 694 in
1758 661 1847 695 Ven.

79 709 344 744 Bartholomaei
370 722 390 744 a
416 711 658 756 Martyribus‚
694 712 799 746 unius
836 724 880 746 ex
915 713 1077 757 patribus
1112 713 1336 754 tridentinis,
1371 713 1473 747 libris
1499 714 1652 758 primum
1679 715 1793 754 edita,
1829 726 1849 748 a

79 764 130 797 Le
155 764 236 797 Flac
265 763 302 807 (l.
322 775 350 798 c.
370 764 413 805 V,
441 765 644 808 266—268)
675 766 802 799 iterum
830 777 964 800 excusa
990 768 1054 805 est,
1082 766 1191 800 etiam
1222 766 1440 809 „catholicae
1467 767 1649 801 doctrinae
1675 770 1849 809 summa&

81 828 172 860 quae
204 817 413 862 „perspicua
439 829 502 862 pro
533 821 640 863 captu
668 819 775 852 etiam
801 819 1024 853 indoctorum
1051 819 1305 864 parochorum“
1345 831 1423 854 esse
1459 820 1695 864 parochisque
1729 833 1850 866 ⁷,prae-

78 869 205 904 scribi“
228 871 367 911 debeat,
393 874 631 913 memoratur;
659 872 917 906 catechismum
936 885 1021 907 vero
1047 885 1179 906 novum
1198 873 1274 907 loco
1294 873 1467 907 canisiani
1485 873 1582 908 illius
1601 874 1660 908 vel
1677 874 1847 908 similium

79 923 295 958 auctoritate
331 924 471 958 concilii
507 925 688 960 iuventuti
724 926 879 960 dandum
915 938 1013 964 esse.
1052 926 1088 960 in
1123 925 1222 960 nulla
1258 938 1302 960 ex
1338 926 1393 960 his
1427 927 1578 961 summis
1612 928 1849 971 significatur.

78 977 199 1020 Atque
225 977 406 1019 similiter,
442 977 511 1012 nisi
537 979 653 1020 fallor,
680 979 956 1024 interpretemur
982 981 1121 1024 oportet
1148 980 1258 1013 verba
1284 979 1345 1013 illa
1377 980 1494 1021 „Fidei
1522 980 1703 1014 doctrinae
1730 982 1848 1015 catho-

76 1029 168 1063 licae
193 1030 258 1064 fiat
284 1032 459 1074 quaedam
485 1025 646 1066 sunima“
676 1032 774 1066 illius
798 1032 954 1077 „Syll-abi
980 1033 1252 1077 praecipuorum
1278 1033 1561 1077 postulatoriin1“
1590 1034 1804 1068 Ferdinandi
1822 1035 1849 1068 1.

81 1082 352 1126 (Schelhorm'ns
376 1084 397 1118 1.
426 1097 455 1119 c.
483 1086 508 1126 l,
535 1086 622 1126 591;
650 1088 701 1119 Le
726 1087 808 1119 Plat
833 1086 855 1120 l.
884 1098 912 1120 c.
937 1086 978 1126 V,
1006 1086 1222 1129 260-261),
1249 1098 1354 1130 quem
1381 1088 1423 1120 L.
1451 1098 1480 1121 v.
1507 1088 1632 1121 Ranlce
1657 1088 1778 1122 nescio
1804 1100 1849 1122 an

79 1148 142 1180 pro
160 1136 237 1182 ipso
261 1137 416 1179 „Libello
434 1139 718 1173 reformationis“
741 1139 883 1173 duxerit
903 1139 984 1183 (Die
1002 1139 1203 1173 romischen
1222 1139 1355 1184 Papste
1375 1140 1389 1173 Ι
1408 1139 1454 1184 [2.
1469 1140 1563 1174 Aufl.
1591 1140 1711 1174 Berlin
1733 1141 1849 1185 1838),

80 1190 296 1233 331-332),
323 1191 384 1225 alii
410 1204 495 1226 vero
524 1192 581 1226 vel
607 1193 673 1226 sub
701 1195 892 1227 exeuntem
919 1205 949 1226 a.
980 1194 1070 1227 1562
1098 1192 1156 1226 vel
1181 1204 1273 1226 anno
1302 1193 1391 1227 1563
1422 1193 1595 1238 scriptum
1623 1205 1701 1228 esse
1729 1194 1849 1228 existi-

79 1246 180 1277 mant
209 1244 266 1287 (Ε.
294 1246 492 1290 Rcae'mann,
529 1246 647 1280 Ueber
682 1247 738 1280 die
765 1246 988 1280 Consultatio
1019 1246 1249 1291 Imperatoris
1276 1246 1489 1280 Ferdinandi
1516 1247 1542 1281 Ι.
1569 1250 1647 1289 etc„
1682 1247 1718 1281 in
1749 1248 1850 1290 „For-

79 1296 265 1340 schungen
300 1310 362 1332 zur
388 1299 596 1333 Deutschen
623 1299 859 1334 Gescliiclite“
890 1300 976 1334 VllI
1004 1299 1214 1343 [G'ottingen
1242 1299 1367 1344 1868],
1406 1299 1482 1334 178.
1534 1302 1580 1334 H.
1607 1302 1749 1345 Loeeee,
1784 1301 1850 1336 Die

80 1350 245 1395 Stellung
281 1352 343 1385 des
370 1352 517 1386 Kaisers
544 1353 743 1387 Ferdinand
770 1353 796 1387 Ι.
825 1365 904 1387 zum
931 1353 1097 1387 Trienter
1123 1352 1249 1387 Konzil
1276 1365 1357 1386 vom
1385 1352 1545 1387 Oktober
1572 1354 1660 1388 1561
1689 1354 1744 1388 bis
1770 1366 1850 1388 zum

80 1403 154 1437 Mai
183 1405 273 1438 1562
300 1404 415 1449 [Bonn
446 1405 550 1450 1887]
587 1419 619 1451 p.
649 1407 843 1451 33—34)⁴.
895 1406 1020 1450 Neque
1056 1407 1164 1440 etiam
1200 1406 1410 1441 catechismi
1445 1407 1577 1441 mentio
1612 1407 1654 1441 fit
1688 1408 1724 1442 in
1759 1420 1851 1442 com—

80 1458 266 1499 mentario,
293 1470 362 1503 quo
389 1460 530 1494 concilii
549 1460 670 1504 legati,
698 1472 874 1505 quaenam
900 1460 1012 1494 libelli
1040 1460 1136 1494 illius
1162 1460 1281 1505 capita
1308 1460 1456 1494 concilio
1476 1461 1623 1505 proponi
1649 1473 1754 1506 posse
1781 1474 1850 1496 non

79 1511 309 1551 viderentur,
345 1513 481 1547 caesari
519 1514 769 1559 explicuerunt
808 1515 874 1557 (Le
906 1515 987 1548 Plat
1017 1513 1039 1547 l.
1068 1525 1098 1548 c.
1124 1513 1175 1555 V,
1212 1513 1418 1555 384—388;
1454 1515 1668 1558 Raynalclus
1702 1514 1724 1549 1.
1752 1527 1780 1549 c.
1814 1515 1849 1549 in

81 1576 112 1599 a.
143 1566 232 1599 1562
258 1577 290 1600 n.
320 1566 393 1610 62).

200 1619 398 1654 Concilium
423 1620 658 1655 tridentinum
684 1632 799 1665 neque
818 1620 951 1655 Canisii
978 1620 1245 1662 catechismum,
1272 1620 1307 1654 id
1334 1621 1427 1664 quod
1453 1620 1530 1665 ipse
1549 1620 1752 1665 aliquando,
1778 1633 1851 1655 mo-

81 1671 284 1706 destissime
310 1675 441 1715 tamen,
468 1686 506 1708 se
534 1674 737 1709 desiderare
763 1674 1034 1718 significaverat
1062 1673 1186 1718 (supra
1204 1686 1237 1719 p.
1257 1673 1336 1708 384.
1356 1673 1454 1717 394),
1485 1675 1709 1719 approbavit,
1735 1686 1851 1719 neque

80 1725 190 1760 alium
217 1726 248 1760 ei
283 1727 558 1771 praeferendum
585 1728 643 1762 vel
678 1728 713 1762 in
740 1728 816 1762 eius
852 1728 968 1762 locum
1003 1727 1293 1761 substituendum
1329 1738 1408 1761 esse
1442 1727 1636 1768 indicavit;
1671 1728 1734 1762 sed
1770 1740 1850 1762 cum

86 1779 367 1822 „catechesini“,
404 1793 510 1825 quam
546 1781 692 1826 parochi
731 1793 909 1826 exponere
947 1781 1137 1822 deberent,
1176 1792 1197 1814 a
1230 1780 1393 1825 patribus
1428 1781 1641 1824 quibusdam
1677 1781 1852 1815 conscribi

80 1833 248 1867 iussisset
277 1833 412 1877 (Sessio
439 1834 569 1869 XXIV.
597 1847 625 1869 c.
655 1836 685 1869 7.
713 1835 755 1869 de
782 1834 876 1878 ref.)‚
907 1835 1051 1868 tandem
1078 1845 1153 1868 rem
1180 1845 1318 1868 summo
1344 1834 1502 1879 pontifici
1528 1834 1707 1868 commisit
1732 1834 1852 1868 termi-

80 1886 236 1920 nandam
263 1889 299 1921 et
324 1887 563 1932 evulgandam
592 1888 643 1931 (S.
663 1887 805 1930 XXV).
840 1890 959 1931 Atque
986 1887 1053 1928 ita,
1080 1887 1296 1921 doctissimis
1322 1886 1535 1931 quibusdam
1555 1887 1643 1921 viris
1669 1898 1690 1921 a
1708 1887 1771 1921 Pio
1791 1887 1851 1921 IV.

82 1952 172 1985 opus
198 1941 369 1985 perficere
404 1942 533 1984 iussis,
567 1942 720 1985 insignis
756 1941 816 1975 ille
847 1940 1117 1984 ⁷,Catechismus
1153 1952 1198 1974 ex
1233 1940 1376 1974 decreto
1403 1939 1551 1974 Concilii
1578 1940 1776 1975 Tridentini
1807 1941 1850 1975 ad

82 1993 257 2039 parochos
282 1994 338 2029 Pii
364 1995 407 2030 V.
439 1995 540 2030 iussu
572 1995 709 2030 editus“
741 1995 874 2029 Romae
908 2007 939 2028 a.
970 1995 1060 2028 1566
1095 1994 1249 2039 primum
1275 1993 1425 2038 prodiit;
1461 1994 1505 2027 ad
1532 2005 1638 2038 quem
1670 2006 1714 2028 ex
1740 1994 1853 2028 latino

81 2060 246 2083 sermone
270 2048 307 2083 in
325 2049 572 2092 germanicum
590 2049 879 2083 transferendum
899 2048 1004 2082 etiam
1024 2048 1141 2093 ipsum
1162 2047 1343 2082 Canisium
1362 2058 1505 2091 operam
1528 2059 1630 2082 suam
1657 2047 1853 2082 contulisse

82 2113 146 2136 suo
172 2102 250 2137 loco
276 2104 495 2137 ostendetur.
529 2103 653 2147 Neque
684 2102 953 2144 ⁷,Catechismus
980 2102 1182 2135 Romanus*
1212 2101 1290 2135 sive
1321 2101 1606 2143 „Tridentinus“,
1633 2101 1764 2146 quippe
1791 2101 1851 2145 qui

83 2155 249 2201 parochis
274 2157 319 2191 ad
345 2156 553 2199 docendum,
578 2168 649 2190 non
674 2156 795 2201 pueris
822 2155 867 2190 ad
893 2155 1100 2189 discendum
1128 2154 1330 2189 destinatus
1356 2156 1461 2196 esset,
1492 2154 1746 2199 impedimento
1772 2154 1851 2195 fuit,

206 2283 215 2302 ¹
242 2282 398 2317 Michael
423 2282 581 2326 Helding
610 2281 899 2326 (1:306—1561),
936 2280 1125 2325 episcopus
1151 2280 1206 2314 tit.
1234 2278 1394 2314 sidonius
1423 2278 1474 2323 (et
1499 2279 1749 2322 suffraganeus
1779 2291 1852 2313 mo-

85 2335 294 2378 guntinus),
330 2339 456 2381 postea
491 2335 820 2379 merseburgensis,
854 2336 997 2380 praeter
1033 2333 1242 2378 ampliorem
1268 2332 1368 2366 illam
1399 2332 1683 2375 „institutionem
1710 2332 1755 2366 ad
1780 2332 1852 2377 pie-

84 2391 197 2423 tatem
224 2389 469 2432 christianam,
496 2390 532 2424 in
558 2389 707 2424 concilio
732 2388 946 2434 provinciali
974 2386 1211 2431 [moguntino]
1238 2386 1472 2430 proniissani¹‘
1505 2385 1730 2428 (Moguntiae
1751 2386 1851 2420 1549.

85 2442 236 2477 Parisiis
264 2443 392 2487 1550),
428 2443 691 2488 conscripserat
722 2443 895 2484 „Brevem
920 2440 1182 2475 institutionem
1209 2440 1253 2473 ad
1289 2439 1522 2474 christianam
1554 2438 1726 2483 pietatem
1763 2438 1852 2482 (Mo-

87 2496 234 2539 guntiae
264 2498 364 2531 1549.
394 2497 495 2531 1550.
525 2497 626 2531 1552.
657 2496 758 2530 1561.
801 2494 1022 2538 Antverpiae
1059 2494 1159 2527 1555.
1200 2493 1299 2527 1558.
1340 2493 1468 2535 1565),
1504 2504 1595 2536 quae
1631 2492 1739 2526 etiam
1774 2504 1854 2535 ger-

86 2549 225 2584 manice
254 2550 479 2593 (Moguntiae
507 2551 608 2584 1555.
638 2549 743 2592 1557)
773 2549 870 2582 edita
896 2550 952 2582 est
979 2547 1040 2591 (N.
1067 2547 1204 2580 Paulus
1228 2547 1264 2580 in
1294 2546 1386 2588 „Der
1412 2545 1605 2579 Katholik‘
1639 2546 1696 2580 47.
1725 2545 1851 2588 Jahrg.

87 2603 120 2637 11
148 2603 281 2647 [Mainz
310 2603 427 2648 1894],
453 2603 672 2645 427-429).
817 2602 831 2622 2
857 2601 1001 2636 Canisii.

208 2658 221 2677 3
246 2657 397 2691 Ioannes
433 2657 595 2701 Gropper
631 2654 920 2699 (1502—1559),
964 2653 1156 2688 canonicus
1191 2651 1403 2687 coloniensis
1438 2655 1474 2686 et
1508 2651 1735 2697 praepositus
1770 2651 1852 2685 bon-

87 2711 219 2751 nensis,
246 2713 389 2755 praeter
415 2710 597 2755 copiosum
623 2709 711 2743 illud
735 2707 983 2751 „Enchiridion
1003 2706 1230 2741 Christianae
1254 2705 1510 2740 institutionis“
1541 2704 1724 2747 (Coloniae
1745 2705 1851 2748 1537)

88 2764 303 2809 conscripsit
332 2763 618 2805 „institutionem
645 2761 947 2807 compendiariam
973 2760 1155 2794 doctrinae
1193 2759 1429 2793 christianae“
1462 2757 1646 2802 (Coloniae
1675 2758 1780 2801 1538)
1819 2760 1855 2792 et

92 2818 240 2863 „Capita
265 2816 502 2851 institutionis
528 2817 572 2850 ad
599 2816 788 2861 pietatem⁴⁴
822 2814 1006 2858 (Coloniae
1035 2814 1162 2856 1546),
1189 2824 1280 2857 quae
1311 2811 1477 2857 „Capita“
1509 2823 1539 2845 a.
1570 2811 1659 2846 1547
1687 2810 1853 2846 Coloniae

88 2872 197 2906 etiam
224 2870 428 2915 germanice
454 2869 625 2913 evulgata
650 2871 735 2903 sunt
763 2868 868 2911 (Can.
896 2867 983 2912 Epp.
1011 2866 1037 2908 I,
1064 2867 1131 2901 204
1143 2867 1167 2900 ⁵.
1194 2866 1296 2901 205¹.
1349 2866 1478 2899 Christ.
1507 2866 1692 2909 Moufany,
1718 2864 1853 2898 Katho-

87 2925 201 2960 lische
224 2924 480 2959 Katechismen
507 2923 570 2957 des
595 2921 835 2957 sechzehnten
855 2920 1120 2955 Jahrhunderts
1146 2919 1181 2953 in
1208 2918 1400 2953 deutscher
1417 2918 1575 2963 Sprache
1595 2917 1728 2962 [Mainz
1748 2917 1851 2960 1881]

114 3006 121 3014 .
150 2979 217 3013 243
242 3005 247 3012 .

88 2991 109 3024 p
209 2978 234 3052 4)
248 3031 355 3066 Mich.
382 3032 458 3074 Iyn.
488 3030 664 3074 Schmidt,
699 3028 759 3063 ubi
784 3028 879 3062 hunc
904 3027 1065 3061 libellum
1091 3025 1296 3069 germanice
1327 3036 1474 3059 versum
1508 3026 1545 3058 et
1577 3023 1739 3058 nonnihil
1774 3035 1852 3058 con-

87 3088 243 3120 tractum
270 3084 455 3130 proponit.
482 3095 542 3124 ea,
569 3095 661 3127 quae
687 3082 730 3116 de
761 3081 1028 3124 „catechismis“
1060 3080 1244 3117 dicuntur.
1271 3090 1417 3124 prorsus
1443 3077 1577 3112 omittit
1604 3077 1760 3120 (Neuere
1787 3076 1854 3111 Ge-

89 3139 250 3174 schichte
277 3139 339 3172 der
364 3136 571 3172 Deutschen
598 3136 646 3170 111
674 3134 933 3180 [Frankenthal
961 3133 1078 3178 1785],
1107 3132 1322 3176 169-—188).
