2093 3444
507 152 675 195 Augusta
702 151 971 186 Vindelicorum
1001 151 1055 186 16.
1082 150 1292 185 Decembris
1321 150 1423 185 1561.
1769 152 1852 193 331

77 284 181 312 vero
204 268 446 311 Tridentini
479 283 575 311 eam
607 268 821 311 rationem
854 270 999 320 habet,
1034 272 1084 312 Vt
1113 268 1248 322 varijs
1282 273 1332 310 ea
1363 267 1612 309 nationibus
1641 267 1855 309 maximos

78 338 123 378 et
154 334 413 378 lectissimos
435 334 554 376 viros
588 334 793 387 coegerit,
827 334 934 376 nihil
966 334 1230 377 intentatum
1255 333 1517 386 relinquens,
1553 333 1666 386 quod
1700 333 1754 374 ad
1786 347 1855 374 re-

76 400 349 443 formandam
393 402 437 442 et
477 399 848 452 tranquillandam
882 400 1040 443 Christi
1075 399 1317 441 Ecclesiam
1360 397 1573 453 pertinet,
1616 397 1856 452 Episcopos

76 466 203 508 modo
238 468 410 508 centum
453 465 707 507 conuenisse
747 465 1012 517 audiuimus,
1055 465 1193 508 mittit
1235 478 1336 506 suos
1378 463 1509 506 etiam
1545 463 1700 516 gallia,
1745 477 1856 516 quae

75 545 190 573 nunc
221 531 354 573 habet
385 530 559 581 rectius,
595 544 723 583 quam
757 530 930 585 sectarij
965 531 1117 573 velint.

196 596 374 639 Efficiat
416 609 548 649 queso
589 598 666 638 tua
698 595 862 649 pietas,
906 598 954 638 Vt
995 596 1357 649 quemadmodum
1390 595 1619 648 Augustae
1658 593 1856 636 factuml

78 665 166 713 est,
210 661 324 716 apud
369 675 447 703 vos
493 660 625 703 etiam
666 661 970 715 Indulgentiae
1015 661 1184 705 Vtiliter
1224 660 1523 716 publicentur,
1569 659 1716 714 pijque
1757 673 1856 714 per-

76 730 336 769 moueantur
367 727 423 769 ad
445 726 724 769 excitandum
747 740 770 768 e
802 741 952 768 somno
976 727 1191 770 Christum
1224 727 1267 768 in
1296 727 1377 768 hoc
1399 725 1525 780 graui
1547 725 1856 779 praesentique

76 792 306 846 naufragio
323 793 352 835 2.

196 858 498 912 Agnoscamus
532 861 576 901 et
607 872 886 900 reuereamur
919 872 1013 900 eam
1046 860 1326 912 potestatem,
1360 871 1445 911 qua
1477 857 1520 899 in
1553 856 1684 898 terris
1716 855 1856 897 maior

77 938 173 966 esse
204 938 290 966 non
322 926 481 978 potest,
517 926 562 966 et
595 938 724 977 quam
758 923 919 966 diserte
952 924 1147 966 Christus
1180 926 1304 977 petro
1328 923 1637 977 Apostolorum
1670 921 1853 976 principi

77 989 357 1033 demandauit
372 990 400 1032 3.
465 990 603 1044 Super
634 989 746 1031 hano
778 992 948 1043 petram
982 989 1054 1042 qui
1085 988 1293 1031 fundatus
1324 1003 1410 1030 non
1444 991 1523 1039 est,
1560 987 1724 1030 arundo
1758 1000 1854 1029 esse

76 1057 222 1110 potest
234 1056 263 1106 4,
298 1054 566 1098 Christianus
599 1069 685 1096 non
717 1058 875 1109 potest,
911 1054 1120 1097 aduersus
1142 1054 1253 1097 hanc
1274 1054 1390 1108 petri
1412 1053 1673 1097 Cathedram
1704 1066 1853 1095 omnes

75 1121 305 1175 impiorum
338 1123 469 1171 artes,
503 1120 694 1171 fraudes,
729 1122 773 1162 et
805 1119 922 1162 vires
955 1120 1120 1163 frustra
1153 1120 1415 1174 conspirant.

197 1186 417 1229 Salutabis
460 1200 514 1228 ex
554 1200 645 1237 me,
692 1199 885 1237 sorores,
931 1185 1148 1237 fratres5,
1190 1185 1374 1236 amicos,
1421 1185 1574 1238 quibus
1615 1198 1770 1239 precor
1809 1183 1854 1225 in

77 1251 300 1294 Catholica
344 1252 428 1293 fide
473 1251 788 1301 constantiam,
836 1251 880 1293 in
925 1252 1064 1293 veteri
1108 1251 1320 1293 maiorum
1363 1250 1528 1304 pietate
1575 1249 1766 1292 studium
1810 1251 1855 1291 et

77 1317 277 1360 ardorem
309 1320 588 1372 perpetuum,
633 1320 725 1360 tum
768 1317 1027 1360 charitatem
1061 1331 1165 1359 vere
1197 1316 1460 1368 fraternam,
1503 1330 1588 1370 qua
1625 1330 1672 1357 se
1703 1317 1854 1358 mutuo

78 1383 437 1438 complectantur.

198 1449 334 1491 Recte
356 1449 489 1491 habet
510 1449 675 1492 Doctor
697 1448 992 1490 Theodoricus
1006 1449 1033 1499 6,
1069 1448 1140 1502 qui
1174 1462 1270 1490 cum
1293 1447 1421 1490 laude
1453 1442 1621 1490 nostris
1637 1445 1853 1500 Monachij

77 1516 266 1569 praeest.

196 1580 406 1622 Dominus
428 1580 550 1622 Iesus
583 1594 705 1622 suam
738 1579 861 1622 nobis
883 1579 1074 1634 gratiam
1097 1581 1271 1633 augeat,
1304 1581 1354 1621 vt
1374 1577 1457 1633 ipsi
1479 1577 1638 1631 vbique
1661 1576 1856 1630 gentium

76 1645 301 1697 inseruire,
336 1648 380 1688 et
411 1645 560 1688 multis
593 1646 648 1688 ad
681 1645 772 1688 eius
805 1645 989 1699 gloriam
1024 1645 1298 1687 commodare
1324 1643 1539 1699 possimus
1573 1678 1581 1686 .
1616 1642 1721 1684 nihil
1753 1641 1857 1684 mihi

78 1712 274 1755 futurum
317 1714 384 1754 est
424 1711 553 1754 isthic
593 1711 785 1766 gratius,
830 1726 959 1765 quam
1000 1714 1050 1754 vt
1091 1710 1336 1765 respublica
1367 1712 1519 1751 vestra
1558 1708 1602 1750 in
1635 1707 1858 1751 Catholica

78 1777 289 1831 religione
321 1777 503 1828 sincera,
537 1777 743 1831 pacisque
777 1780 821 1820 et
854 1776 1110 1819 concordiae
1139 1776 1350 1826 studiosa,
1384 1775 1548 1817 nullum
1582 1773 1780 1828 sectarijs
1814 1775 1858 1815 et

78 1842 277 1886 factiosis
309 1843 450 1885 locum
482 1842 710 1896 reliquisse
743 1842 957 1886 videatur.

201 1908 308 1951 Oret
338 1923 417 1963 pro
450 1922 518 1950 me
552 1908 770 1951 dominum
802 1908 944 1963 pietas
976 1910 1074 1959 tua,
1119 1910 1168 1950 vt
1210 1921 1426 1949 cursum
1457 1904 1700 1948 vocationis
1731 1904 1858 1946 liuius

80 1973 164 2017 rite
198 1975 605 2017 consummem7.

198 2057 427 2111 Augustae
462 2058 515 2099 16
549 2057 799 2099 Decembris
836 2058 961 2099 1561.

1504 2114 1550 2156 Ρ.
1586 2112 1794 2155 Canisius.

200 2205 251 2248 In
294 2205 481 2248 Concilio
527 2206 651 2248 adest
694 2205 945 2261 patriarcha
989 2204 1451 2254 Hierosolimitanusss,
1498 2205 1543 2246 et
1584 2204 1609 2244 3
1651 2199 1857 2255 Episcopi

82 2271 221 2327 greci,
265 2271 458 2315 adfuturi
489 2271 639 2314 breuib
681 2272 883 2314 dicuntur
918 2273 969 2314 16
1003 2271 1206 2326 Episcopi
1249 2285 1304 2313 ex
1341 2269 1510 2326 gallicis,
1555 2282 1650 2310 cum
1684 2269 1857 2309 oratore

202 2423 216 2438 a
243 2419 279 2452 et
304 2418 352 2452 H.
451 2417 465 2438 ¹³
491 2417 652 2452 breviter
679 2419 726 2452 H.

83 2555 327 2590 Romanorum
353 2555 535 2600 [Coloniae
565 2554 669 2599 1600]
706 2566 738 2599 p.
766 2553 985 2597 438-439).
1037 2553 1195 2588 Litteras
1230 2553 1497 2588 reformationis
1532 2552 1646 2587 Rotae
1681 2563 1861 2593 romanae,

83 2609 390 2644 Poeni‘t-entiariae
426 2608 664 2654 apostolicae,
700 2607 892 2642 tribunalis
929 2607 1101 2642 Camerae
1136 2607 1355 2653 apostolicae
1389 2609 1456 2642 etc.
1492 2607 1558 2641 sub
1594 2607 1629 2640 id
1664 2608 1806 2650 tempus
1841 2617 1862 2639 a

84 2662 149 2697 Pio
175 2662 236 2697 IV.
273 2663 378 2697 datas
412 2663 496 2697 vide
530 2663 567 2697 in
592 2662 760 2696 Bullarto
786 2661 946 2695 Romano
973 2661 1041 2696 VII
1071 2661 1237 2707 (Neapoli
1266 2661 1393 2705 1882),
1435 2660 1632 2695 155—158.
1663 2659 1859 2694 193—197.

86 2716 286 2751 203—207.
314 2716 428 2750 214—
433 2716 513 2751 227.

208 2771 218 2790 ¹
245 2769 338 2804 Vide
364 2770 468 2812 infra,
495 2780 651 2803 monum.
679 2768 794 2803 236-
799 2768 879 2803 239.
907 2769 988 2803 248.

206 2823 220 2844 2
250 2823 391 2866 „Motus
416 2834 570 2867 magnus
596 2822 716 2857 factus
743 2824 799 2856 est
823 2822 860 2856 in
886 2822 976 2856 mari
1002 2822 1064 2864 ita,
1090 2823 1131 2856 ut
1155 2821 1326 2856 navicula
1352 2801 1551 2866 ope1iretur
1568 2820 1757 2861 fluctibus;
1784 2819 1861 2865 ipse

86 2888 172 2911 vero
199 2876 410 2912 dormiebat.
463 2876 510 2911 Et
534 2881 768 2910 accesserunt
793 2875 838 2909 ad
864 2887 943 2910 eum
971 2875 1138 2921 discipuli
1165 2875 1260 2917 eius,
1297 2877 1333 2909 et
1367 2874 1638 2909 suscitaverunt
1672 2885 1773 2915 eum,
1813 2873 1862 2907 di-

86 2932 229 2965 centes:
256 2930 418 2973 Domine,
444 2930 549 2964 salva
574 2941 650 2970 nos,
677 2928 854 2974 perimus*
872 2942 879 2964 :
906 2929 1037 2964 Matth.
1064 2929 1097 2971 8,
1123 2930 1179 2963 24.
1207 2929 1263 2963 25.

208 2984 220 3004 ³
247 2984 300 3018 Cf.
327 2983 459 3018 Matth.
488 2983 541 3025 16,
572 2983 720 3017 13-19,
763 2982 812 3017 Ιο.
839 2983 895 3024 21,
925 2983 1073 3017 15-—17.

209 3038 222 3057 ⁴¹
249 3037 304 3072 Of.
329 3037 461 3072 Matth.
490 3037 521 3078 7,
548 3037 613 3077 24;
644 3036 696 3078 16,
726 3035 779 3070 18.
821 3035 907 3071 Luc.
936 3037 966 3077 7,
995 3037 1050 3070 24.

209 3091 222 3111 5
248 3091 386 3125 Horum
412 3089 557 3125 nomina
582 3089 665 3124 vide
695 3090 782 3124 Can.
809 3089 899 3135 Epp.
928 3090 970 3132 II,
997 3089 1064 3124 481
1076 3090 1099 3124 ⁶.
1199 3089 1212 3109 ⁶
1239 3088 1416 3122 Canisius.

209 3145 221 3165 ⁷
246 3144 328 3178 Act.
355 3144 411 3185 20,
438 3143 494 3177 24.
537 3143 558 3177 2
585 3143 674 3177 Tim.
701 3143 734 3185 4,
762 3144 793 3178 7.
893 3144 906 3164 ⁸
931 3143 1111 3177 Antonius
1137 3142 1215 3176 Elio
1240 3141 1569 3186 justinopolitanus.
