2093 3444
559 206 725 248 Augusta
751 204 1019 239 Vindelicorum
1046 205 1077 238 3.
1106 203 1192 237 Maii
1221 204 1322 237 1561.
1748 206 1832 245 133

57 326 197 368 uisum
232 325 336 373 erit,
379 338 492 365 nunc
525 325 579 365 ad
612 323 924 377 professionem
959 323 1090 365 etiam
1123 322 1250 364 simul
1289 322 1482 371 admitti,
1527 322 1618 363 siue
1649 323 1724 364 illa
1757 324 1834 364 fiat

59 392 298 443 Augustae,
334 389 426 431 siue
459 389 573 431 alibi.
623 389 723 430 Jam
756 391 899 439 antea,
934 388 978 430 ni
1010 388 1152 437 fallor,
1187 387 1241 428 ad
1274 387 1324 429 R.
1359 387 1405 429 T.
1441 386 1607 440 scripsi,
1642 387 1835 429 delectos

57 456 161 497 mihi
203 468 298 496 esse
340 454 609 496 consultores
651 457 742 496 tres
775 455 989 496 Doctores
1022 451 1431 506 Jngolstadienses1
1474 452 1549 493 sed
1591 452 1769 505 cupiunt
1810 466 1835 493 a

59 521 109 563 R.
144 521 190 564 T.
225 519 473 574 specialiter
512 519 555 560 in
588 519 668 560 1100
700 533 877 560 munere
920 517 1186 568 confirmari,
1231 531 1394 570 suaque
1434 517 1578 558 officia
1611 517 1833 570 explicarj,

27 594 30 597 ⁴
58 590 107 629 ut
139 585 301 628 rectius
334 584 563 626 consulant
596 584 869 637 Prouincialj.
964 637 967 640 y

178 651 282 693 Cum
315 650 380 691 his
413 649 577 692 contuli
610 650 661 691 de
695 650 819 691 domo
843 648 1124 703 probationis,
1160 662 1270 701 quae
1302 650 1427 690 tanto
1461 647 1601 700 magis
1634 662 1746 688 nunc
1780 647 1836 689 sit

59 716 318 766 necessaria,
354 729 436 768 quo
460 715 606 769 plures
639 729 684 755 se
719 715 905 756 offerunt
928 714 1123 756 Viennae
1147 714 1355 767 Tyrones.
1401 713 1535 755 Putat
1558 714 1608 756 D.
1633 713 1837 766 Lanoyus

58 781 318 824 Viennensis
351 780 522 834 collegij
547 780 796 833 angustiam
828 780 902 821 uix
926 779 1052 830 ferre,
1088 781 1135 821 ut
1163 779 1314 820 doinus
1338 778 1606 832 probationis
1640 778 1834 828 accedat,

58 862 156 889 cum
188 847 307 888 locus
342 845 474 889 etiam
507 845 565 888 sit
597 845 805 887 obscurus
839 848 883 887 et
916 844 1268 887 Melancholicus.
1314 843 1477 885 Suadet
1509 843 1644 896 igitur
1668 843 1837 896 Pragae

58 912 204 967 potius
236 913 370 955 talem
413 911 586 953 domum
619 910 777 964 extruj.
841 910 906 951 De
939 909 1182 964 sumptibus
1214 909 1329 951 inter
1361 923 1408 950 se
1446 908 1716 962 partirentur
1749 908 1837 949 col-

58 977 187 1031 legia,
222 982 270 1020 ut
303 991 426 1019 suam
457 975 792 1028 unumquodque
815 977 986 1029 partem
1020 974 1239 1016 conferret
1267 975 1350 1016 ad³
1382 973 1591 1015 fouendos
1625 973 1836 1015 alumnos.

60 1043 223 1084 Verum
257 1043 309 1085 de
340 1042 421 1084 hoc
452 1041 614 1083 rectius
645 1041 689 1082 in
721 1040 972 1082 uisitatione
994 1039 1090 1094 ipsa
1113 1040 1407 1082 concludetur.
1452 1039 1545 1081 Nec
1579 1038 1836 1093 displicebit,

60 1111 109 1150 ut
141 1122 284 1162 spero,
318 1108 366 1150 T.
391 1107 441 1150 R.
476 1107 512 1148 si
545 1120 625 1159 ego
659 1105 917 1148 uisitaturus
951 1105 1118 1155 abeam,
1153 1108 1202 1146 vt
1228 1105 1278 1146 D.
1304 1105 1527 1158 Lanoyum
1562 1118 1730 1145 mecum
1762 1104 1838 1145 ab-

60 1174 230 1224 ducam,
264 1173 378 1216 sicut
411 1175 454 1215 et
476 1185 589 1214 anno
623 1170 844 1226 superiore
877 1170 1043 1213 factum
1077 1173 1164 1220 est,
1201 1170 1283 1211 nisi
1316 1170 1430 1212 forte
1462 1169 1577 1211 illius
1610 1170 1703 1211 loco
1736 1169 1839 1210 mihi

59 1239 226 1280 seruire
258 1238 397 1293 possit
418 1237 464 1280 P.
489 1237 728 1287 Hurtadus,
763 1236 839 1278 sed
872 1237 1009 1277 multo
1042 1235 1190 1277 utilior
1213 1236 1259 1278 P.
1283 1236 1501 1289 LanoyuS.
1536 1249 1635 1276 nam
1670 1237 1717 1276 ut
1748 1238 1839 1277 tres

60 1305 267 1346 abeamus
301 1304 356 1346 ad
387 1303 468 1345 hoc
500 1302 800 1352 ministerium,
836 1316 920 1343 non
954 1301 1016 1343 ita
1050 1301 1344 1343 necessarium
1377 1300 1578 1343 arbitror.

181 1369 375 1412 Petimus
419 1368 541 1410 nobis
587 1367 820 1421 condonarj
867 1381 892 1408 a
934 1367 984 1411 R.
1024 1366 1073 1409 T.
1117 1367 1231 1420 quod
1275 1366 1356 1408 hoc
1397 1366 1599 1407 Triennio
1644 1364 1839 1419 proximo

60 1436 225 1477 nullum
259 1434 524 1484 miserimus,
565 1433 637 1486 qui
668 1432 804 1476 totius
837 1431 1086 1487 prouinciae
1119 1431 1334 1474 rationem
1365 1430 1409 1472 in
1442 1431 1548 1472 vrbe
1581 1430 1748 1480 reddat,
1783 1429 1840 1471 51-

61 1499 149 1542 cuti
183 1500 408 1554 postulant
441 1498 774 1541 constitutiones
790 1499 819 1548 2,
854 1501 898 1540 et
931 1511 1156 1552 speramus
1179 1497 1220 1538 id
1255 1511 1280 1538 a
1302 1496 1425 1538 nobis
1457 1496 1500 1537 in
1534 1495 1599 1537 1115
1629 1495 1840 1537 debilibus

61 1565 308 1620 primordijs
341 1579 427 1606 non
459 1564 588 1606 anxie
621 1564 729 1605 adeo
762 1563 935 1616 requiri.

182 1631 343 1673 Rector
375 1629 666 1672 Viennensis3
707 1629 762 1670 ad
796 1628 1114 1671 Professionem
1157 1629 1285 1682 aptos
1317 1627 1480 1669 iudicat
1512 1626 1559 1668 P.
1594 1626 1793 1668 Carolum
1810 1625 1839 1676 4,

61 1696 304 1739 Jacobum5
327 1695 636 1746 Sacristanum,
663 1694 934 1745 Gratianum,
969 1708 1120 1736 cocum
1150 1693 1221 1735 uel
1243 1692 1573 1747 expenditorem
1586 1692 1615 1741 6,
1642 1693 1686 1733 et
1709 1691 1840 1732 alium

63 1762 294 1816 quendam.
358 1762 514 1804 Posset
554 1760 640 1802 illis
683 1759 959 1802 annumerari
1000 1760 1046 1802 P.
1087 1758 1313 1801 Hurtadus
1358 1761 1402 1800 et
1439 1758 1492 1800 D.
1527 1756 1796 1799 Christianus
1812 1757 1841 1800 7.

63 1828 129 1869 De
161 1827 227 1869 his
258 1826 463 1869 iudicium
485 1826 531 1869 P.
557 1825 779 1868 Victoriae
812 1825 999 1868 libenter
1031 1838 1264 1878 sequemur
1296 1823 1332 1866 si
1365 1825 1530 1865 annuat
1552 1823 1603 1866 R.
1628 1823 1676 1865 Τ.
1720 1821 1841 1871 Quod

62 1895 264 1948 superest
304 1907 383 1934 nos
425 1896 469 1935 et
505 1892 668 1934 fratres
710 1905 858 1933 omnes
897 1890 1021 1932 unice
1065 1890 1417 1932 commendamus
1450 1888 1500 1931 R.
1536 1888 1584 1931 Τ.
1618 1887 1842 1941 sacrificijs

63 1962 109 2001 et
131 1958 331 2012 precibus
352 1957 396 2000 in
419 1957 581 1999 christo
605 1956 790 2007 domino,
826 1956 896 2010 qui
920 1955 1110 2009 gratiam
1135 1954 1258 1997 nobis
1291 1969 1415 1996 suam
1438 1967 1600 2006 angere
1623 1953 1840 2006 dignetur.

65 2026 293 2077 Augustae
328 2026 381 2066 ,3.
416 2022 518 2077 Maij
557 2024 684 2064 1561.

184 2101 311 2143 Nunc
344 2100 602 2142 adferuntur
634 2113 744 2153 quae
777 2098 968 2152 scriptae
1001 2100 1103 2140 sunt
1135 2111 1161 2139 a
1194 2097 1243 2139 R.
1278 2097 1327 2140 T.
1365 2098 1416 2139 19
1450 2095 1628 2150 Aprilis.

185 2166 419 2209 Cauebitur
436 2180 489 2207 ne
512 2165 740 2219 quicquam
760 2163 934 2206 Caesari
956 2163 1000 2205 in
1022 2163 1137 2204 hunc
1156 2177 1315 2204 annum
1334 2161 1617 2216 promittatur
1640 2160 1694 2202 ad
1714 2159 1842 2201 Oeni-

65 2235 305 2286 pontanum
347 2230 598 2285 collegium,
641 2230 744 2272 licet
785 2243 835 2272 eo
878 2229 1074 2271 discedat
1117 2227 1249 2270 etiam
1282 2227 1328 2270 P.
1363 2226 1543 2268 Carolus
1582 2225 1703 2267 facta
1742 2238 1842 2279 pro-

66 2297 271 2340 sessione.

187 2362 438 2417 priusquam
481 2361 536 2404 ad
576 2360 872 2404 visitationem
912 2360 1087 2410 abeam,
1132 2356 1372 2400 Cardinalis
1412 2370 1669 2399 consensum
1706 2354 1844 2403 literis

67 2428 333 2482 explicatum
382 2427 645 2482 expectabo,
694 2428 744 2468 vt
787 2425 901 2467 bona
941 2423 1070 2467 venia
1116 2424 1269 2465 horum
1314 2421 1628 2464 Canonicorum
1675 2421 1842 2462 abeam.

187 2580 201 2594 ³
227 2575 269 2607 In
298 2573 487 2617 archetypo
512 2577 711 2616 sequuntur
736 2572 840 2604 verba
867 2581 947 2604 eum
975 2580 1091 2610 usum,
1119 2568 1175 2612 ad,
1203 2568 1415 2601 oblitterata.

192 2713 202 2733 ¹
228 2711 412 2753 Lanoium,
441 2709 695 2751 Cuvillonium,
722 2709 914 2750 Pisanum;
943 2708 1025 2742 vide
1051 2719 1161 2753 supra
1187 2719 1221 2752 p.
1249 2707 1323 2741 511..
1423 2706 1436 2726 2
1461 2705 1501 2739 P.
1529 2705 1561 2745 8,
1588 2716 1617 2738 0.
1645 2704 1677 2745 2,
1705 2703 1744 2737 Β.

191 2767 204 2786 ³
229 2765 403 2800 Victoria.
502 2765 516 2785 4
543 2763 654 2799 Grim.
754 2764 768 2783 ⁵
794 2762 916 2797 Secler
946 2761 1126 2806 (Sekler);
1154 2761 1237 2795 vide
1267 2761 1354 2794 Cam.
1383 2759 1471 2804 Epp.
1500 2758 1544 2796 ΙΙ,
1571 2757 1651 2791 843.

190 2820 203 2839 ⁶
228 2819 268 2853 In
295 2817 439 2862 collegii
465 2816 743 2851 vindobonensis
761 2817 778 2834 *
794 2816 962 2859 Cataloqo
989 2827 1020 2849 a.
1043 2815 1133 2849 1559
1153 2814 1305 2848 Romam
1323 2813 1433 2847 misso
1457 2811 1678 2854 „Gracianus
1698 2809 1838 2844 Jtalus“

74 2873 326 2918 „expenditor“
355 2873 507 2917 apparet
535 2870 635 2914 (Cod.
667 2870 810 2912 „Austn
836 2869 948 2903 Fund.
976 2868 1060 2902 111.“
1090 2868 1115 2902 f.
1145 2867 1259 2910 16112).
1310 2864 1378 2907 Qui
1404 2877 1435 2899 a.
1467 2865 1556 2899 1554
1593 2863 1648 2907 (ut
1683 2861 1842 2906 videtur)

70 2925 304 2960 Vindobonae
329 2925 365 2959 in
392 2924 609 2959 Societatem
634 2924 814 2958 admissus
841 2924 919 2957 erat
947 2922 1151 2965 (Polancus,
1179 2920 1380 2954 Chronicon
1406 2918 1466 2960 IV,
1494 2917 1594 2961 268).

192 2980 206 3000 ⁷
231 2979 370 3013 Rivius.
412 2977 636 3012 Vocabulum
668 2976 889 3019 „Professio“
918 2975 986 3009 hoc
1012 2975 1089 3009 1000
1116 2986 1136 3008 a
1164 2972 1308 3008 Canisio
1333 2984 1404 3006 non
1429 2971 1545 3005 solum
1578 2970 1623 3004 ad
1656 2968 1845 3004 sollemnia

71 3034 176 3075 vota,
203 3034 244 3067 ut
269 3043 363 3067 nuno
389 3031 465 3066 fere
491 3032 527 3065 in
551 3030 731 3065 Societate
756 3029 816 3072 fit,
851 3029 914 3064 sed
941 3029 1052 3063 etiam
1077 3027 1122 3061 ad
1148 3026 1277 3061 ultima
1307 3024 1594 3068 „coadiutorum“
1625 3024 1710 3057 vota
1735 3021 1844 3065 signi-

71 3085 214 3121 ficanda
231 3085 431 3127 adhibetur,
451 3096 542 3129 quae
560 3083 704 3129 publica
723 3083 877 3128 quidem,
901 3082 963 3117 sed
983 3080 1161 3126 simplicia
1179 3082 1282 3120 sunt;
1308 3089 1424 3122 neque
1443 3076 1538 3111 enim
1556 3087 1713 3120 unquam
1732 3076 1846 3109 frater

71 3139 199 3181 laicus.
224 3141 266 3174 ut
284 3138 481 3174 Gratianus
507 3137 577 3180 ille,
604 3138 648 3171 ad
675 3136 862 3171 sollemnia
889 3134 1080 3170 Societatis
1106 3135 1192 3168 vota
1219 3131 1362 3167 admitti
1383 3132 1526 3176 poterat
1547 3128 1846 3172 (Constitutiones

73 3191 108 3227 S.
135 3193 181 3235 J„
208 3193 273 3227 Ex.
301 3204 330 3227 0.
360 3193 389 3234 1,
415 3204 450 3226 n.
477 3192 509 3226 8.
531 3191 571 3232 9;
600 3202 629 3225 0.
648 3190 680 3232 4,
707 3202 740 3224 n.
763 3191 824 3227 16:
852 3189 891 3223 P.
912 3190 944 3230 2,
972 3200 1000 3222 c.
1023 3189 1053 3227 1,
1081 3187 1131 3227 A;
1160 3186 1200 3220 P.
1220 3187 1251 3228 5,
1278 3197 1308 3219 c.
1328 3185 1360 3227 2,
1386 3196 1420 3218 n.
1442 3184 1472 3218 1.
1500 3183 1531 3224 2,
1560 3183 1605 3223 C;
1634 3194 1663 3217 c.
1681 3182 1713 3223 4,
1740 3194 1774 3216 n.
1796 3181 1844 3225 1).
