2093 3444
290 179 369 214 508.
407 179 575 214 Canisius
602 181 729 218 Iacobo
756 180 890 214 Lainio.
934 180 1100 224 Augusta
1127 180 1267 215 Vindel.
1298 181 1351 215 19.
1380 181 1535 214 Ianuarii
1565 182 1666 216 1561.
1814 185 1866 225 19

216 297 316 339 Non
348 310 396 338 so
439 310 559 338 come
592 311 677 338 non
709 297 853 339 riceue
886 297 925 339 16
958 297 1114 340 lettere
1157 297 1235 339 che
1281 297 1379 351 ogni
1413 298 1647 341 settimana
1679 299 1719 341 16
1752 314 1868 342 scre-

96 362 240 404 uiamo
273 376 351 416 per
382 361 454 403 uia
487 361 543 403 dil
578 361 850 405 Cardinale1.

218 506 346 540 Nescio
373 506 465 539 unde
491 505 564 547 fiat,
592 508 632 539 ut
659 506 834 550 epistulae
862 507 926 540 tibi
952 519 1021 541 non
1041 508 1246 548 afferantur,
1275 519 1364 551 quas
1382 508 1537 550 singulis
1555 507 1788 542 hebdomadis
1806 521 1870 554 per

96 560 341 595 cardinalem¹
368 559 413 593 ad
438 561 475 593 te
501 559 690 593 mittimus.

218 646 329 682 Nota:
373 647 506 681 Eodem
541 647 607 681 hoc
643 647 699 681 die
736 647 789 681 18.
819 648 974 682 Ianuarii
1013 649 1099 682 1561
1139 650 1175 682 61
1211 650 1386 682 Ροῖαησιι3
1421 648 1538 683 Lainii
1572 649 1713 683 nomine
1748 649 1869 684 italice

97 700 291 742 Victoriae,
319 702 355 734 et
380 700 457 745 ipse
476 701 633 734 Laz'm'us
650 701 761 734 latine
780 700 960 735 Stanislao
979 702 1099 743 Hosio,
1128 702 1294 747 episcopo
1319 702 1525 744 varmiensi,
1553 702 1612 746 qui
1630 704 1716 737 tunc
1735 703 1789 736 Pii
1809 703 1869 737 lV.

97 754 280 798 legatione
306 753 539 788 Vindobonae
566 754 661 798 apud
688 754 952 788 Ferdinandum
981 755 1005 788 Ι.
1035 766 1217 789 caesarem
1245 755 1474 798 fungebatur,
1502 755 1734 800 scripserunt.
1771 755 1869 797 Quae

98 807 305 853 *epistulae
341 819 421 842 cum
455 807 589 848 multa,
626 808 756 851 quibus
782 807 924 841 litterae
951 808 1018 842 hae
1045 810 1189 842 nostrae
1215 808 1462 850 illustrentur,
1499 809 1722 849 contineant,
1755 821 1868 854 pauca

95 862 230 896 saltem
257 873 303 895 ex
328 861 372 895 iis
399 860 603 895 exscribere
639 861 735 895 libet.
785 861 966 895 Victoriae
993 863 1192 896 Polccnens:
1235 862 1289 904 „Si
1325 865 1342 895 e
1378 862 1474 896 uista
1509 862 1629 906 quella
1663 862 1777 907 poliza
1814 863 1869 897 de]

98 914 414 949 Reuerendissimo
441 914 660 949 GNesnense
686 914 781 948 nella
817 914 922 958 quale
956 918 1092 949 mostra
1119 915 1301 949 desiderar
1332 927 1450 950 mezzo
1478 916 1647 959 collegio,
1684 918 1719 950 et
1745 916 1810 950 che
1836 916 1871 950 13

100 969 141 1003 R.
169 968 212 1002 V.
239 969 332 1002 uada
359 968 407 1002 fin
434 968 488 1009 la,
523 980 586 1012 per
618 969 734 1001 tratar
770 967 860 1001 delle
897 979 978 1001 cose
1014 969 1237 1013 apertenenti
1273 969 1416 1012 aquello
1445 996 1451 1002 .
1481 996 1487 1002 .
1517 997 1523 1003 .
1556 969 1591 1002 la
1617 969 1658 1003 R.
1685 969 1728 1003 V.
1756 969 1871 1004 faccia

99 1033 171 1056 una
206 1033 312 1056 sousa
348 1022 383 1055 la
418 1022 479 1066 piu
514 1021 664 1055 honesta
700 1021 764 1055 che
801 1024 903 1065 pou-a
938 1022 1143 1055 mostrando
1180 1033 1278 1055 como
1314 1021 1517 1066 alpresente
1552 1034 1615 1068 per
1650 1035 1719 1056 non
1759 1023 1872 1057 bauer

99 1077 208 1119 gente
238 1075 340 1110 nonsi
367 1077 469 1110 aceta
497 1075 579 1119 quel
605 1076 776 1115 assumto,
812 1086 869 1108 ma
897 1074 961 1108 che
989 1075 1165 1120 coltempo
1192 1076 1221 1109 si
1248 1078 1351 1120 potra
1377 1077 1546 1116 acettare,
1574 1076 1871 1119 guadagnandosi

97 1128 257 1163 anchora
283 1129 401 1162 alcuni
429 1128 580 1173 supositi
607 1128 642 1161 di
669 1127 789 1171 quella
815 1128 968 1168 natione,
996 1129 1166 1162 massime
1193 1129 1264 1162 sesi
1290 1130 1367 1163 fara
1395 1129 1545 1173 collegio
1572 1130 1699 1163 intiero
1726 1130 1814 1164 doue
1841 1130 1872 1164 si

99 1193 208 1227 possa
234 1193 382 1216 oseruar
407 1184 530 1216 nostra
557 1181 746 1226 disciplina
774 1193 872 1215 come
900 1182 929 1215 si
958 1184 976 1215 e
1004 1182 1112 1216 detto
1165 1182 1342 1216 L’Andar
1369 1183 1403 1216 di
1429 1183 1472 1217 V.
1500 1182 1540 1217 R.
1568 1183 1604 1217 in
1630 1183 1665 1217 la
1690 1195 1760 1217 non
1787 1195 1872 1228 pare

97 1235 335 1271 conueniente
369 1247 439 1269 non
475 1235 639 1269 hauendo
676 1235 792 1268 animo
830 1235 863 1268 di
900 1237 1038 1269 acettar
1073 1247 1136 1280 per
1163 1237 1288 1279 questo
1324 1247 1416 1269 anno
1451 1236 1525 1270 tale
1558 1239 1718 1270 assumto
1746 1264 1752 1271 .
1781 1239 1816 1271 et
1842 1237 1872 1271 si

100 1289 170 1324 ben
206 1289 320 1334 potria
356 1300 474 1323 essere
510 1289 541 1323 si
579 1289 755 1323 aocet-assi
790 1288 812 1322 l'
841 1300 932 1322 anno
967 1291 1141 1331 seguente
1177 1292 1195 1323 e
1230 1289 1362 1333 meglio
1399 1301 1467 1323 non
1506 1292 1706 1334 prometere
1742 1290 1872 1335 perche

97 1343 213 1377 siamo
251 1342 378 1376 incerti
417 1342 508 1376 delle
548 1342 644 1376 forze
683 1341 748 1376 che
786 1342 1012 1376 haue1·emo“.
1076 1342 1187 1377 Hosio
1226 1344 1383 1377 Lainiecs
1425 1343 1467 1377 de
1510 1343 1676 1388 episcopo
1715 1344 1873 1388 plocensi

99 1396 245 1431 scribit:
273 1395 609 1430 Reuerendissimus
637 1395 696 1429 ille
715 1395 940 1441 Episcopus.
963 1423 968 1428 .
990 1423 995 1428 .
1021 1396 1108 1430 duos
1134 1398 1276 1430 tantum
1301 1396 1498 1439 Magistros
1525 1396 1582 1431 uel
1609 1397 1874 1432 Bachalaureos

97 1453 224 1495 petere
248 1450 422 1484 uidetur.“
477 1450 526 1483 At
556 1450 770 1491 „statuimus
796 1449 932 1482 nullum
969 1450 1003 1482 in
1041 1452 1222 1494 posterum
1258 1450 1448 1484 admittere
1484 1450 1693 1494 collegium,
1731 1451 1767 1484 in
1804 1462 1872 1495 quo

98 1503 145 1538 ad
182 1503 367 1538 minimum
396 1503 462 1538 20.
491 1515 536 1537 ex
570 1503 704 1537 nostris
740 1502 935 1537 sustentari
972 1515 1041 1536 non
1068 1504 1221 1547 possint,
1259 1515 1302 1537 ex
1330 1503 1458 1547 quibus
1494 1503 1553 1549 alij
1590 1507 1675 1538 sunt
1709 1504 1872 1550 operarij,

99 1556 161 1602 alij
202 1557 428 1598 scholastici,
467 1556 526 1602 alij
563 1557 607 1590 ad
644 1558 792 1590 externa
830 1555 1028 1590 ministeria
1063 1557 1298 1591 coadiutores.
1359 1557 1552 1591 Pauciores
1592 1558 1735 1601 quidem
1772 1557 1873 1592 initio

102 1611 197 1645 mitti
234 1611 426 1655 aliquando
461 1610 596 1652 solent,
633 1610 716 1644 dum
752 1621 809 1643 res
846 1612 1124 1655 praeparantur,
1160 1610 1223 1644 sed
1258 1610 1353 1644 hunc
1387 1622 1574 1644 numerum
1601 1611 1701 1645 breui
1737 1611 1874 1656 expleri

99 1666 262 1710 oportet:
306 1666 368 1698 aut
403 1664 594 1705 maiorem,
638 1666 679 1697 ut
718 1663 934 1697 domesticae
970 1663 1200 1708 disciplinae,
1245 1666 1282 1698 et
1317 1666 1487 1698 externae
1523 1664 1801 1705 aedificationis,
1838 1666 1874 1699 et

102 1718 356 1763 perpetuitatis
384 1717 491 1752 etiam
519 1717 610 1751 ratio
637 1717 829 1751 habeatur“
865 1717 935 1757 (Ex
962 1717 1179 1762 apographis
1206 1717 1364 1751 eiusdem
1390 1718 1573 1763 temporis.
1618 1717 1701 1753 Ood.
1733 1718 1873 1761 „Germ

106 1772 215 1806 1559“
247 1772 270 1806 f.
299 1770 560 1815 woh—292³).

224 1841 390 1877 0311151115
417 1841 540 1876 Lainio
566 1841 751 1886 rescripsit
780 1842 808 1875 1.
836 1841 1020 1875 Februarii
1050 1841 1148 1875 1561.

926 1959 1055 2000 508.

840 2053 1136 2101 CANISIUS

691 2152 972 2195 IACOBO
1004 2151 1285 2205 LAINIO,

627 2235 831 2280 praeposito
858 2233 1019 2278 generali
1047 2233 1237 2268 Societatis
1264 2233 1356 2268 Iesu.

567 2321 736 2369 Augusta
762 2320 1037 2357 vindelicorum
1063 2320 1111 2357 19.
1138 2319 1303 2357 Ianuarii
1328 2319 1414 2356 1561.

225 2406 280 2440 Ex
306 2405 512 2451 apographo
538 2405 674 2439 recenti
704 2404 778 2448 (A),
815 2416 927 2448 eoque
963 2403 1143 2448 exscripto
1171 2416 1214 2437 ex
1241 2404 1457 2450 archetypo,
1492 2405 1525 2439 in
1554 2406 1628 2440 cod.
1662 2405 1719 2448 „FL
1748 2406 1784 2441 0.
1813 2406 1877 2440 1⁴⁶2

100 2460 129 2494 f.
159 2459 377 2495 1462—14812
409 2459 544 2504 posito,
581 2458 674 2503 quod
710 2470 730 2492 a
756 2457 795 2492 P.
827 2459 1017 2492 Gm'lz'elmo
1042 2459 1198 2491 Elderen
1226 2457 1260 2491 S.
1288 2458 1320 2491 J.
1351 2457 1509 2499 (Canisio
1545 2459 1723 2500 dictante,
1759 2461 1798 2494 ut
1826 2460 1876 2494 vi-

103 2513 225 2558 detur)
254 2514 430 2558 seriptum
456 2514 492 2547 et
518 2523 538 2546 a
566 2511 709 2546 03111510
736 2512 813 2556 ipso
840 2511 1084 2555 subscriptum
1111 2513 1167 2544 est
1196 2510 1388 2553 (,‚Servus“
1420 2511 1518 2555 etc.).

224 2566 357 2601 Exstat
374 2566 483 2600 etiam
501 2566 656 2600 alterum
675 2564 921 2609 apographum
943 2564 1017 2607 (B),
1036 2564 1101 2598 sub
1121 2576 1151 2598 a.
1170 2563 1259 2598 1860
1279 2567 1426 2598 curante
1446 2565 1484 2600 P.
1502 2566 1646 2609 Iosepho
1664 2567 1778 2600 Boero
1794 2565 1828 2601 S.
1842 2566 1874 2601 J.

102 2631 152 2655 ex
177 2619 374 2665 archetypo
400 2618 631 2664 descriptum,
658 2619 764 2662 idque
792 2618 835 2652 ad
861 2619 1022 2652 nostram
1049 2617 1226 2651 scribendi
1255 2619 1290 2651 et
1316 2617 1593 2663 interpungendi
1620 2619 1793 2653 rationem
1821 2631 1875 2653 ac-

101 2673 381 2708 commodatum.

227 2725 392 2771 Epistula
416 2725 473 2760 usi
498 2728 583 2759 sunt
609 2725 816 2766 Saechc'mcs,
846 2724 930 2758 Can.
958 2736 990 2769 p.
1022 2724 1097 2760 173.
1126 2726 1161 2758 et
1187 2723 1226 2758 P.
1254 2725 1297 2758 L.
1318 2726 1448 2758 Michel
1473 2724 1507 2759 S.
1535 2725 1579 2767 J.,
1606 2725 1673 2759 Vie
1700 2726 1745 2759 du
1772 2726 1876 2760 Bien-

105 2779 269 2814 heureux
296 2779 418 2813 Pierre
446 2778 611 2812 0311151115
641 2778 746 2821 (Lille
776 2777 881 2821 1897)
910 2789 942 2822 p.
972 2777 1052 2811 247.

226 2863 384 2896 Litterae
417 2862 702 2906 quadrimestres.
753 2861 793 2894 P.
826 2861 1017 2903 leyraeus.
1070 2860 1207 2903 Sibylla
1233 2860 1420 2904 Fuqyera,
1455 2861 1504 2893 acl
1536 2861 1639 2903 fidem
1666 2861 1876 2894 catholicam

104 2917 272 2956 reducta,
298 2917 413 2949 sacris
439 2916 617 2948 exercitiis
642 2915 837 2955 exeditur,-
863 2915 937 2946 eius
964 2915 1097 2955 vz'rtns;
1121 2914 1215 2946 aliae
1241 2914 1490 2947 conversiones.
1544 2914 1730 2947 Societatis
1754 2915 1877 2948 domus

232 3051 241 3070 ¹
268 3048 354 3084 Otto
371 3048 563 3083 cardinalis
577 3048 814 3092 Augustanus
830 3047 963 3080 Romae
981 3048 1068 3080 tunc
1086 3046 1313 3085 morabatur3
1333 3045 1415 3079 vide
1435 3046 1520 3080 Can.
1536 3045 1625 3091 Epp.
1641 3047 1685 3088 II,
1701 3047 1780 3082 913.
1797 3048 1876 3082 914.

228 3103 242 3124 ²
268 3102 327 3137 Sic
352 3101 544 3137 brevitatis
570 3101 689 3146 gratia
715 3101 750 3135 in
777 3102 960 3146 posterum
988 3111 1129 3144 quoque
1156 3098 1313 3133 codicem
1341 3098 1454 3140 hunc,
1482 3110 1593 3143 quem,
1614 3099 1650 3133 in
1677 3101 1761 3135 voll.
1789 3102 1814 3136 Ι.
1843 3104 1879 3136 61

107 3155 153 3190 11.
186 3156 336 3201 „Epistn
364 3156 403 3191 B.
431 3155 531 3190 Petri
558 3154 692 3190 Canisii
719 3154 766 3189 I.“
796 3153 1038 3197 signaveram,
1066 3153 1179 3187 statui
1205 3152 1360 3196 signare.

1552 3212 1598 3244 ⁶2*
