2093 3444
213 185 292 219 647.
331 182 496 218 Oanisius
521 183 675 217 Antonio
702 184 795 217 Brus
821 194 842 217 a
867 183 1032 227 Muglitz.
1077 183 1170 226 Aug.
1198 182 1303 217 Vind.
1331 183 1386 217 22.
1414 182 1498 216 Dec.
1530 182 1633 216 1561.
1725 184 1808 224 337

34 316 113 357 per
144 301 174 343 li
206 301 345 344 nostri
378 301 417 342 d’
441 300 700 342 Alemannia
735 336 743 343 .
778 301 897 342 accio
930 300 1148 355 possiamo
1181 300 1250 342 far
1286 301 1329 342 la
1362 300 1499 342 Santa
1531 300 1711 342 volonta
1744 300 1813 341 del

37 367 192 420 Signor
224 369 269 409 et
301 365 403 408 delli
435 365 646 419 superiori
678 365 982 408 interamente.
1047 365 1147 407 Non
1180 366 1292 408 altro
1335 379 1381 407 se
1413 379 1499 407 non
1533 364 1611 406 che
1643 379 1712 406 me
1744 379 1812 406 re—

35 431 288 483 commendo
332 430 639 485 spetialmente
686 431 799 472 nelle
844 433 991 473 nostre
1041 431 1247 482 orationi,
1298 432 1342 473 et
1386 430 1583 472 desidero
1633 430 1711 472 0110
1754 430 1813 471 1111

36 497 230 551 vogliate
271 496 465 539 salutare
504 495 532 537 li
566 496 658 538 RR.
692 495 817 550 padri
859 499 903 538 et
943 496 1107 538 fratelli
1151 495 1404 538 charissimi.
1469 495 1598 537 Jddio
1635 495 1701 537 sia
1734 509 1814 537 con

36 563 108 605 noi
138 562 182 604 in
216 564 370 616 questo
402 575 515 603 nouo
549 575 662 602 anno
703 575 781 614 per
813 561 1060 603 emendarci
1103 561 1158 603 da
1190 575 1294 603 uero
1327 564 1372 604 et
1409 575 1490 603 con
1522 574 1663 602 nuoue
1695 560 1814 602 forze

37 628 125 670 alla
157 641 265 669 suoa
299 626 451 680 gloria.
516 626 568 667 D'
592 625 765 678 Agusta
799 628 850 667 21
887 626 1089 668 Decemb.
1129 628 1238 668 1561

913 767 940 818 †
1159 708 1351 750 Fratello
1385 708 1531 751 Pietro
1566 707 1752 749 Canisio.

158 845 213 886 Al
256 844 342 886 mio
383 843 645 886 Charissimo
690 843 733 884 in
776 843 945 885 Christo
988 842 1161 886 fratello
1202 844 1258 886 M.
1300 843 1531 886 Francisco
1577 843 1816 886 Petrarcha

42 911 157 953 della
191 909 450 964 compagnia
483 909 525 951 di
556 908 710 951 JESV.
1519 909 1570 950 In
1602 909 1754 951 Roma.

40 1058 150 1097 orate,
176 1058 217 1089 ut
234 1055 367 1089 domini
393 1056 429 1089 et
445 1055 671 1100 superiorum
690 1056 853 1089 sanctam
873 1054 1097 1089 voluntatem
1123 1054 1263 1098 integre
1290 1054 1440 1099 exsequi
1457 1055 1649 1100 possimus.
1692 1054 1818 1099 Neque

39 1108 137 1143 aliud
163 1109 299 1150 dicam,
325 1108 395 1143 nisi
421 1120 478 1142 me
504 1108 725 1142 orationibus
751 1108 885 1142 vestris
912 1108 1147 1152 singulariter
1172 1120 1228 1142 me
1255 1109 1505 1142 commendare
1533 1110 1641 1152 atque
1668 1120 1688 1142 a
1714 1108 1818 1143 vobis

39 1164 180 1208 petere,
219 1164 260 1196 ut
294 1161 503 1196 reverendis
538 1162 702 1206 patribus
740 1161 820 1195 istis
860 1164 896 1195 et
930 1161 1129 1196 carissimis
1166 1161 1339 1195 fratribus
1377 1161 1533 1195 salutem
1571 1161 1661 1195 meis
1696 1161 1818 1195 verbis

39 1216 225 1250 nuntietis.
275 1216 374 1250 Deus
400 1227 493 1250 novo
520 1215 586 1249 hoc
613 1227 706 1249 anno
732 1215 918 1249 nobiscum
945 1215 1012 1255 sit,
1048 1226 1116 1259 quo
1143 1226 1229 1248 vere
1256 1217 1292 1248 et
1316 1215 1420 1249 novis
1446 1215 1584 1249 viribus
1609 1226 1679 1249 1103-
1701 1225 1818 1249 0111011-

41 1269 155 1303 dando
181 1268 295 1314 ipsius
321 1268 473 1312 gloriam
499 1268 770 1313 amplificemus.
822 1268 988 1312 Augusta
1015 1268 1070 1302 21.
1098 1267 1306 1302 Decembris
1334 1268 1436 1302 1561.

1110 1338 1238 1371 Frater
1263 1338 1387 1371 vester
1411 1337 1543 1372 Petrus
1569 1337 1746 1372 Canisius.

159 1411 181 1451 †
216 1409 411 1444 Carissimo
447 1410 483 1443 in
510 1408 653 1443 Christo
688 1408 792 1442 fratri
827 1420 906 1442 meo
941 1409 989 1442 M.
1017 1408 1208 1442 Francisco
1244 1407 1463 1442 Petramhae
1499 1407 1690 1442 Societatis
1726 1408 1818 1442 Iesu.

41 1463 187 1498 Romae.

161 1538 272 1575 NOta:
308 1539 356 1574 Et
388 1539 478 1573 haec
510 1538 696 1584 inscriptio
733 1540 768 1572 et
800 1538 942 1572 litterae
979 1538 1077 1582 ipsae
1110 1538 1324 1579 ostendunt,
1362 1537 1544 1572 Oanisium
1579 1538 1818 1580 existimasse,

43 1593 278 1628 Petrarcham
304 1592 428 1638 (quem
445 1592 600 1627 fortasse
627 1604 658 1626 a.
681 1592 769 1626 1557
789 1592 848 1626 vel
870 1591 958 1625 1558
986 1592 1021 1625 111
1040 1591 1146 1625 Italia
1172 1590 1409 1635 cognoverat)
1437 1591 1638 1626 sacerdotio
1663 1592 1820 1626 nondum

42 1647 225 1681 initiatum
251 1658 351 1688 esse;
378 1648 416 1680 at
442 1646 612 1680 sacerdos
637 1645 708 1680 iam
735 1645 849 1679 fuisse
875 1645 1038 1685 videtur;
1066 1644 1148 1679 vide
1174 1656 1284 1689 supra
1310 1656 1343 1690 p.
1371 1645 1450 1679 213.

868 1769 1000 1811 (347.

787 1863 1085 1911 CANISIUS

421 1968 749 2012 ANTONIO
783 1968 976 2011 BRUS
1009 1968 1060 2009 A
1092 1966 1442 2021 MUGLITZ,

45 2050 317 2096 archiepiscopo
342 2051 514 2097 pragensi
541 2053 578 2085 et
602 2051 779 2094 magistro
805 2050 968 2094 generali
995 2050 1130 2084 ordinis
1157 2049 1423 2084 cruciferorum
1449 2062 1530 2084 cum
1562 2050 1673 2085 rubea
1703 2050 1821 2086 stella.

481 2136 652 2183 Augusta
678 2135 951 2172 vindelicorum
978 2136 1035 2171 22.
1062 2135 1272 2172 Decembris
1297 2135 1385 2172 1561.

164 2221 222 2256 Ex
247 2220 443 2266 archetypo
478 2232 499 2255 a
525 2220 564 2255 P.
596 2222 787 2254 Gailielmo
812 2221 969 2254 Elderen
995 2220 1029 2254 S.
1058 2219 1090 2253 J.
1118 2219 1271 2264 scripto;
1307 2219 1363 2253 cui
1390 2219 1557 2254 Canisius
1591 2219 1668 2265 ipse
1693 2231 1823 2254 nomen

48 2274 240 2319 („Seruus“
272 2274 356 2318 etc.)
384 2274 601 2320 subscripsit
629 2274 702 2317 (20;
731 2273 796 2317 11βῖ
823 2285 902 2318 pp.;
934 2274 970 2307 in
996 2285 1028 2318 p.
1056 2273 1089 2306 4.
1116 2273 1224 2307 inser.
1252 2274 1288 2306 et
1313 2272 1410 2316 sig).
1461 2272 1594 2307 Exstat
1619 2273 1761 2317 Pragae
1786 2274 1823 2308 in

46 2329 194 2363 archivo
221 2327 532 2373 archiepiscopali,
560 2327 638 2362 Soc.
665 2328 758 2368 Iesu,
784 2327 887 2361 Fasc.
914 2327 946 2368 3,
972 2338 1006 2361 n.
1036 2327 1078 2360 16
1107 2325 1306 2370 (Μ130011.).

164 2381 368 2427 Epistulam
393 2382 453 2423 ita,
480 2383 521 2415 ut
545 2381 691 2415 litterae
716 2380 785 2426 ipsi
812 2380 1014 2429 scripturae
1040 2379 1337 2420 assimilarentur,
1365 2379 1635 2425 exprimendam
1662 2382 1698 2414 et
1724 2381 1822 2415 evul-

46 2435 201 2479 gandam
229 2435 370 2470 curavit
395 2434 436 2468 R.
460 2434 503 2469 D.
531 2434 591 2468 Dr.
611 2436 694 2468 Ant.
715 2435 876 2468 Podlalza
902 2433 937 2467 in
969 2432 1138 2478 „Casopis
1164 2432 1393 2467 katolickeho
1420 2433 1713 2468 duchovenstva“
1744 2434 1822 2468 sive

46 2489 183 2524 Libello
209 2488 388 2534 periodico
414 2488 450 2522 in
475 2500 580 2522 usum
607 2487 693 2522 cleri
720 2486 906 2527 catholici,
942 2486 1126 2520 bohemice
1153 2486 1306 2532 scripto,
1333 2485 1535 2521 XXXVIII.
1565 2487 1607 2522 10
1635 2486 1683 2531 (V
1710 2487 1823 2522 Praze

49 2542 169 2586 1897).
221 2542 356 2577 Eadem
380 2553 468 2576 usus
495 2544 551 2576 est
575 2543 691 2575 Kross
716 2541 739 2575 1.
767 2552 796 2574 0.
823 2552 856 2585 p.
887 2540 965 2574 133.

170 2620 319 2653 Gratias
344 2619 376 2652 ei
399 2620 484 2662 ayit,
511 2619 604 2662 quod
629 2618 697 2651 sibi
713 2618 896 2660 scripserit
921 2621 951 2649 et
970 2616 1084 2650 Sociis
1107 2617 1235 2658 faveat.
1276 2617 1416 2660 Optima
1442 2628 1484 2650 ecc
1510 2627 1547 2650 eo
1571 2622 1703 2661 sperat,
1730 2619 1823 2661 qaod

47 2674 146 2708 Brus
163 2677 193 2707 et
210 2673 494 2717 archiepiscopus
509 2673 699 2716 prayensis
716 2675 746 2704 et
763 2671 918 2704 caesaris
935 2672 973 2703 in
992 2670 1139 2704 concilio
1157 2674 1281 2703 orator
1298 2671 1506 2704 constitutus
1521 2672 1577 2704 sit.
1617 2671 1824 2705 Haereticos

41 2739 112 2772 per
137 2727 325 2761 concilium
351 2727 399 2759 ad
417 2726 593 2760 ecclesiam
619 2725 802 2758 <reductum
830 2725 881 2757 ἰνί
904 2728 1033 2766 sperat.
1069 2724 1172 2758 Dolet
1191 2725 1360 2767 quosdam
1386 2725 1544 2757 ecclesiae
1569 2725 1726 2766 afflictae
1752 2735 1824 2758 non

48 2791 265 2815 succurrere.
308 2780 438 2814 Libros
465 2780 634 2823 quosdam
659 2778 866 2820 theoloyicos
892 2778 1010 2810 mittet.

848 2859 1021 2902 Jhesus.

233 2945 328 2988 Pax
359 2944 519 2988 Christi
550 2943 773 2986 nobiscum
804 2941 1182 2985 Reuerendissime
1213 2942 1257 2984 in
1290 2942 1461 2984 Christo
1494 2941 1639 2985 Pater.

168 3028 439 3071 Reuerenter
461 3025 611 3080 accepi
642 3025 794 3068 literas
817 3025 1042 3080 amplitud.
1066 3026 1181 3076 tuae,
1216 3023 1369 3078 quibus
1393 3026 1438 3066 et
1459 3037 1583 3066 suam
1604 3023 1648 3066 in
1671 3038 1740 3067 me
1772 3038 1824 3067 ac

51 3096 223 3137 nostros
254 3091 603 3136 beneuolentiam
635 3090 751 3132 haud
777 3090 958 3132 obscure
990 3089 1198 3133 declarat.
1242 3089 1403 3131 Precor
1433 3088 1582 3142 itaque
1614 3089 1824 3132 maiorem

51 3157 95 3200 in
126 3158 300 3201 modum
313 3191 322 3209 ,
357 3160 406 3200 ut
437 3171 514 3212 pro
546 3156 629 3198 hac
659 3155 871 3209 singulari
901 3155 1067 3210 pietate
1099 3169 1206 3209 quos
1238 3155 1372 3197 semel
1404 3154 1609 3209 amplecti
1642 3154 1823 3209 dignata

121 3234 145 3259 B
156 3233 433 3264 raunsberger,
454 3233 564 3257 Canisii
579 3231 738 3262 Epistulae
755 3232 786 3256 et
799 3231 885 3256 Acta.
903 3231 956 3256 111.
1500 3226 1543 3257 22
