2093 3444
187 187 241 228 30
744 181 822 214 514.
861 179 1026 214 Canisius
1053 179 1232 214 Stanislao
1259 179 1379 213 Hosio.

305 299 403 341 Quod
431 300 550 332 autem
577 297 742 331 Canisius
768 297 812 330 ad
839 297 989 330 Hosium
1015 296 1175 329 rettulit:
1209 295 1376 329 Ottonem
1404 295 1622 329 cardinalem
1648 295 1781 330 Romae
1808 307 1950 341 operam

187 356 281 395 dare,
309 356 348 387 ut
380 352 609 394 „Centuriae“
641 350 771 384 ibidem
797 350 1061 389 refutarentur,
1098 348 1280 393 accepisse
1309 347 1473 382 Canisius
1508 348 1543 382 id
1570 349 1711 383 omnino
1738 348 1880 383 videtur
1906 361 1950 383 ex

186 407 328 447 litteris,
355 406 483 450 quibus
503 404 588 438 Otto
615 404 721 448 paulo
747 405 831 437 ante
858 403 901 436 ad
921 402 1112 447 epistulam
1132 402 1299 445 Augusta
1319 403 1349 436 7.
1369 401 1577 436 Decembris
1598 403 1688 436 1560
1707 413 1728 436 a
1747 402 1889 436 Canisio
1907 402 1951 436 ad

185 463 304 507 ipsum
322 460 443 493 datam
469 457 712 502 responderat.
757 456 870 498 Quam
891 455 1024 489 Canisii
1044 455 1236 500 epistulam
1256 454 1312 488 vel
1340 454 1460 500 potius
1486 455 1661 500 epistulae
1687 458 1827 500 partem
1853 456 1888 489 in
1906 455 1952 489 ΙΙ.

185 514 291 549 huius
318 512 436 557 operis
462 511 642 545 volumine
669 510 848 549 omissam,
874 509 931 543 hic
951 509 1090 551 saltem,
1119 508 1202 553 quia
1221 508 1344 551 gravis
1363 508 1583 553 pulchraque
1602 511 1668 549 est,
1694 520 1887 554 proponam
1907 520 1952 543 ex

187 566 403 613 apographo,
431 565 524 609 quod
550 576 581 598 a.
604 563 692 598 1896
712 575 732 597 a
750 563 791 597 D.
811 565 991 596 Vincentio
1009 563 1178 596 Nardomss
1204 561 1425 606 exscriptum
1444 564 1499 595 est
1517 573 1563 595 ex
1581 562 1787 607 apographo
1805 562 1952 606 antiquo

190 621 363 666 (eiusdem
384 618 555 663 temporis
574 629 652 651 esse
672 616 841 659 videtur),
862 628 973 659 eoque
988 615 1121 649 Romae
1140 616 1175 649 in
1194 615 1410 649 bibliotheca
1430 615 1608 655 vaticana,
1629 615 1711 650 Cod.
1727 615 1844 650 Vatic.
1859 616 1950 649 6417

187 676 211 710 f.
234 675 309 714 167,
337 673 470 717 posit0;
498 672 531 705 in
560 671 661 705 cuius
687 669 885 715 apographi
911 670 1043 714 pagina
1069 669 1184 703 altera
1203 668 1355 713 primum
1375 668 1517 712 quidem
1544 680 1651 702 manu
1675 669 1822 713 antiqua
1841 680 1953 713 eaque

185 728 308 771 ignota
336 727 509 770 scriptum
536 727 610 759 est:
639 724 826 765 „Extratto
854 722 884 756 d'
904 734 951 755 un
972 722 1135 767 Capitulo
1156 721 1249 755 della
1268 721 1397 755 lettera
1417 721 1473 755 del
1492 721 1606 755 Padre
1627 722 1767 756 Canisio
1787 722 1820 756 di
1835 734 1898 767 va.
1918 722 1953 756 di

188 781 384 816 decembre.
432 778 475 811 Di
502 778 709 821 Augusta“;
739 776 864 810 deinde
891 777 1009 810 autem
1036 787 1144 809 manu
1175 776 1359 809 Guilielmz’
1385 776 1510 809 Sirleti
1537 774 1595 818 (de
1623 786 1691 819 quo
1717 775 1821 820 plura
1846 775 1952 820 paulo

188 833 298 877 infra)
316 833 524 867 adnotatum
541 834 609 865 est:
643 830 773 875 „Sopra
787 830 821 863 la
836 829 995 863 Historia
1012 828 1285 863 Ecclesiastica“
1307 830 1326 862 ¹.
1364 828 1462 862 Licet
1480 830 1598 862 autem
1619 840 1732 863 annus
1746 827 1953 874 apographo

188 888 269 922 huic
289 887 468 930 ascriptus
494 897 562 919 non
581 884 638 925 sit,
666 883 856 928 epistulam
877 884 907 916 7.
927 882 1135 916 Decembris
1157 882 1246 916 1560
1262 881 1381 916 datam
1401 893 1492 925 esse,
1520 893 1564 915 ex
1581 881 1660 926 ipsa
1679 882 1834 927 epistula
1851 881 1953 916 intel-

188 942 340 984 legitur:
369 937 634 974 commendavit
660 937 753 971 enim
780 936 965 980 suasitque
986 935 1151 969 Canisius
1177 935 1252 969 fere
1279 935 1323 977 id,
1351 935 1385 968 in
1413 935 1504 978 quod
1533 935 1602 969 iam
1629 946 1773 980 operam
1801 935 1952 969 conferri

188 996 349 1039 coeptam
370 1005 448 1027 esse
463 993 607 1026 ineunte
623 1003 653 1025 a.
672 992 757 1025 1561
777 990 886 1023 Hosio
901 989 1061 1033 scripsit:
1082 989 1131 1023 Ut
1145 988 1288 1029 Romae,
1309 1000 1400 1032 quae
1415 988 1499 1022 urbs
1514 988 1628 1023 doctis
1642 989 1730 1023 viris
1745 989 1954 1030 abundaret,

186 1049 287 1088 libri,
323 1047 478 1081 maxime
506 1046 549 1079 ad
581 1044 862 1079 ecclesiasticam
898 1043 1083 1076 historiam
1112 1054 1131 1076 a
1158 1042 1434 1087 protestantium
1462 1042 1780 1087 depravationibus
1809 1042 1954 1086 (quibus

188 1101 308 1135 verbis
339 1100 568 1142 ,Centau-ia&
599 1098 689 1131 satis
724 1097 819 1131 clare
849 1095 1114 1139 significantur)
1152 1095 1403 1129 vindicandam
1440 1095 1768 1136 conscriberentur;
1805 1095 1953 1137 accedit,

188 1155 281 1199 quod
309 1153 474 1188 Cauisius
500 1152 660 1186 eiusdem
688 1151 769 1185 anni
797 1151 852 1184 die
883 1151 934 1184 10.
963 1150 1118 1192 Augusti
1149 1148 1198 1191 (S.
1226 1149 1418 1183 Laurentio
1444 1149 1596 1194 martyri
1622 1149 1739 1192 sacro)
1763 1160 1808 1182 ex
1835 1148 1953 1182 cathe-

189 1208 299 1243 dralis
326 1207 499 1241 ecclesiae
526 1207 750 1248 augustanae
776 1207 952 1247 suggestu
979 1203 1154 1237 adversus
1186 1201 1414 1244 „Centu1·ias“
1446 1201 1525 1236 illas
1552 1202 1687 1236 dixisse
1714 1202 1856 1236 videtur
1868 1202 1890 1243 ²,
1918 1204 1955 1236 et

188 1262 280 1306 quod
308 1261 430 1295 eodem
457 1271 548 1293 anno
567 1259 642 1293 dies
662 1259 691 1292 7.
714 1257 920 1291 Decembris
946 1256 1132 1291 sabbatum
1161 1258 1256 1295 erat;
1284 1256 1445 1289 sabbatis
1463 1259 1583 1289 autem
1603 1255 1784 1290 Canisium
1804 1255 1953 1289 Romam

188 1316 263 1349 fere
292 1316 525 1358 (quamquam
552 1324 620 1346 non
648 1323 808 1356 sempci·;
836 1323 868 1344 v.
902 1310 986 1343 Can.
1006 1309 1095 1355 Epp.
1124 1309 1166 1350 Il,
1193 1308 1278 1351 472)
1306 1309 1462 1343 scribere
1490 1309 1732 1350 consuevisse,
1759 1321 1803 1343 ex
1830 1308 1953 1343 multis

186 1369 294 1403 factis
321 1370 481 1407 constat;
508 1378 540 1399 v.
574 1367 658 1399 Can.
689 1364 839 1409 l‹]pp.11‚
865 1364 945 1398 476.
965 1364 1044 1397 495.
1065 1364 1143 1397 591.
1165 1362 1231 1397 706
1258 1365 1336 1403 etc„
1365 1364 1399 1396 et
1426 1374 1534 1407 supra
1561 1374 1594 1407 p.
1613 1364 1644 1396 4.
1668 1363 1721 1396 11.
1758 1361 1953 1404 Quaerenti

189 1425 308 1456 autem
326 1432 462 1454 —nam
490 1432 534 1453 ne
562 1419 625 1453 hoc
652 1418 793 1462 quidem
822 1417 1029 1462 apographo
1056 1416 1106 1450 illi
1135 1416 1344 1450 adnotatum
1373 1418 1427 1450 est
1446 1435 1490 1439 -—
1509 1417 1674 1459 quisnam
1700 1416 1867 1461 princeps
1893 1415 1953 1450 ille

189 1476 362 1510 ecclesiae
381 1476 514 1508 Romae
533 1474 677 1515 degens,
705 1472 759 1506 cui
780 1471 944 1505 Canisius
963 1470 1117 1515 scripsit,
1146 1469 1264 1510 fucrit,
1291 1469 1412 1503 statim
1433 1469 1625 1503 cardinalis
1644 1470 1879 1513 Augustanus
1897 1480 1951 1503 oc-

188 1530 318 1568 currit;
346 1540 448 1572 quem
478 1528 544 1561 etsi
565 1526 740 1562 Oanisius.
768 1537 830 1570 pro
858 1525 934 1558 eius
953 1524 1084 1558 aetatis
1103 1534 1200 1556 more
1229 1522 1583 1564 „reverendissimam
1603 1522 1872 1557 celsitudinem“
1895 1522 1954 1556 vel

191 1582 501 1627 „amplitudi11em“
524 1592 653 1614 vocare
672 1579 810 1613 solebat
833 1578 892 1613 (cf.
917 1578 1001 1611 Can.
1022 1576 1109 1622 Epp.
1132 1577 1154 1616 Ι,
1175 1577 1253 1611 595.
1270 1576 1357 1615 5973
1378 1576 1420 1617 ΙΙ,
1441 1576 1520 1610 223.
1541 1576 1607 1610 297
1627 1576 1723 1619 ete),
1743 1588 1812 1610 non
1835 1587 1953 1618 „reve-

186 1636 437 1671 rendissimam
458 1633 767 1673 dominationmn“,
795 1644 885 1676 quae
911 1632 1020 1665 verba
1046 1631 1080 1664 in
1109 1630 1176 1664 hac
1202 1629 1357 1674 epistula
1385 1631 1601 1674 comparent,
1629 1629 1806 1663 interdum
1833 1631 1954 1664 tamen

188 1702 266 1724 eum
292 1690 358 1723 hac
378 1700 518 1732 quoque
545 1686 793 1732 appellatione,
821 1697 898 1719 cum
928 1685 958 1718 ei
977 1684 1161 1724 scriberet,
1189 1695 1292 1717 usum
1312 1695 1402 1720 esse.
1429 1695 1474 1717 ex
1493 1683 1569 1717 eius
1587 1683 1718 1717 litteris
1737 1685 1876 1717 aestate
1895 1682 1954 1717 vel

189 1746 359 1778 autumno
379 1754 409 1776 a.
432 1742 521 1776 1564
541 1741 585 1775 ad
605 1740 772 1774 Ottonem
802 1739 904 1778 datis,
932 1749 1022 1782 quae
1050 1738 1082 1771 in
1112 1736 1273 1782 proximo
1300 1736 1481 1771 volumine
1508 1739 1693 1782 ponentur,
1719 1735 1952 1780 intellegitur.

189 1797 288 1839 Quod
307 1808 410 1841 porro
430 1796 596 1829 vaticano
615 1794 665 1828 illi
686 1794 809 1827 harum
830 1793 1028 1827 litterarum
1049 1790 1245 1835 ‚capitulo“
1264 1791 1342 1824 sive
1361 1790 1507 1834 antiquo
1526 1790 1638 1835 partis
1656 1789 1855 1824 litterarum
1872 1801 1952 1834 apo-

188 1850 326 1895 grapho
345 1861 453 1883 manu
473 1848 653 1883 Guiliclmi
673 1847 805 1883 Sirleti.
833 1845 1006 1880 ecclesiae
1024 1856 1191 1879 romanae
1212 1843 1454 1889 protonotarii,
1481 1843 1689 1877 adnotatum
1716 1845 1789 1877 est:
1821 1843 1953 1888 „Sopra

188 1903 223 1938 la
241 1903 401 1937 Historia
422 1901 713 1941 Ecclesiastica“‚
741 1900 846 1934 facile
873 1911 917 1933 ex
940 1899 1006 1932 hoc
1033 1898 1231 1940 collegeris,
1259 1896 1425 1931 Ottonem
1454 1896 1681 1937 cardinalem,
1707 1896 1737 1930 si
1763 1907 1832 1930 non
1859 1898 1953 1938 ante,

189 1958 285 1991 certe
311 1959 501 2001 postquam
530 1955 574 1989 ab
601 1954 711 1988 Hosio
737 1953 868 1988 litteris
897 1954 950 1987 15.
978 1951 1161 1986 Februarii
1190 1951 1276 1985 1561
1306 1950 1400 1984 datis
1436 1950 1622 1995 perspicue
1659 1949 1861 1984 admonitus
1887 1951 1953 1991 est,

188 2011 281 2045 hanc
307 2010 508 2044 litterarum
536 2011 674 2053 partem
701 2006 1008 2042 transcribendam
1028 2008 1064 2039 et
1082 2004 1212 2039 Sirleto
1231 2004 1440 2038 tradendam
1468 2015 1624 2044 curasse,
1651 2006 1691 2037 ut
1716 2003 1833 2037 virum
1860 2002 1954 2038 hunc

191 2063 436 2098 doctissimum
464 2064 499 2096 et
525 2061 752 2106 antiquitatis
779 2060 1046 2095 ecclesiasticae
1064 2058 1332 2104 peritissimum,
1359 2069 1400 2091 ac
1419 2070 1481 2102 per
1507 2069 1587 2091 eum
1614 2056 1703 2091 alios
1730 2068 1881 2100 quoque,
1908 2056 1953 2090 ad

189 2116 397 2155 scribenda,
433 2127 523 2160 quae
553 2115 690 2158 „lucem
717 2117 753 2148 et
770 2114 999 2148 Maiestatem
1026 2112 1210 2146 adferrent
1235 2111 1417 2145 doctrinae
1436 2110 1732 2144 Ecclesiasticae“
1766 2109 1953 2151 incitaret;

189 2182 279 2214 quae
306 2169 423 2215 opinio
450 2168 681 2203 confirmatur
707 2180 764 2207 eo,
792 2167 883 2211 quod
911 2167 946 2201 in
973 2165 1140 2200 vaticano
1167 2165 1226 2199 illo
1254 2165 1374 2199 codice
1401 2163 1602 2209 complures
1628 2163 1805 2208 epistulae
1831 2163 1953 2197 arche-

188 2226 314 2269 typae,
342 2234 433 2267 quae
461 2221 590 2256 Sirleto
616 2221 810 2266 inscriptae
837 2222 932 2261 sunt,
960 2221 1162 2254 cernuntur.
1215 2219 1289 2252 lam
1317 2218 1430 2263 ipsam
1457 2229 1584 2263 ponam
1613 2217 1825 2262 epistulam:

949 2334 1191 2373 CANISIUS

404 2419 682 2459 OTTONI
712 2415 1132 2457 TRUCHSESS
1161 2414 1263 2454 DE
1293 2412 1745 2461 WALDBURG‚

735 2493 906 2528 cardinali
933 2495 968 2527 et
994 2492 1160 2538 episcopo
1187 2493 1398 2535 augustano.

632 2575 799 2621 Augusta
826 2572 1098 2609 vindelicorum
1126 2573 1156 2608 7.
1183 2570 1392 2608 Decembris
1419 2569 1513 2606 1560.

310 2681 359 2686 —
391 2681 436 2686 ——
469 2658 675 2706 Indignum
704 2657 859 2694 facinus
888 2655 1209 2694 Ecclesiasticam
1238 2653 1443 2692 historiam
1471 2655 1532 2690 tot
1558 2652 1682 2690 modis
1712 2665 1736 2689 a
1764 2650 1952 2700 Sectarijs

192 2718 410 2769 deprauari.
449 2717 633 2755 Abundat
654 2717 776 2754 Roma
797 2716 904 2753 Viris
935 2715 1073 2760 doctis,
1104 2718 1143 2752 et
1171 2713 1424 2751 historiarum
1445 2711 1592 2761 peritis,
1622 2710 1754 2759 magni
1774 2709 1952 2760 profecto

314 2842 324 2862 ¹
350 2841 427 2874 Hac
453 2840 656 2874 litterarum
683 2841 785 2883 parte
811 2849 898 2871 usus
924 2839 979 2871 est
1005 2839 1041 2870 et
1061 2835 1182 2880 aliqua
1201 2847 1245 2868 ex
1264 2846 1305 2868 ea
1324 2834 1368 2868 ad
1387 2833 1535 2867 verbum
1554 2831 1704 2877 protulit
1721 2832 1788 2865 Ios.
1809 2832 1953 2865 Schmid

190 2895 226 2928 in
258 2893 522 2937 „Historisches
548 2891 751 2927 Jahrbuch“
781 2890 883 2924 XVII
912 2889 1107 2933 (Miinchen
1137 2888 1255 2932 1896),
1283 2888 1338 2922 79.

312 2947 324 2967 2
356 2946 497 2989 „Nouus
523 2946 676 2979 mundus
704 2973 710 2978 .
740 2972 746 2978 .
777 2972 782 2978 .
809 2943 949 2977 mauult
974 2953 1086 2977 nouos
1111 2943 1299 2986 suspectos
1326 2941 1471 2974 sanctos
1498 2940 1533 2972 et
1558 2940 1738 2982 martyres
1764 2938 1951 2981 acceptare

193 3002 228 3034 et
253 2999 411 3041 laudare,
439 3010 548 3043 quam
573 3000 717 3032 ueteres
744 3001 779 3031 et
805 2997 971 3030 laudatos
997 3006 1204 3039 agnoscere,
1232 2994 1406 3028 honorare
1425 2995 1461 3026 et
1478 2991 1603 3026 seiten.
1637 2990 1761 3024 Nouae
1778 2989 1952 3033 legendae

192 3053 417 3094 scribuntur,
453 3052 489 3086 in
516 3051 645 3096 quibus
672 3050 779 3084 etiam
806 3053 987 3094 martyres
1013 3049 1199 3088 dicuntur,
1231 3047 1291 3091 qui
1317 3047 1353 3081 in
1379 3044 1473 3080 omni
1499 3043 1675 3078 seditione
1700 3042 1950 3084 inobedientia,

191 3106 331 3139 mutwil
357 3107 391 3139 et
418 3105 566 3149 perfidia
592 3104 760 3138 uixerunt
780 3114 893 3147 usque
912 3103 957 3136 ad
974 3102 1082 3136 finem
1100 3101 1214 3135 uitae⁴⁴
1251 3100 1311 3143 (ex
1337 3099 1443 3133 huius
1468 3096 1672 3131 *contionis
1696 3095 1950 3130 commentario

194 3158 238 3191 ab
263 3158 340 3202 ipso
371 3158 512 3191 Canz‘szo
537 3157 682 3202 scripto.
726 3156 809 3191 Cod.
842 3155 1002 3200 „Scripta
1028 3155 1067 3188 Β.
1095 3153 1134 3188 Ρ.
1163 3153 1247 3187 Can.
1275 3152 1317 3186 X.
1345 3151 1407 3186 R.“
1437 3152 1461 3185 f.
1487 3150 1584 3193 401³).
