2093 3444
552 143 719 186 Augusta
745 143 1012 178 Vindelicorum
1042 144 1097 179 12.
1125 143 1292 178 Octobris
1321 143 1421 178 1561.
1789 147 1873 188 255

96 261 255 303 riorem
298 260 500 303 existimo
542 261 641 303 111110
683 261 853 315 quidem
898 261 1100 305 instituto
1141 265 1291 304 nostro
1333 262 1505 304 facilius
1547 265 1590 305 et
1632 263 1768 305 tutius
1807 278 1876 306 re-

101 325 225 369 stitui
256 340 398 380 posse.

218 391 454 444 Hucusque
476 391 749 446 scripseram,
774 407 871 434 cum
894 393 1151 436 adferuntur
1173 393 1348 435 litterae
1371 394 1450 435 27a
1470 391 1532 447 [Ρ]
1558 394 1774 447 Septemb.
1798 394 1877 437 ist-

98 456 167 498 hic
200 456 358 498 datae1
390 456 580 510 mihique
613 457 656 498 in
680 457 851 499 domino
881 457 1159 511 gratissimae
1183 458 1544 511 quemadmodum
1578 461 1622 501 et
1644 459 1768 502 Doct.
1793 460 1876 502 La-

98 521 196 563 noio
230 524 274 564 et
306 522 358 564 D.
392 522 659 564 Theoderico
693 522 835 573 fratri,
870 523 941 576 qui
974 537 1141 565 mecum
1175 526 1313 576 agunt
1344 523 1426 565 1100
1464 526 1660 578 tempore
1695 560 1702 567 .
1736 525 1877 567 Bene-

99 586 241 629 dictus
265 587 383 637 deus,
412 601 495 640 quo
518 587 697 630 fauente
720 588 910 630 mittitur
932 589 1036 631 Doc.
1060 589 1173 631 Jaen
1195 589 1431 631 Viennam:
1465 589 1628 643 poterit
1649 589 1685 631 is
1709 604 1878 643 quoque

98 651 276 694 Hectori
309 666 434 706 opem
476 655 520 694 et
553 653 896 695 consolationem
929 653 1115 696 adferre.
1179 653 1348 696 Moneri
1390 654 1504 698 forte
1538 657 1685 708 posset
1717 655 1879 698 Rector

98 716 369 760 authoritate
410 721 582 769 vestra,
629 720 678 760 vt
724 719 947 760 commode
988 721 1150 762 tractet
1194 722 1343 773 patres
1386 720 1492 762 duos
1533 720 1638 762 Doc.
1681 721 1792 762 Jaen
1835 724 1880 764 et

98 783 156 825 M.
190 783 460 835 Hurtadum,
503 786 637 836 utque
669 783 869 826 similiter
910 784 1007 837 alijs
1049 784 1254 828 exhibeat
1294 798 1340 827 se
1381 784 1425 826 in
1466 785 1584 828 uictu
1627 786 1877 839 quotidiano

99 848 416 899 liberaliorem,
459 863 600 902 neque
633 851 830 903 praestet
871 863 918 891 se
950 849 1216 892 tenaciorem
1258 864 1310 892 ac
1351 850 1613 893 seueriorem
1654 851 1878 903 fratribus,

100 913 177 967 qui·
215 916 333 957 certe
374 914 418 955 in
459 914 556 969 alijs
599 914 793 969 collegijs
836 914 998 957 nostris
1040 915 1329 957 commodiore
1361 916 1481 958 victu
1520 930 1650 970 quam
1681 916 1878 959 Viennae

100 981 296 1023 vtuntur.

220 1044 355 1088 Fiat
397 1045 686 1087 voluntas
727 1045 994 1087 Domini2
1038 1046 1090 1087 de
1130 1046 1235 1089 Doc.
1271 1046 1518 1097 Lamberto,
1569 1047 1640 1100 qui
1678 1048 1876 1090 Lubecae

99 1113 297 1153 moratur
336 1124 495 1164 magno
530 1125 625 1152 cum
658 1109 825 1161 toedio,
868 1110 1060 1164 nihilque
1092 1111 1321 1165 pollicetur
1356 1112 1407 1154 de
1439 1112 1583 1154 reditu
1599 1114 1628 1155 3.
1694 1112 1877 1155 Oremus

101 1175 321 1217 dominum
353 1178 401 1218 ut
433 1175 800 1218 Reuerendissimi
833 1176 1022 1230 Legati4
1063 1177 1130 1219 cui
1162 1177 1234 1219 ille
1272 1177 1502 1220 adiunctus
1535 1181 1623 1229 est,
1665 1178 1781 1220 viam
1816 1178 1878 1220 di-

101 1240 219 1294 rigat
250 1255 471 1295 prospere.

220 1307 518 1361 Expectamus
542 1307 778 1350 aduentum
800 1307 1001 1359 fratrum,
1027 1307 1099 1360 qui
1121 1307 1393 1361 Moguntiam
1417 1308 1705 1359 destinantur,
1740 1323 1879 1363 neque

101 1371 243 1414 minus
266 1374 468 1427 optamus
491 1386 565 1414 eos
587 1372 737 1415 venire
760 1372 920 1424 saluos,
946 1372 1018 1426 qui
1036 1373 1338 1427 Oenipontano
1362 1374 1544 1428 collegio
1568 1374 1882 1429 promittuntur

103 1437 336 1492 Hispanos.
385 1438 513 1480 Nunc
546 1437 665 1480 misit
697 1438 860 1480 Caesar
890 1439 974 1480 huc
1006 1453 1218 1489 nummos,
1253 1439 1406 1492 quibus
1438 1439 1572 1482 libros
1603 1439 1664 1481 illi
1699 1440 1880 1494 collegio

102 1503 372 1545 necessarios
414 1517 655 1545 emeremus
671 1504 700 1546 5.
765 1503 954 1546 Paratur
995 1511 1040 1546 et
1081 1504 1307 1559 supellexb
1348 1504 1391 1546 in
1425 1505 1632 1547 Martium
1674 1519 1880 1557 mensem,

102 1571 152 1612 vt
183 1569 289 1611 nihil
331 1568 444 1612 desit
475 1569 599 1611 nouis
640 1569 898 1624 hospitibus.
962 1569 1104 1620 Quare
1145 1570 1354 1612 maiorem
1395 1569 1438 1612 in
1477 1571 1651 1613 modum
1694 1586 1881 1622 oramus,

102 1637 152 1677 vt
183 1634 309 1676 huius
342 1634 513 1689 collegij
557 1634 754 1689 proximo
788 1649 900 1677 anno
944 1635 1237 1678 constituendi
1277 1635 1390 1677 ratio
1426 1635 1621 1690 inprimis
1653 1636 1880 1687 habeatur,

104 1699 273 1754 virique
306 1700 423 1743 docti
455 1714 504 1743 eo
538 1700 793 1752 mittantur,
834 1700 906 1754 qui
940 1700 1091 1744 doctos
1123 1715 1229 1743 sane
1261 1701 1484 1744 inuenient
1516 1701 1814 1751 Consiliarios,
1857 1716 1882 1744 a

106 1765 260 1819 quibus
292 1765 431 1809 nostri
464 1766 592 1808 ualde
626 1766 941 1809 desiderantur.

224 1831 401 1874 Gratias
447 1831 649 1885 ingentes
693 1846 776 1886 ago
822 1832 872 1874 R.
917 1832 964 1875 T.
1012 1833 1126 1886 quod
1172 1846 1314 1874 meam
1359 1831 1500 1886 egerit
1548 1847 1725 1874 causam
1770 1833 1883 1886 apud

104 1896 379 1939 Cardinalem
412 1895 740 1951 Augustalium,
782 1897 975 1951 illudque
1015 1897 1272 1952 perfecerit,
1317 1901 1364 1941 vt
1404 1912 1473 1940 me
1514 1898 1629 1940 sinat
1670 1898 1751 1940 1100
1788 1898 1882 1940 1000

104 1962 248 2017 potius
281 1961 488 2016 frigidum
522 1962 888 2013 contionatorem,
929 1977 1058 2017 quam
1091 1963 1289 2006 Tridenti
1328 1963 1522 2018 ineptum
1566 1963 1882 2018 disputatorem

105 2042 237 2082 agere
254 2029 282 2070 6.

225 2092 408 2148 Scripsit
439 2093 555 2136 haud
597 2093 723 2136 dubie
756 2094 918 2136 Rector
949 2093 1232 2145 Viennensis,
1276 2108 1386 2148 quae
1427 2094 1699 2136 incommoda
1737 2108 1882 2136 secum

104 2159 296 2202 aduehat
337 2173 470 2201 causa
508 2158 584 2201 illa
626 2159 943 2214 Neapolitana,
989 2159 1025 2201 si
1069 2159 1185 2214 apud
1226 2159 1441 2202 Caesarem
1483 2162 1705 2213 vrgeatur.
1778 2159 1885 2201 Mihi

105 2238 325 2277 nunquam
350 2238 441 2266 rem
474 2226 615 2267 totam
639 2225 825 2280 aperuit,
859 2225 936 2267 sed
961 2225 1088 2267 modo
1121 2225 1285 2276 scribit,
1319 2225 1610 2268 inconsultum
1644 2224 1725 2267 sibi
1747 2224 1886 2267 videri

104 2291 186 2332 1100
218 2289 332 2344 quod
365 2290 508 2344 coepit
538 2290 802 2345 prouehere,
845 2290 1029 2345 plusque
1072 2291 1216 2345 damnj
1251 2290 1395 2341 nobis,
1439 2305 1567 2344 quam
1607 2290 1886 2332 emolumenti

106 2355 206 2397 inde
238 2355 481 2398 rediturum
515 2369 625 2399 esse.
691 2356 858 2410 Sequar
890 2359 1038 2399 autem
1069 2355 1270 2399 iuditium
1302 2356 1353 2399 R.
1388 2357 1436 2399 T.

226 2484 240 2498 ²²
267 2479 325 2512 Ita
352 2479 452 2521 AB;
478 2479 554 2511 vide
580 2478 696 2522 infra,
722 2478 842 2512 adnot.
871 2481 891 2512 1
916 2478 1025 2511 huius
1043 2488 1127 2523 pay.

231 2532 244 2552 b
269 2532 313 2566 In
340 2536 414 2566 aut.
440 2532 604 2576 sequitur
628 2530 775 2576 futuris,
802 2532 1054 2565 oblitteratum.

235 2655 244 2675 ¹
272 2654 328 2688 Ex
354 2654 410 2695 iis,
445 2665 538 2698 quae
565 2654 729 2700 proxime
755 2655 976 2698 sequuntur,
1011 2653 1108 2688 clare
1134 2652 1372 2696 intellegitur,
1400 2652 1584 2687 Canisium
1610 2652 1753 2687 litteras
1779 2651 1889 2696 signi-

107 2707 235 2750 ficare,
271 2719 363 2752 quas
397 2719 507 2753 supra
537 2720 572 2753 p.
598 2707 785 2742 227-231
814 2707 1011 2752 posuimus.
1062 2707 1104 2741 In
1139 2706 1261 2742 codice
1288 2708 1408 2741 autem
1435 2708 1513 2740 tum
1538 2706 1595 2740 his
1621 2705 1774 2747 litteris,
1809 2708 1886 2740 tum

107 2761 162 2803 iis,
189 2772 282 2805 quae
301 2772 362 2795 eas
379 2761 542 2806 proxime
561 2761 781 2796 antecedunt
797 2763 834 2795 et
851 2763 1064 2805 sequuntur,
1093 2761 1169 2795 dies
1188 2760 1255 2802 25„
1281 2771 1352 2793 non
1370 2760 1438 2801 27.,
1466 2758 1688 2804 Septembris
1707 2758 1887 2803 ascriptus

108 2816 176 2855 est,
202 2814 311 2859 idque
336 2816 456 2856 recte3
482 2826 566 2848 nam
593 2814 670 2849 dies
695 2814 752 2849 25.
780 2814 1004 2859 Septembris
1031 2826 1072 2848 eo
1098 2825 1191 2848 anno
1217 2813 1410 2847 sabbatum
1438 2814 1534 2853 erat;
1560 2811 1740 2846 tabellarii
1765 2814 1887 2846 autem

109 2867 243 2913 publici
282 2867 445 2902 sabbatis
482 2867 596 2902 Roma
633 2868 671 2902 in
707 2867 875 2912 regiones
912 2867 1215 2913 septentrionales
1262 2865 1442 2912 proficisci
1479 2865 1662 2907 solebant;
1710 2866 1754 2900 cf.
1797 2865 1885 2900 Can.

110 2921 199 2966 Epp.
227 2921 272 2962 II,
299 2921 402 2956 7591.
547 2921 561 2942 ²
587 2921 668 2956 Act.
695 2921 752 2963 21,
782 2922 836 2955 14.
887 2921 1019 2955 Matth.
1047 2921 1079 2962 6,
1109 2921 1162 2955 10.

231 2976 244 2995 ³
269 2974 437 3009 Canisius
470 2974 629 3009 nondum
667 2976 898 3018 cognoverat,
925 2974 965 3008 P.
992 2973 1223 3008 Lambertum
1243 2972 1341 3007 Auer
1367 2973 1422 3006 24.
1451 2971 1673 3017 Septembris
1700 2971 1885 3007 Coloniam

109 3027 302 3063 advenisse
315 3028 470 3072 indeque
484 3028 540 3063 27.
556 3027 779 3074 Septembris
792 3027 1019 3071 Moguntiam
1037 3027 1240 3072 profectum
1254 3037 1334 3060 esse
1351 3025 1515 3069 (Hansen
1529 3025 1552 3060 l.
1568 3037 1596 3060 0.
1611 3037 1645 3070 p.
1665 3025 1732 3060 399
1742 3026 1765 3060 ².
1784 3025 1884 3069 407).

230 3083 244 3102 4
271 3081 536 3117 Commendoni.
683 3082 696 3102 ⁵
723 3081 777 3116 Cf.
805 3081 910 3123 infra,
936 3091 1093 3115 monum.
1120 3080 1199 3114 321.
1227 3079 1307 3114 323.

231 3136 244 3155 ⁶
271 3135 458 3169 Salmeron
483 3135 518 3169 id
544 3135 766 3180 perfecerat;
793 3134 877 3169 vide
903 3145 1014 3179 supra
1040 3145 1074 3178 p.
1101 3134 1183 3167 229.
