2093 3444
222 192 306 232 222
362 189 442 223 596.
478 188 583 222 Hurt.
612 187 723 222 Perez
749 187 890 222 nomine
918 187 1002 222 Can.
1030 187 1155 222 Ioanni
1181 187 1321 222 Rethio.
1365 188 1458 232 Aug.
1486 187 1592 222 Vind.
1622 188 1675 222 19.
1704 187 1801 234 Sept.
1832 189 1931 224 1561.

1044 305 1176 347 596.

674 401 727 447 Ρ.
769 399 1122 446 HURTADUS
1162 399 1364 446 PEREZ
1405 398 1452 447 S.
1494 400 1541 446 J.

927 498 1099 540 nomine
1133 498 1291 540 Canisii

670 592 734 633 P.
768 591 1029 634 IOANNI
1060 591 1346 634 RETHIO
1382 591 1437 634 S.
1471 591 1547 645 J„

401 673 582 718 gymnasii
609 673 718 707 trium
748 685 962 707 coronarum
989 673 1205 707 coloniensis
1231 671 1382 717 regenti,
1410 672 1620 716 Moguntiae
1648 673 1813 707 moranti.

650 752 818 799 Augusta
844 751 1119 789 Vindelicormu
1145 752 1195 788 19.
1223 751 1450 799 Septembris
1476 752 1563 789 1561.

342 837 396 870 Ex
424 835 630 881 apographo
656 835 810 875 recenti,
844 835 936 879 quod
964 847 1008 869 ex
1036 835 1258 880 autographo
1289 836 1361 878 (4⁰;
1401 837 1416 869 1
1446 848 1499 880 p.;
1536 836 1570 870 in
1598 848 1631 881 p.
1658 836 1690 871 2.
1717 836 1824 872 inser.
1851 838 1888 871 et
1912 848 1996 882 pars

222 891 317 935 sig),
345 891 379 924 in
407 890 482 923 cod.
511 889 622 923 colon.
654 889 761 933 „Epp.
789 888 832 922 ad
862 888 984 923 Reth.“
1016 888 1039 923 f.
1071 889 1137 923 132
1164 889 1280 934 posito
1307 889 1529 934 exscriptum
1556 891 1622 923 est.

342 963 476 996 Frater
501 962 647 1004 quidam
672 961 901 994 scholasticus
931 960 1074 994 Cam’se'o
1096 972 1228 1003 parum
1252 960 1426 1003 probatus
1461 962 1499 993 in
1530 961 1759 994 Germaniam
1787 962 1997 1004 inferiorem

222 1018 386 1059 miffitur,
412 1020 450 1048 ut
477 1015 675 1048 adiuvetur.
712 1014 912 1057 Praepositi
932 1015 1109 1058 ςμίιθναῖιῖκἱ
1129 1015 1287 1047 valetudo
1314 1018 1343 1047 et
1363 1015 1536 1057 neyotinm
1555 1015 1732 1058 quoddam
1758 1019 1997 1059 auqustanum

224 1071 298 1103 Deo
324 1069 613 1102 conenlendanda.

1072 1122 1153 1165 Jhs

760 1200 854 1240 Pax
887 1198 1045 1240 Christi
1077 1198 1298 1241 nobiseum
1332 1199 1383 1242 R.
1418 1199 1463 1241 P.

342 1277 393 1319 R.
429 1277 474 1319 P.
510 1276 704 1319 Canisius
737 1291 770 1318 Γ.
805 1279 836 1319 t.
872 1279 1021 1329 rogat,
1065 1276 1126 1318 uti
1161 1276 1272 1318 hunc
1311 1277 1492 1318 fratrem
1525 1277 1582 1319 M.
1618 1276 1857 1331 Ogeriuml
1889 1277 1996 1319 Tre-

223 1342 358 1384 uerim
393 1356 546 1384 versus
589 1342 750 1395 dirigat
792 1356 886 1383 cum
930 1342 1075 1395 aliqua
1116 1342 1230 1383 bona
1262 1342 1494 1392 societate,
1538 1356 1632 1384 cum
1673 1342 1766 1397 ipse
1803 1343 1997 1396 linguam

224 1407 413 1457 neseiat,
448 1407 638 1450 mittitur
670 1421 741 1457 eo,
778 1410 824 1449 ut
857 1407 914 1448 ibi
948 1407 1175 1461 probetur,
1220 1421 1350 1460 quum
1392 1407 1434 1448 in
1477 1407 1557 1449 hac
1592 1411 1743 1450 nostra
1775 1407 1997 1462 prouincia

223 1487 308 1515 non
342 1487 388 1515 se
421 1473 529 1515 satis
562 1472 617 1514 ad
649 1472 896 1514 institutum
931 1471 1155 1514 societatis
1178 1472 1519 1515 accommodarit
1552 1507 1560 1516 .
1595 1487 1820 1527 speramus
1851 1476 1995 1516 autem

223 1538 281 1580 ibi
313 1538 451 1580 iuuari
485 1552 625 1592 posse,
661 1552 798 1591 eaque
832 1537 1000 1579 ratione
1034 1537 1223 1580 mittitur
1257 1573 1265 1580 .
1300 1552 1369 1579 res
1401 1540 1492 1580 tum
1526 1540 1622 1580 tota
1653 1537 1695 1579 in
1727 1553 1768 1593 p.
1802 1538 1858 1581 M.
1886 1538 1995 1581 Leo-

224 1604 439 1646 nardum2
473 1603 686 1657 reijcitur,
721 1602 755 1644 si
790 1617 867 1644 nee
901 1603 987 1645 illie
1020 1603 1128 1645 satis
1162 1605 1290 1657 aptus
1323 1603 1522 1645 societati
1557 1602 1790 1655 uideretur,
1826 1607 1873 1646 ut
1905 1604 1998 1658 ipse

224 1683 319 1711 eum
354 1683 379 1711 a
412 1669 525 1711 uotis
548 1669 793 1710 absolutum
819 1668 1037 1711 dimittere
1060 1668 1211 1722 possit.
1254 1671 1285 1711 t.
1310 1683 1342 1711 r.
1369 1682 1479 1722 quae
1502 1669 1641 1723 ipsum
1666 1669 1801 1720 nouit,
1835 1668 1998 1724 poterit

225 1734 402 1776 consilio
448 1734 578 1776 etiam
622 1734 794 1782 iuuare,
842 1748 925 1787 quo
967 1737 1096 1788 pacto
1138 1734 1413 1785 tractandus,
1461 1748 1630 1787 quoque
1671 1734 1885 1777 iuuandus
1925 1733 1994 1777 sit.

224 1799 342 1841 Nihil
377 1799 428 1841 de
462 1800 541 1849 his,
577 1799 647 1852 qui
682 1799 735 1840 ad
768 1798 883 1841 istud
917 1799 1155 1852 Collegium
1188 1799 1359 1841 uenturi
1392 1802 1505 1850 sunt,
1541 1799 1847 1843 intelleximus.
1911 1799 1996 1842 Re-

223 1865 326 1907 tulit
358 1865 530 1917 quidam
574 1864 717 1914 nobis,
762 1865 934 1906 audisse
967 1864 1085 1906 Comi
1127 1878 1153 1906 a
1190 1863 1236 1907 P.
1272 1863 1541 1917 Tarquini03
1581 1864 1759 1908 Patrem
1800 1867 1995 1908 nostrum

225 1930 480 1971 Generalem
523 1929 731 1971 infirmari
765 1930 1035 1972 Fer1·ariae⁴.
1101 1929 1193 1979 Qua
1235 1929 1287 1971 de
1329 1935 1488 1971 causa³¹
1521 1927 1582 1984 [Ρ]
1617 1944 1650 1972 r.
1684 1932 1715 1973 t.
1758 1944 1854 1972 eum
1897 1944 1996 1972 ora-

223 1995 412 2037 tionibus
434 1994 670 2049 impensius
694 1995 1058 2045 commendamus,
1093 2008 1256 2048 nosque
1280 2008 1441 2046 omnes,
1477 1994 1630 2048 quibus
1653 1995 1850 2037 dominus
1872 2009 1994 2038 suam

223 2061 411 2112 gratiam
445 2062 619 2113 augeat.
685 2074 823 2102 amen.
887 2059 1117 2114 Augustae
1152 2061 1235 2103 .19.
1270 2059 1488 2114 Septemb.
1526 2061 1650 2103 1561.

342 2137 411 2178 Ex
445 2136 745 2179 commissione
776 2151 817 2191 p.
852 2151 892 2180 n.
926 2136 1223 2180 Prouincialis.

1364 2211 1397 2239 r.
1433 2199 1463 2239 t.
1498 2196 1541 2238 in
1574 2195 1743 2239 Christo
1781 2210 1934 2238 seruus

1527 2262 1765 2304 Hurtadus.

341 2343 439 2385 Vna
485 2357 587 2385 cosa
632 2343 673 2384 di
715 2344 880 2396 grande
920 2342 1192 2397 importanza
1234 2345 1303 2385 sta
1344 2343 1413 2385 fra
1445 2343 1484 2385 le
1522 2357 1671 2394 mane,
1714 2342 1832 2386 accio
1864 2342 1993 2385 habbi

222 2408 336 2450 buon
369 2410 473 2458 fine,
517 2411 666 2451 nostro
700 2408 834 2462 padre
874 2422 1011 2463 prega
1052 2408 1205 2450 alcune
1242 2421 1406 2459 messe,
1450 2409 1542 2450 cioe
1582 2411 1672 2459 tre,
1715 2407 1910 2450 offerirse
1951 2408 1993 2450 al

222 2473 397 2526 signore
431 2473 485 2515 da
518 2487 691 2526 ognuno
708 2474 739 2517 5.

341 2595 413 2630 Res
431 2595 606 2639 quaedam
632 2594 754 2638 magni
773 2595 943 2628 momenti
961 2595 1063 2629 nobis
1089 2595 1124 2628 in
1142 2594 1307 2629 manibus
1333 2596 1399 2630 est.
1438 2594 1536 2636 Quae
1563 2596 1603 2629 ut
1619 2606 1830 2640 prosperum
1856 2594 1992 2629 exitum

222 2648 406 2690 sortiatur,
432 2651 536 2694 pater
561 2651 683 2682 noster
709 2659 774 2682 vos
801 2650 915 2692 rogat,
943 2650 982 2682 ut
1008 2647 1142 2692 singuli
1168 2647 1300 2682 missae
1326 2647 1502 2683 sacrificia
1529 2647 1667 2692 aliquot
1684 2667 1730 2672 —
1747 2647 1817 2682 tria
1843 2647 1930 2682 dicit
1947 2667 1991 2672 —

222 2702 362 2736 domino
389 2702 548 2737 offeratis
561 2703 583 2737 5.

339 2806 353 2821 ‘²
380 2801 440 2835 Sic
465 2801 516 2835 vel
540 2801 706 2834 similiter
731 2801 816 2834 haec
840 2813 890 2835 vv.
910 2801 1094 2835 obscurius
1118 2802 1252 2844 scripta
1279 2801 1424 2844 leyendct
1442 2812 1511 2835 esse
1527 2802 1564 2834 in
1585 2812 1643 2845 ap.
1661 2812 1735 2835 meo
1755 2805 1914 2835 notatum
1932 2804 1991 2834 est.

345 2901 353 2920 ¹
380 2898 667 2941 Davantianum;
694 2899 737 2934 de
764 2911 832 2944 quo
859 2899 963 2944 plura
989 2899 1055 2933 sub
1081 2898 1197 2944 ipsam
1223 2898 1316 2933 hanc
1343 2897 1535 2943 epistulam
1562 2898 1736 2933 dicentur.
1811 2899 1825 2919 ²
1850 2897 1990 2933 Kessel.

341 2953 354 2974 ³
380 2952 564 2995 Rainafflo,
585 2953 645 2997 qui
665 2952 764 2987 Comi
785 2952 924 2996 (Como)
946 2952 1058 2987 Sociis
1076 2954 1243 2997 praeerat
1264 2951 1489 2995 (Sacchinus,
1507 2951 1599 2986 Hist.
1616 2950 1650 2986 S.
1666 2951 1758 2994 J.11,
1777 2951 1799 2986 l.
1815 2953 1846 2994 5,
1865 2963 1899 2987 n.
1915 2951 1990 2996 95).

340 3007 352 3026 ⁴
379 3005 560 3039 Inciderat
594 3006 736 3050 quidem
772 3005 808 3039 in
834 3005 962 3040 febrim
990 3005 1138 3040 Lainius
1163 3005 1369 3045 Ferrariae;
1405 3006 1443 3039 at
1469 3005 1501 3039 7.
1527 3004 1686 3048 Augusti
1720 3004 1790 3039 iter
1820 3004 1990 3048 gallicum

219 3060 383 3103 repetere
408 3061 577 3103 potuerat
605 3059 819 3103 (Sacchimcs
844 3058 866 3093 1.
894 3070 924 3093 c.
950 3071 984 3092 n.
1015 3059 1092 3093 146.
1142 3059 1269 3102 Boero,
1295 3058 1425 3092 Lainez
1450 3069 1484 3103 p.
1511 3057 1730 3101 231—232).

339 3112 352 3131 ⁵
377 3110 430 3145 De
464 3111 614 3146 canonia
641 3112 675 3146 S.
703 3111 849 3156 Georgii
880 3114 1084 3156 augustana
1119 3112 1155 3146 in
1180 3111 1302 3146 Socios
1337 3111 1588 3146 transferenda
1614 3110 1811 3154 agebatur;
1848 3122 1918 3155 qua
1945 3110 1989 3144 de

220 3176 259 3198 re
284 3163 388 3209 plura
414 3166 540 3209 postea
567 3165 742 3199 dicentur.

2078 588 2093 1360 ⁶9.÷÷†2⁴-21.‘-v‘.÷··.2-z³=²÷-7-2-1.·r:ae·0

2084 2312 2093 2609 .,„...«-.-›--
