2093 3444
607 183 820 218 Vindobona
848 185 901 218 16.
930 184 1150 228 Septembris
1179 184 1281 218 1561.
1543 222 1547 226 ,
1747 190 1829 230 221

57 303 100 345 in
134 301 288 355 quibus
320 301 489 355 positus
522 315 615 342 sum
653 336 660 343 .
696 304 740 343 et
772 301 927 344 merito
961 302 1119 343 deflere
1151 316 1327 356 possum
1367 317 1506 344 meam
1540 303 1758 346 miseriam
1791 309 1836 348 et

57 369 238 422 peccata
262 380 372 419 quae
406 380 539 408 causa
572 369 674 408 sunt
697 367 887 420 omnjum
917 367 1100 409 istarum
1135 383 1143 409 :
1177 370 1271 409 tum
1294 367 1425 409 etiam
1450 368 1549 421 quia
1572 369 1836 412 Reuerentia

59 433 109 474 V.
151 432 194 474 in
241 431 432 473 discessu
478 446 554 473 suo
601 431 712 474 dixit
759 435 807 475 ut
855 447 966 485 quae
1007 434 1162 474 fierent
1207 432 1251 473 in
1299 432 1380 474 hoc
1429 433 1611 486 collegio
1660 435 1835 489 scriptis

57 497 367 540 Reuerentiam
390 511 430 539 v,
456 497 685 539 certiorem
709 497 899 540 facerem
931 533 938 540 .
970 498 1208 539 Plurimum
1232 513 1300 540 me
1323 499 1574 540 commendo
1600 500 1834 542 ,Reueren-

56 562 145 605 tiae
177 563 230 605 V.
295 562 454 604 Omnes
487 562 649 604 fratres
683 577 733 604 ac
765 565 915 617 patres
948 564 1043 605 laus
1076 564 1168 605 Deo
1201 564 1310 605 bene
1342 564 1517 608 habent.
1567 565 1835 619 Jmpetrauit

55 642 169 670 nunc
192 628 473 670 Reuerendus
497 627 542 670 P.
567 628 729 669 Rector
762 642 787 670 a
812 628 867 671 .S.
893 628 935 671 C.
960 629 1017 671 M.
1043 628 1190 670 vinum
1224 643 1301 683 pro
1333 629 1522 682 Collegio
1557 632 1601 671 et
1634 630 1791 673 similia
1825 667 1833 675 .

56 694 174 735 Deus
207 693 280 735 det
312 693 435 735 nobis
468 692 658 746 gratiam
691 707 813 734 suam
855 693 897 734 in
932 693 1129 735 omnibus
1163 694 1407 736 actionibus
1445 695 1604 737 nostris
1642 697 1693 737 16
1729 696 1834 750 Sep-

56 759 236 802 tembris
273 760 398 801 1561.
940 759 1101 801 Seruus
1134 759 1350 813 Jndignus
1385 760 1689 803 Reuerentiae
1721 762 1773 804 V.

1166 824 1361 867 Adamus
1395 826 1558 869 Holler.

176 916 347 959 Jhesus.
395 916 652 958 Reuerendo
685 916 729 958 in
763 916 923 959 christo
947 917 993 961 P.
1019 918 1069 960 D.
1096 918 1226 960 Petro
1255 918 1424 960 Canisio
1460 918 1660 975 Sa[crae]
1695 920 1834 962 Theo-

55 982 199 1036 logiae
238 981 416 1024 Doctori
459 985 503 1024 et
536 981 769 1024 Societatis
801 980 985 1037 J[ESV]
1029 997 1107 1037 per
1148 983 1425 1026 Germaniam
1469 1000 1519 1027 ac
1559 984 1834 1040 Bohemia[m

55 1046 333 1103 pro]uinciali
366 1050 447 1090 etc.
483 1047 538 1088 ad
571 1061 725 1089 manus
757 1047 956 1102 proprias
1530 1051 1773 1104 Augustae.

174 1140 252 1174 Etsi
279 1140 369 1174 haec
395 1139 550 1184 epistula
577 1139 619 1173 de
646 1140 753 1174 rebus
780 1140 1032 1175 minutioribus
1059 1143 1134 1182 est,
1171 1141 1312 1184 integra
1339 1141 1397 1175 hic
1424 1142 1542 1186 posita
1569 1145 1643 1183 est,
1680 1144 1764 1186 quia
1791 1156 1835 1178 ex

56 1193 223 1238 epistulis
261 1205 282 1228 a
321 1193 555 1236 collegiorum
601 1193 813 1235 „ministris“
858 1194 902 1228 ad
942 1194 1124 1229 Canisium
1163 1195 1407 1239 praepositum
1445 1195 1703 1240 provincialem
1742 1197 1836 1231 datis

55 1247 295 1293 paucissimae
321 1249 526 1292 supersunt.
562 1248 692 1291 Atque,
720 1247 753 1281 id
781 1248 873 1292 quod
893 1250 930 1282 et
947 1251 1053 1282 antea
1072 1248 1228 1283 vidimus
1250 1248 1375 1293 (supra
1394 1261 1425 1293 p.
1449 1249 1514 1283 120
1534 1250 1631 1293 etc),
1659 1252 1694 1284 et
1711 1252 1837 1295 postea

56 1300 278 1342 videbimus,
305 1300 362 1335 his
388 1312 529 1345 quoque
556 1300 689 1335 litteris
715 1301 940 1336 illustratur:
969 1302 1112 1336 Canisio
1138 1302 1271 1336 multas
1299 1302 1534 1336 difficultates
1562 1305 1659 1337 ortas
1686 1315 1765 1338 esse
1792 1316 1837 1338 ex

55 1355 236 1396 Victoria,
270 1356 408 1388 rectore
435 1355 705 1389 vindobonensi.
758 1353 823 1396 Qui
852 1355 927 1396 vir,
964 1356 999 1389 in
1025 1367 1064 1390 se
1090 1356 1208 1401 ipsum
1235 1356 1425 1390 admodum
1453 1368 1602 1390 severus
1640 1357 1701 1400 (01.
1727 1369 1837 1403 supra

55 1421 88 1454 p.
116 1409 220 1452 205),
248 1409 392 1442 divinae
418 1408 554 1452 gloriae
582 1411 618 1442 et
643 1408 773 1443 salutis
800 1409 1000 1443 animarum
1029 1409 1300 1455 cupidissimus,
1328 1410 1520 1444 Societatis
1547 1422 1653 1454 quam
1680 1411 1837 1446 maxime

55 1474 200 1504 amans,
236 1474 316 1496 cum
344 1461 466 1496 Socios
501 1464 605 1496 extra
631 1462 775 1496 domum
811 1462 907 1496 aliud
944 1466 1050 1507 atque
1084 1475 1214 1507 aquam
1240 1463 1382 1504 bibere,
1418 1463 1512 1497 domi
1548 1466 1667 1498 autem
1694 1468 1837 1509 praeter

55 1516 246 1561 prandium
273 1527 470 1560 cenamque
498 1516 714 1550 manducare
742 1516 933 1560 quicquam
961 1519 1024 1550 aut
1051 1517 1191 1557 bibere,
1219 1517 1289 1551 nisi
1316 1529 1355 1551 se
1382 1517 1560 1559 consulto,
1587 1520 1743 1559 vetaret,
1770 1518 1838 1553 hoc

55 1572 152 1604 certe
178 1570 377 1615 spectabat,
403 1571 444 1603 ut
462 1568 555 1604 Socii
581 1570 709 1604 ceteris
728 1570 989 1615 temperantiae
1015 1571 1219 1616 exemplum
1239 1571 1462 1616 praeberent,
1489 1571 1597 1615 idque
1624 1583 1665 1605 ea
1692 1572 1835 1616 quidem

55 1626 175 1658 aetate
210 1624 246 1658 in
273 1622 464 1658 Germania
493 1623 600 1657 valde
634 1624 899 1665 necessarium3
936 1624 1170 1659 immoderato
1206 1625 1299 1658 enim
1336 1637 1416 1659 cum
1450 1625 1540 1659 luxu
1575 1625 1743 1659 convivia
1778 1626 1837 1670 agi

55 1677 221 1712 solebant
249 1677 311 1721 (cf.
338 1678 640 1712 Janssen-Pastor
665 1677 762 1719 VIII,
790 1678 989 1712 218—221.
1018 1679 1236 1722 256—273).
1289 1680 1456 1712 Attamen
1482 1678 1576 1713 hanc
1603 1679 1679 1713 eius
1705 1681 1838 1713 severi-

55 1733 169 1766 tatem
206 1731 296 1765 fines
332 1730 544 1776 prudentiae
581 1731 756 1765 transisse
790 1731 917 1775 negari
952 1732 1016 1766 vix
1050 1734 1189 1777 potest;
1229 1732 1442 1777 praesertim
1479 1744 1559 1766 cum
1587 1732 1679 1767 Socii
1714 1733 1837 1767 vindo-

55 1785 232 1820 bonenses
249 1784 390 1830 —ipse
418 1784 583 1819 Oanisius
610 1784 645 1818 id
671 1786 847 1825 testatum
875 1785 958 1819 vide
984 1797 1094 1830 supra
1120 1798 1152 1831 p.
1178 1786 1234 1820 52.
1255 1786 1298 1820 53
1326 1807 1369 1810 -
1397 1787 1485 1820 adeo
1512 1786 1674 1830 occupati
1704 1789 1836 1827 essent,

56 1840 96 1873 ut
129 1838 289 1883 ipsorum
321 1838 491 1872 valetudo
527 1837 804 1883 periclitaretur.
856 1838 895 1873 P.
923 1840 1040 1873 Iulius
1066 1840 1268 1882 Myronem
1300 1839 1333 1874 S.
1361 1840 1393 1874 J.
1431 1840 1624 1883 genuensis
1654 1839 1688 1883 (†
1718 1840 1836 1883 1625),

57 1892 117 1937 qui
144 1892 180 1926 in
207 1892 311 1926 Italia
337 1892 582 1937 compluribus
608 1891 799 1926 Societatis
826 1892 990 1927 domibus
1016 1894 1191 1938 praefuit,
1227 1892 1264 1926 in
1290 1893 1380 1927 libro
1407 1893 1450 1927 de
1481 1893 1618 1937 regulis
1644 1894 1836 1928 communi-

55 1947 123 1981 bus
149 1946 183 1981 S.
212 1946 264 1986 J.‚
300 1946 370 1991 ipsi
398 1945 546 1980 Claudio
572 1946 788 1990 Aquavivae
816 1945 1006 1980 Societatis
1043 1946 1246 1991 praeposito
1274 1947 1435 1990 generali
1461 1947 1624 1981 dedicato
1657 1949 1767 1991 atque
1793 1948 1837 1982 ab

56 2000 124 2034 hoc
150 2000 363 2045 approbate,
399 1999 491 2034 hanc
518 2000 621 2044 quasi
648 2000 811 2043 regulam
838 2000 986 2035 statuit:
1015 2000 1144 2044 [Extra
1170 2000 1361 2045 prandium
1389 2003 1424 2034 et
1451 2000 1612 2045 coenam]
1644 2001 1755 2043 „solet
1782 2013 1837 2035 co·

57 2053 299 2095 adiutoribus,
326 2053 387 2097 qui
413 2055 560 2098 propter
586 2053 765 2087 laboriosa
790 2053 991 2087 ministeria
1018 2056 1144 2096 egent,
1171 2066 1236 2088 nec
1263 2066 1331 2088 non
1359 2054 1668 2096 adolescentibus,
1696 2057 1837 2089 aestate

57 2107 281 2153 praesertim,
309 2110 419 2151 atque
437 2106 492 2152 ijs,
520 2107 580 2151 qui
600 2106 731 2141 lecturi
749 2109 834 2141 sunt
851 2119 959 2152 super
976 2119 1149 2149 mensam,
1176 2108 1392 2141 matutinum
1410 2107 1575 2152 praeberi
1593 2107 1833 2141 ientaculum“

59 2160 97 2204 (l.
125 2172 154 2195 0.
182 2173 215 2206 p.
243 2159 341 2204 324).
392 2161 432 2194 In
459 2160 711 2204 antiquissimo
738 2162 859 2194 autem
886 2161 1039 2204 quodam
1067 2163 1199 2206 codice,
1227 2161 1288 2205 qui
1315 2161 1398 2195 olim
1426 2161 1569 2204 collegii
1596 2161 1628 2195 S.
1657 2162 1690 2195 J.
1717 2173 1836 2195 mona-

57 2214 175 2248 censis
211 2216 307 2256 erat,
346 2213 436 2248 haec
462 2213 633 2257 leguntur
668 2214 812 2248 saeculo
839 2214 935 2249 XVI.
963 2214 1098 2259 scripta
1124 2216 1252 2259 atque,
1288 2216 1329 2248 ut
1354 2214 1541 2256 videntur,
1577 2226 1597 2248 a
1633 2214 1837 2260 praeposito

56 2267 269 2313 provinciali
305 2267 365 2301 vel
390 2267 580 2302 visitatore
615 2268 786 2312 probata:
827 2267 898 2310 „De
934 2267 1125 2302 1011130010.
1161 2262 1436 2313 ¹Praeceptores
1473 2270 1509 2302 et
1535 2268 1740 2309 Officiales,
1777 2268 1836 2312 qui

57 2321 236 2356 ordinarie
262 2321 445 2363 laborant,
474 2323 508 2355 01
535 2321 784 2355 adolescentes
811 2332 925 2365 usque
952 2321 995 2355 ad
1024 2322 1089 2356 .18.
1118 2333 1266 2363 annum,
1294 2324 1330 2356 et
1359 2321 1610 2367 ualetudinarij
1639 2324 1675 2355 et
1700 2322 1836 2356 debiles

56 2377 208 2420 possunt
232 2375 453 2409 ientaculum
479 2386 621 2409 sumere
647 2376 722 2409 toto
749 2386 840 2409 anno
873 2374 942 2409 nisi
973 2375 1021 2409 sit
1047 2375 1228 2409 ieiunium.
1282 2375 1353 2421 Alij
1381 2378 1519 2410 aestate
1547 2378 1699 2420 possunt
1725 2376 1745 2409 3
1773 2378 1837 2409 aut

56 2429 90 2463 4.
116 2428 318 2463 mensibus:
345 2428 416 2462 alio
441 2430 603 2474 tempore
629 2440 698 2463 non
725 2429 891 2463 sinantur
917 2440 1058 2463 sumere
1085 2429 1180 2463 sicut
1205 2429 1247 2463 fit
1273 2429 1309 2462 in
1329 2429 1488 2473 Collegio
1516 2429 1686 2471 Romano,
1713 2429 1836 2463 Jenta-

57 2482 177 2517 culum
204 2484 326 2516 autem
353 2482 590 2516 communiter
617 2484 674 2516 est
699 2482 878 2516 modicum
906 2482 1009 2528 panis
1036 2484 1072 2516 et
1096 2483 1183 2517 uini.
1235 2482 1391 2522 Diebus,
1428 2483 1558 2527 quibus
1584 2483 1717 2517 fratres
1744 2494 1836 2516 com-

57 2536 244 2570 municant
268 2535 337 2570 11151
363 2536 563 2571 necessitas
590 2538 735 2580 urgeat,
761 2548 832 2570 non
859 2536 952 2570 solet
978 2536 1054 2570 dari
1081 2536 1311 2571 ientaculum.
1363 2536 1437 2570 Nec
1463 2537 1657 2571 maerenda
1683 2536 1775 2571 solet
1800 2537 1837 2570 in

58 2589 238 2625 Societate
264 2600 422 2633 unquam
450 2589 543 2631 dari,
569 2589 640 2623 nisi
665 2589 839 2623 fratribus
865 2589 978 2624 fabris
1005 2589 1193 2635 murarijs,
1222 2590 1279 2624 uel
1305 2589 1471 2635 lignarijs
1498 2591 1564 2624 etc.
1592 2590 1652 2624 ubi
1677 2592 1755 2624 tota
1781 2590 1837 2624 die

57 2644 252 2678 uersantur
276 2642 314 2677 in
340 2643 482 2677 labore“
516 2642 615 2687 (Cod.
649 2642 745 2685 „XV.
772 2642 823 2677 A“
853 2643 879 2678 f.
906 2642 1028 2687 217b).

177 2695 269 2738 Quid
296 2696 463 2730 Canisius
488 2695 636 2730 Hollero
661 2695 905 2741 rescripserit,
938 2696 1156 2739 ignoramus.
1208 2697 1286 2731 Hoc
1311 2698 1433 2731 tamen
1459 2698 1619 2731 constat:
1656 2696 1732 2730 Has
1759 2695 1836 2730 eius

57 2749 199 2784 litteras
237 2749 290 2784 12.
318 2749 484 2784 Octobris
522 2750 610 2784 1561
649 2749 694 2783 ad
729 2761 916 2794 supremos
952 2749 1144 2784 Societatis
1180 2750 1425 2784 moderatores
1460 2750 1578 2790 misit,
1614 2749 1835 2795 significans,

58 2815 139 2838 eum
178 2803 312 2846 „iustas
346 2803 489 2837 adferre
524 2803 734 2847 querelas“;
770 2802 953 2837 Victoriae
996 2803 1174 2845 „animum
1203 2831 1209 2837 .
1240 2831 1246 2837 .
1283 2803 1359 2837 suis
1395 2803 1503 2837 etiam
1540 2802 1718 2837 duriorem
1757 2814 1836 2837 esse

57 2856 262 2897 Viennae“;
295 2856 465 2899 „fratres,
493 2856 527 2890 in
554 2856 654 2890 victu
680 2856 912 2901 praesertim,
939 2856 1088 2891 suauius
1115 2858 1224 2901 atque
1251 2857 1490 2890 commodius“
1521 2855 1554 2890 ei
1584 2856 1830 2898 „tractand0s“

59 2922 149 2945 esse.
189 2909 287 2952 Quae
312 2910 457 2944 litterae
482 2909 543 2944 ubi
569 2909 614 2944 ad
639 2921 807 2944 romanos
826 2911 948 2944 Socios
972 2909 1133 2955 perlatae
1158 2911 1252 2951 sunt,
1279 2909 1316 2944 hi
1341 2909 1456 2944 Roma
1482 2909 1537 2944 2-5.
1557 2908 1723 2943 Octobris
1745 2909 1834 2943 1561

61 2964 255 2999 Victoriam
283 2963 412 2998 iterum
439 2983 487 2987 —
504 2963 658 3008 primum
688 2963 741 2997 18.
762 2962 928 2997 Octobris
954 2963 988 2997 id
1016 2964 1049 2997 ei
1074 2964 1296 3008 scripserant
1313 2983 1358 2986 —
1378 2963 1566 2998 certiorem
1592 2962 1835 3004 reddiderunt,

59 3017 223 3052 Lainium
261 3017 414 3052 rectoris
450 3016 729 3051 vindobonensis
767 3016 926 3051 officium
969 3017 1013 3050 ab
1051 3016 1129 3062 ipso
1171 3016 1221 3060 (id
1261 3017 1354 3060 quod
1396 3017 1473 3061 ipse
1510 3015 1757 3059 flagitaverat)
1799 3015 1835 3049 in

60 3070 99 3105 P.
119 3071 272 3105 Paulum
289 3071 478 3105 Hoffaeum
500 3069 743 3111 transtulisse,
770 3069 949 3114 simulque
976 3081 1056 3104 eum
1075 3070 1233 3104 omnium
1258 3081 1378 3104 rerum
1398 3069 1675 3104 domesticarum
1693 3068 1836 3112 collegii

59 3123 339 3159 vindobonensis
366 3123 715 3158 administrationem
732 3123 880 3157 Hoffaeo
907 3123 1050 3157 tradere
1077 3123 1261 3157 iusserunt
1289 3122 1351 3167 (ex
1377 3122 1584 3168 apographo
1602 3122 1709 3157 huius
1734 3122 1835 3167 *epi-

59 3177 188 3220 510130,
215 3178 340 3212 eodem
364 3179 526 3222 tempore
551 3177 696 3222 scripto.
749 3176 834 3212 Cod.
865 3175 1005 3220 „Germ
1036 3177 1146 3211 1561“
1176 3176 1202 3211 f.
1228 3176 1324 3221 27³).
