2093 3444
711 172 826 207 Roma
851 172 908 207 23.
935 171 1093 216 Augusti
1122 172 1223 206 1561.
1770 176 1852 217 199

197 292 337 342 Quelli
368 295 435 334 tre
470 294 493 333 o
527 293 704 345 quattro
738 291 816 332 che
848 290 905 332 lei
938 289 1031 332 dice
1065 289 1101 331 si
1133 303 1319 344 possono
1357 289 1565 331 mandare
1598 291 1641 332 al
1673 291 1855 344 collegio

79 357 335 401 Germanico
368 357 439 411 poi
472 357 550 398 che
583 356 700 398 tiene
733 356 805 409 gia
838 356 880 398 la
912 355 1088 398 licenza.

198 423 238 465 S’
264 438 286 465 6
320 424 522 464 0116111116
555 422 610 464 (16
643 436 722 464 6116
750 422 923 464 Santita
956 435 1042 463 11116
1074 421 1234 463 1611616
1266 434 1344 474 per
1375 420 1418 462 16
1441 420 1629 463 Μ616616
1662 421 1730 462 (161
1763 422 1856 463 Jm-

77 491 281 543 peratole
325 502 403 542 per
445 488 489 529 la
531 488 658 540 quale
701 487 730 528 11
772 487 1062 529 raccomanda
1102 486 1147 527 in
1189 499 1349 539 8611616
1390 486 1433 527 16
1475 486 1759 540 compagnia
1799 486 1857 527 11-

77 552 341 596 mettendosi
372 555 475 607 pero
510 567 535 594 a
568 553 667 605 quel
701 552 779 594 che
811 552 854 593 in
877 552 1144 606 particulare
1176 550 1205 592 li
1239 551 1334 593 dira
1366 565 1391 592 a
1417 551 1550 593 bocca
1581 551 1613 592 il
1635 551 1857 593 Reueren-

79 618 253 661 dissimo
295 618 541 672 Delphino¹
585 620 629 660 et
662 618 702 659 d'
727 618 840 660 altro
882 620 1010 659 canto
1052 616 1194 659 scriue
1235 616 1265 658 il
1306 616 1613 658 ι1111161116611110
1656 616 1858 659 Oardinal

77 685 312 726 Borromeo
355 684 397 725 al
429 683 595 725 Nuntio
629 683 707 725 che
739 682 851 725 facci
884 682 1015 736 quelli
1047 682 1179 736 ufficij
1222 696 1302 723 con
1340 696 1418 723 sua
1450 682 1623 724 Maesta
1654 681 1698 723 in
1730 695 1857 723 nome

79 749 122 792 di
153 764 233 791 sua
266 749 439 792 Santita
472 749 549 790 6116
583 748 687 790 (16111
718 748 858 791 1106111
889 748 920 790 11
952 762 1138 790 seranno
1172 747 1313 790 detti2
1355 747 1540 789 secondo
1574 747 1651 789 che
1684 747 1737 790 V.
1771 747 1857 788 Re-

80 814 280 857 uerentia
311 816 440 869 potra
472 814 632 856 uedere
665 814 778 855 116116
811 813 932 868 copie
966 813 1008 854 di
1031 813 1150 856 (16116
1183 814 1341 856 1611616
1368 814 1445 855 6116
1478 813 1514 854 61
1536 813 1752 854 mandano
1786 811 1858 865 qui

79 881 259 935 alligate
293 914 301 923 .
336 880 470 922 Dette
502 879 659 922 lettere
701 893 782 921 con
815 893 891 921 sue
925 878 1046 932 copie
1088 879 1215 920 furno
1257 878 1462 920 mandate
1494 878 1628 932 hoggi
1660 892 1738 920 son
1773 879 1856 920 .15.

80 946 121 988 di
154 947 195 987 61
218 945 358 988 Ρ6(116
380 945 574 988 Vittoria
606 944 726 987 66610
761 944 840 986 6116
872 944 1001 986 116111
1034 944 1133 998 quel
1165 943 1346 997 negocio
1377 943 1419 985 di
1441 944 1603 998 Napoli
1636 943 1723 998 (del
1757 943 1859 997 qual

78 1025 213 1066 penso
255 1010 320 1052 sia
358 1010 411 1053 V.
455 1010 721 1052 Reuerentia
761 1008 1017 1062 informato)
1060 1010 1128 1051 del
1169 1009 1344 1063 miglior
1384 1009 1511 1051 modo
1554 1009 1632 1051 che
1677 1009 1737 1062 gli
1779 1023 1858 1063 pa-

78 1090 179 1119 1616
194 1077 222 1119 3.
288 1075 439 1126 Quella
482 1076 671 1117 anchora
713 1090 799 1117 non
830 1075 938 1117 lasci
980 1075 1023 1116 di
1055 1074 1224 1117 aiutare
1257 1075 1301 1116 in
1334 1075 1432 1128 quel
1466 1075 1543 1116 che
1575 1077 1704 1129 potra
1737 1074 1858 1117 detto

79 1142 220 1184 Padre
251 1140 445 1183 Vittoria
478 1141 520 1183 al
553 1141 679 1195 quale
721 1155 768 1182 66
810 1143 832 1183 e
874 1140 947 1195 piu
988 1140 1375 1195 particularmente
1418 1140 1570 1183 scritto
1617 1140 1659 1182 di
1703 1142 1860 1193 questa

81 1207 281 1250 materia.

199 1350 288 1385 Tres
324 1353 543 1396 quattuorve
579 1349 679 1391 illos,
719 1349 762 1384 de
799 1350 929 1394 quibus
964 1351 1005 1385 R.
1025 1350 1068 1384 V.
1105 1350 1270 1395 scripsit,
1309 1350 1346 1383 111
1386 1349 1579 1393 collegium
1615 1348 1860 1393 germanicum

80 1403 225 1438 mittere
251 1404 346 1446 licet,
374 1403 664 1448 quandoquidem
691 1404 733 1437 R.
753 1403 797 1438 V.
825 1415 903 1438 eam
929 1403 1142 1438 facultatem
1168 1403 1238 1437 iam
1267 1403 1415 1448 accepit.

200 1458 232 1492 A
258 1457 454 1492 sanctitate
481 1469 546 1492 sua
572 1457 716 1491 litteras
742 1457 1029 1502 impetravimus,
1057 1457 1188 1501 quibus
1215 1457 1294 1502 ipsa
1319 1456 1502 1491 maiestati
1529 1467 1720 1490 caesareae
1747 1454 1862 1489 Socie-

80 1511 169 1546 tatis
194 1523 253 1546 res
280 1511 508 1546 commendat
539 1511 730 1546 universas
757 1523 924 1553 monens,
957 1511 1102 1555 singula
1128 1511 1470 1545 reverendissimum
1496 1509 1715 1554 Delphinum
1742 1520 1863 1544 coram

81 1564 151 1610 ipsi
167 1565 436 1610 propositurum
455 1576 535 1599 6666
551 1566 579 1605 ¹;
608 1566 717 1609 atque
744 1576 789 1598 ex
808 1565 923 1599 altera
941 1567 1044 1610 parte
1070 1564 1395 1598 reverendissimus
1414 1563 1607 1598 cardinalis
1625 1562 1863 1596 Borromaeus

82 1618 206 1652 nuntio
232 1618 293 1653 isti
319 1618 463 1661 scribit,
490 1620 531 1652 ut
556 1618 601 1652 iis
626 1618 663 1652 in
688 1618 814 1658 rebus,
843 1630 934 1662 quae
961 1630 982 1652 a
1007 1619 1142 1652 nostris
1169 1618 1201 1651 ei
1226 1617 1453 1662 significatae
1480 1618 1602 1658 erunt,
1635 1617 1729 1661 apud
1755 1616 1863 1650 maie-

81 1673 214 1706 statem
241 1684 342 1707 suam
369 1672 577 1707 sanctitatis
603 1684 690 1706 suae
716 1672 858 1706 nomine
885 1684 1029 1717 operam
1056 1671 1294 1716 interponat?
1331 1671 1370 1705 Id
1397 1671 1492 1715 quod
1517 1670 1723 1705 reverentia
1740 1671 1865 1704 vestra

83 1736 129 1759 ex
155 1725 359 1760 litterarum
385 1726 529 1760 illarum
556 1725 751 1771 exemplis,
789 1737 880 1770 quae
906 1725 990 1760 huic
1017 1726 1193 1770 epistulae
1229 1725 1400 1759 adiuncta
1425 1724 1623 1766 mittimus,
1659 1725 1864 1767 cognoscet.

83 1779 181 1820 Quae
208 1779 352 1814 litterae
379 1792 459 1814 cum
486 1780 562 1814 suis
588 1779 808 1825 apographis
834 1781 919 1814 ante
945 1780 1010 1814 hos
1038 1780 1080 1814 15
1109 1779 1185 1813 dies
1211 1779 1306 1824 patri
1331 1779 1514 1813 Victoriae
1540 1778 1673 1812 missae
1699 1779 1794 1818 sunt,
1825 1779 1866 1811 ut

82 1832 160 1878 ipse
195 1833 465 1879 neapolitanum
501 1833 589 1867 illud
623 1834 809 1877 negotium
847 1833 906 1877 (de
932 1844 1002 1877 quo
1037 1833 1279 1867 reverentiam
1306 1835 1466 1867 vestram
1503 1832 1693 1866 certiorem
1728 1831 1864 1865 factam

83 1898 163 1921 esse
189 1889 304 1932 puto),
331 1889 372 1922 ut
397 1887 531 1932 optime
549 1886 627 1921 fieri
653 1898 760 1932 posse
787 1889 961 1928 censeret,
988 1888 1165 1921 tractaret
1177 1887 1200 1921 3.
1239 1886 1315 1920 Nec
1339 1885 1544 1920 reverentia
1571 1885 1714 1930 quidem
1740 1886 1865 1919 vestra

82 1942 224 1986 patrem
250 1941 352 1975 illum
377 1940 596 1982 Victoriam,
624 1943 798 1985 quantum
824 1940 902 1975 fieri
928 1940 1079 1985 poterit,
1112 1940 1238 1975 iuvare
1265 1940 1426 1981 omittet;
1463 1940 1520 1974 cui
1547 1951 1588 1973 ea
1615 1940 1657 1974 de
1683 1950 1722 1973 re
1747 1938 1865 1982 magis

82 1994 294 2037 singulatim
322 1995 497 2040 scriptum
524 1996 589 2029 est.

205 2125 220 2139 ³
245 2121 318 2153 VV.
345 2131 418 2164 sqq.
449 2131 556 2165 usque
581 2122 629 2154 ad
654 2120 833 2165 Delphino
860 2121 941 2154 incl.
969 2132 990 2154 α
1017 2121 1099 2154 libr.
1125 2121 1166 2154 in
1192 2131 1305 2163 marq.
1333 2120 1460 2153 addita
1484 2124 1578 2153 szmt.

209 2252 217 2272 ¹
244 2252 322 2286 Has
349 2252 405 2287 Pii
430 2252 492 2287 IV.
519 2252 673 2295 litteras,
701 2253 733 2288 8.
760 2253 919 2296 Augusti
948 2253 1036 2288 1561
1066 2253 1181 2294 datas,
1208 2253 1291 2287 vide
1317 2252 1422 2294 infra,
1449 2264 1606 2286 monum.
1633 2252 1713 2286 408.

206 2305 219 2326 ²
245 2306 301 2340 Ex
318 2305 374 2347 iis,
401 2317 493 2351 quae
513 2307 675 2352 proxime
694 2308 905 2351 sequuntur,
933 2306 1168 2350 intellegitur⁷
1196 2305 1230 2340 S.
1252 2305 1419 2340 Carolum
1437 2306 1703 2345 Bormmaeum,
1727 2305 1783 2339 Pii
1802 2304 1863 2339 IV.

85 2361 272 2404 nepotem,
310 2359 400 2394 haec
435 2360 625 2405 scripsisse
661 2360 720 2394 vel
746 2361 782 2394 in
808 2360 941 2394 litteris
967 2360 1041 2394 illis
1067 2361 1181 2394 Roma
1208 2361 1240 2394 9.
1267 2359 1428 2403 Augusti
1457 2359 1546 2394 1561
1574 2359 1619 2393 ad
1645 2359 1865 2404 Delphinum

86 2412 198 2455 datis,
236 2425 387 2457 quarum
414 2425 500 2458 pars
526 2415 649 2448 exstat
674 2414 768 2459 apud
797 2415 982 2449 Steinherz
1007 2414 1029 2448 l.
1058 2426 1086 2448 c.
1115 2414 1140 2456 Ι,
1167 2414 1375 2455 290—291,
1412 2413 1473 2447 vel
1497 2414 1534 2447 in
1560 2413 1703 2454 alteris,
1741 2413 1864 2447 eodem

87 2466 163 2500 fere
189 2467 351 2512 tempore
378 2478 421 2501 ea
448 2468 490 2501 de
517 2479 555 2501 re
582 2468 732 2502 seorsim
760 2468 805 2502 ad
831 2467 1050 2513 Delphinum
1077 2467 1182 2502 datis.

207 2521 220 2540 ³
246 2520 300 2554 Ex
328 2520 440 2555 variis
466 2522 645 2555 Victoriae
671 2521 848 2566 epistulis,
875 2521 1033 2555 maxime
1060 2532 1105 2555 ex
1132 2521 1186 2562 iis,
1214 2532 1306 2565 quas
1332 2521 1362 2555 is
1385 2521 1414 2555 1.
1435 2520 1621 2555 Februarii
1648 2522 1684 2554 et
1705 2521 1758 2554 17.
1777 2519 1865 2554 Maii

87 2573 176 2608 1561
206 2574 250 2607 ad
277 2573 442 2608 Lainium
469 2574 568 2609 dedit
595 2574 695 2619 (Cod.
727 2574 790 2617 „Gn
811 2575 874 2620 Ep.
900 2575 953 2609 H“
983 2575 1009 2609 f.
1037 2575 1092 2608 11.
1110 2575 1207 2618 44³),
1234 2574 1325 2608 haec
1350 2574 1425 2608 fere
1452 2594 1496 2598 —
1522 2585 1582 2608 res
1607 2574 1695 2608 mihi
1721 2573 1865 2618 quidem

85 2626 182 2661 haud
216 2627 268 2661 ita
304 2627 402 2662 clara
438 2630 494 2662 est
519 2648 564 2651 —
591 2628 741 2671 colligo:
777 2628 1025 2662 Ferdinandus
1054 2628 1079 2662 I.
1107 2628 1284 2662 bellorum
1319 2630 1445 2662 contra
1471 2627 1608 2662 Turcas
1634 2629 1703 2662 etc.
1739 2638 1865 2670 geren-

87 2680 212 2714 dorum
239 2680 358 2723 gratia
384 2692 404 2715 a
431 2681 619 2715 ditissimis
646 2681 860 2726 quibusdam
885 2681 989 2725 regni
1014 2681 1235 2726 neapolitani
1262 2681 1467 2716 hominibus
1493 2680 1674 2724 religiosis
1692 2691 1863 2724 magnam

86 2733 293 2779 pecuniam,
337 2734 474 2775 reditu,
519 2746 626 2778 quem
663 2735 742 2780 ipse
776 2734 814 2768 in
849 2735 974 2769 eodem
1008 2747 1120 2778 regno
1155 2735 1332 2776 habebat,
1382 2734 1637 2780 oppignerat0‚
1676 2734 1865 2767 mutuatus

88 2789 177 2821 erat.
228 2787 342 2829 Quem
367 2788 523 2821 reditum
549 2787 711 2822 Victoria
737 2799 758 2822 a
783 2787 1009 2822 Ferdinando
1035 2800 1175 2822 summo
1202 2788 1363 2833 pontifici
1399 2788 1435 2822 in
1470 2787 1625 2832 gratiam
1661 2787 1711 2832 pii
1747 2787 1864 2820 cuius-

88 2841 169 2874 dam
205 2840 363 2875 instituti
401 2840 460 2885 (de
496 2852 565 2885 quo
601 2841 683 2875 vide
718 2841 980 2875 Ribadeneirae
1014 2841 1158 2876 litteras
1194 2843 1250 2876 25.
1289 2841 1512 2886 Septembris
1550 2841 1639 2875 1561
1680 2840 1726 2874 ad
1761 2839 1865 2874 Cani-

87 2894 182 2928 sium
217 2894 336 2938 datas)
376 2894 454 2928 cedi
490 2894 659 2939 cupiebat
693 2894 764 2936 ita,
799 2896 841 2929 ut
866 2894 924 2929 hic
950 2907 1014 2940 pro
1049 2906 1191 2929 summa
1225 2907 1292 2929 sua
1325 2895 1499 2929 bonorum
1535 2893 1864 2928 ecclesiasticorum

88 2947 456 2982 administrandorum
482 2949 662 2992 potestate
689 2947 954 2982 Ferdinandum
982 2950 1018 2982 et
1044 2948 1133 2982 haec
1160 2950 1196 2982 et
1231 2948 1363 2982 similia
1400 2947 1520 2982 debita
1556 2946 1719 2981 solvendi
1758 2957 1865 2980 onere

87 3000 277 3045 liberaret,
314 3001 562 3035 Ferdinandus
589 3003 711 3035 autem
736 3001 883 3035 nuntios
909 3001 1127 3046 apostolicos
1153 3013 1234 3035 cum
1269 3012 1461 3044 regnorum
1497 3011 1643 3034 suorum
1678 2998 1865 3044 praelatis,

89 3053 247 3088 maxime
271 3054 472 3098 religiosis,
510 3066 618 3098 agere
644 3055 797 3096 sineret,
833 3056 874 3089 ut
899 3055 968 3100 ipsi
994 3055 1039 3089 ad
1065 3054 1125 3099 pia
1151 3054 1328 3099 quaedam
1355 3054 1524 3088 instituta
1553 3052 1761 3097 (collegium
1787 3051 1865 3086 vin-

90 3107 324 3142 dobonense?
358 3119 558 3153 pauperum
592 3107 836 3142 studiosorum
870 3108 1143 3143 contubernium
1154 3108 1189 3151 9)
1227 3107 1385 3142 iuvanda
1410 3107 1588 3142 modicam
1618 3106 1771 3151 quisque
1805 3117 1864 3151 pe-

22 3199 26 3203 ,
90 3161 232 3195 cuniam
259 3161 474 3196 conferrent.
