2093 3444
226 205 309 245 818
419 202 575 235 Monuni.
606 199 738 243 (varia)
767 200 848 234 421.
877 199 949 243 (24.
976 199 1190 234 Novembris
1218 198 1336 242 1562.)
1381 200 1460 233 422.
1491 200 1538 243 (1.
1566 200 1650 235 Dec.
1680 201 1797 243 1562.)

1048 317 1169 358 421.

898 389 956 425 24.
983 389 1195 426 Novembris
1223 388 1318 425 1562.

343 463 397 497 Ex
425 460 631 507 apographo
658 461 779 494 eodem
807 462 967 505 tempore
993 459 1154 493 Tridenti
1181 460 1326 504 scripto.
1379 458 1463 493 Cod.
1495 459 1556 502 ‚.V.
1584 460 1623 494 P.
1651 461 1715 495 62²
1745 461 1769 495 f.
1798 461 1991 497 57¹2—582.

344 534 497 567 Lamias
523 537 553 565 et
578 533 721 565 Natalis
746 533 788 565 de
814 532 852 565 P.
879 531 1037 565 Victoria
1058 533 1264 574 praeposito
1287 531 1506 574 provinciali
1532 533 1701 566 Ans-triae
1731 535 1902 577 creando,
1939 545 1992 567 re-

222 588 321 631 liqua
352 587 546 620 Germania
572 587 756 628 superiore
781 585 820 618 P.
848 585 989 618 Lanoae'o
1015 585 1239 626 subicienda,
1270 585 1416 618 Canise'o
1444 585 1626 629 utriusque
1646 587 1855 629 provinciae
1883 598 1992 629 „com-

223 638 409 674 missariffl
438 639 656 672 nominando
684 640 775 671 inter
799 649 834 670 se
859 638 1058 679 conferunt.
1110 639 1267 672 Lamias
1292 638 1506 681 Victoriam,
1541 640 1574 671 si
1598 640 1645 671 ad
1667 640 1709 684 jd
1734 651 1864 673 munus
1890 645 1992 684 aptus

224 696 316 728 visus
343 704 410 727 non
439 694 494 735 sit,
523 694 559 725 in
587 692 730 725 Italiam
757 693 893 724 mittere
919 693 1058 734 coffl'tat.

297 759 299 761 ³
342 766 519 808 Iacobus
550 766 748 818 Laiiiius,
783 765 1000 807 Societatis
1031 765 1299 819 praepositus
1327 765 1550 817 qemi-alis,
1590 765 1790 806 Tridento
1812 766 1881 807 24.
1905 766 1993 807 No-

223 831 401 873 vembris
434 832 549 872 1562
582 830 631 872 P.
665 830 816 871 Natali
847 830 1056 870 visitatori
1089 830 1146 870 ad
1178 830 1340 870 litteras
1372 830 1432 870 vel
1465 831 1532 871 16.
1566 830 1627 870 vel
1655 831 1725 872 20.
1750 829 1995 872 Novembris

224 898 359 952 ipsius
390 911 521 937 manu
554 896 735 950 scriptas
758 895 871 948 haec,
900 899 1073 949 praeter
1096 896 1197 943 alia,
1231 895 1469 949 rescripsit:
1500 894 1669 936 Acerca
1691 894 1789 936 dela
1811 895 1994 937 diuision

224 962 276 1003 de
308 959 560 1003 Prouincias
593 974 621 1013 y
648 958 938 1014 prouinciales
961 973 1013 1000 en
1037 959 1075 1000 el
1100 959 1293 1000 discurso
1318 958 1415 1000 dela
1436 958 1568 1000 uisita
1590 972 1636 1000 se
1658 973 1763 1001 uera
1784 959 1827 1001 la
1850 960 1994 1014 dispo-

225 1026 355 1068 sition
388 1025 441 1067 de
474 1024 647 1078 aquella
678 1038 865 1078 persona
898 1024 1081 1077 dequien
1118 1037 1164 1065 se
1206 1023 1374 1065 duda1:
1416 1038 1445 1077 y
1485 1024 1527 1065 la
1570 1024 1689 1066 delos
1730 1026 1870 1077 otros,
1913 1040 1996 1079 que

225 1091 403 1134 auerian
427 1091 577 1132 destar
599 1090 768 1132 debaxo
793 1089 874 1140 del,
908 1088 943 1130 si
967 1089 1007 1131 el
1029 1089 1150 1131 fuese
1173 1087 1369 1142 superior
1392 1123 1401 1131 .
1425 1089 1724 1131 Entenderase
1747 1090 1811 1131 asi
1832 1104 1996 1133 mesmo

224 1158 353 1211 loque
385 1156 524 1210 puede
557 1169 636 1197 con
669 1169 717 1197 su
741 1154 1005 1208 Magestad2
1037 1153 1074 1195 si
1106 1168 1151 1196 es
1185 1168 1286 1195 cosa
1317 1154 1426 1196 Real
1451 1168 1480 1208 y
1503 1168 1584 1207 que
1606 1156 1740 1207 tenga
1762 1160 1994 1205 momento,

225 1236 334 1277 para
367 1220 633 1264 determinar
666 1220 734 1261 del
768 1234 910 1261 enuna
932 1233 1111 1261 manera
1134 1233 1158 1260 0
1182 1221 1358 1261 enotra:
1392 1234 1420 1272 y
1444 1219 1614 1272 quando
1637 1234 1683 1262 66
1706 1219 1995 1265 determinase

225 1289 278 1330 V.
302 1288 353 1329 R.
378 1285 604 1328 dehazerle
627 1284 879 1340 prouincial,
903 1298 1130 1339 pareceme
1153 1298 1234 1337 que
1258 1284 1297 1326 61
1319 1285 1483 1327 Doctor
1505 1284 1674 1326 Canisio
1696 1285 1849 1328 hauria
1872 1287 1997 1329 deser

226 1351 529 1395 Commissario
562 1365 641 1404 por
673 1365 722 1392 su
755 1349 985 1392 autoridad
1017 1364 1046 1403 y
1077 1349 1322 1404 parapoder
1353 1349 1527 1394 uisitar:
1561 1364 1590 1403 y
1623 1350 1662 1392 61
1690 1351 1824 1404 padre
1845 1352 1997 1406 Lanoy

226 1418 369 1473 potria
400 1419 526 1459 tener
557 1416 700 1458 laotra
731 1418 857 1470 parte
890 1415 988 1457 dela
1016 1415 1239 1469 prouincia
1263 1450 1271 1457 .
1297 1415 1351 1457 Se
1373 1415 1546 1468 aquella
1567 1429 1753 1470 persona
1774 1431 1829 1459 no
1851 1416 1996 1460 fuesse

226 1486 331 1538 apta
362 1496 470 1537 para
502 1481 666 1535 quedar
699 1495 751 1524 en
785 1494 860 1522 663
891 1480 1136 1535 prouincia,
1184 1480 1298 1522 seria
1329 1480 1595 1534 alproposito
1629 1495 1711 1534 que
1752 1481 1938 1524 uiniesse
1971 1497 1995 1525 a

226 1549 356 1592 Italia
389 1583 398 1590 .
432 1547 542 1588 Pero
576 1560 697 1588 como
731 1546 831 1587 dixe
864 1549 957 1588 esto
991 1559 1037 1587 66
1070 1545 1307 1588 entendera
1339 1545 1475 1599 mejor
1506 1546 1700 1588 acabada
1740 1547 1783 1589 13
1823 1547 1993 1591 11161133.

345 1630 444 1664 Η360
479 1628 689 1669 ostendunt,
725 1630 880 1661 exeunte
907 1639 937 1661 a.
967 1627 1057 1661 1562
1085 1628 1121 1661 et
1145 1627 1312 1661 Natalem
1340 1629 1376 1661 et
1401 1627 1564 1661 Lainium
1599 1627 1642 1661 de
1668 1627 1708 1662 P.
1735 1627 1895 1662 Victoria
1922 1641 1999 1674 pro-

224 1683 366 1717 vinciae
393 1682 583 1717 Societatis
609 1681 811 1716 austriacae
837 1680 1098 1726 praeponendo,
1126 1681 1175 1714 ita
1202 1683 1333 1722 tamen,
1365 1682 1405 1714 ut
1432 1680 1574 1714 Canisio
1606 1681 1887 1722 „commissario‘
1918 1683 1998 1717 sub-

225 1738 338 1778 esset,
366 1736 566 1779 cogitasse;
602 1735 802 1769 Victoriam
828 1734 922 1769 enim
947 1734 1089 1768 nomine
1121 1745 1312 1779 „personae
1338 1734 1453 1768 illius“
1484 1734 1690 1777 significari,
1724 1736 1801 1769 tum
1827 1735 1896 1769 alia
1921 1738 1997 1770 tum

225 1790 381 1824 maxime
414 1802 505 1833 quae
541 1789 583 1823 (16
618 1800 791 1834 personae
823 1788 921 1822 illius
957 1787 1050 1832 apud
1085 1799 1267 1821 caesarem
1303 1787 1518 1822 auctoritate
1556 1787 1762 1822 scribuntur
1794 1789 1998 1824 ostendunt.

226 1843 295 1878 Sed
322 1843 517 1877 verisimile
545 1844 610 1883 est,
637 1842 800 1876 Lainium
827 1842 898 1875 iam
925 1844 1008 1875 ante
1033 1841 1139 1875 huius
1165 1842 1248 1875 anni
1271 1841 1409 1875 exitum
1428 1852 1506 1875 eam
1525 1840 1778 1883 cogitationem
1804 1841 1997 1883 abiecisse:

225 1909 309 1931 nam
346 1898 524 1931 Polancccs
565 1895 642 1930 eius
683 1895 825 1929 nomine
863 1894 1033 1929 Tridento
1073 1895 1128 1929 31.
1164 1894 1373 1929 Decembris
1411 1894 1502 1928 1562
1543 1894 1588 1928 3(1
1626 1894 1666 1928 P.
1702 1894 1996 1940 Christophorum

226 1950 366 1984 Madrid
393 1950 427 1984 8.
455 1950 488 1984 J.
515 1949 708 1994 *scripsitt
751 1948 994 1990 „Haziendose
1030 1950 1160 1982 cuenta
1195 1948 1238 1982 (16
1272 1947 1402 1981 diuidir
1436 1947 1472 1982 13
1506 1947 1688 1993 prouincia
1724 1947 1803 1982 dela
1831 1947 1998 1994 Superior

227 2004 420 2039 Germania
447 2003 555 2037 endos
581 2004 703 2047 partes
728 2014 752 2047 y
780 2002 822 2035 (16
847 2001 956 2035 hazer
990 2001 1189 2046 prouincial
1225 2001 1267 2035 de
1293 2012 1363 2035 una
1397 2001 1509 2035 (161136
1536 2001 1571 2035 31
1596 2001 1729 2035 Doctor
1754 2002 1878 2047 Lanoy
1904 2003 1996 2037 seria

227 2059 405 2091 menester
430 2069 479 2090 un
505 2056 636 2090 Rector
662 2066 750 2100 para
776 2055 809 2089 61
836 2054 987 2099 collegio
1014 2055 1045 2089 d'
1064 2054 1286 2098 Ingolstadio
1314 2081 1321 2089 .
1348 2053 1391 2088 V.
1418 2053 1460 2088 R.
1487 2055 1575 2089 mire
1606 2066 1644 2088 se
1672 2067 1714 2088 611
1740 2055 1853 2090 Roma
1879 2067 1918 2096 0,
1954 2068 1997 2090 611

226 2110 333 2145 Italia
359 2122 398 2145 se
422 2109 522 2144 halla
548 2109 679 2153 alguno
706 2109 810 2154 apto“
841 2110 908 2142 etc.
937 2108 1000 2152 (ex
1026 2108 1231 2153 apographo
1259 2108 1418 2142 eiusdem
1443 2108 1627 2153 temporis.
1664 2107 1747 2142 Cod.
1780 2108 1842 2150 „V.
1863 2109 1900 2143 P.
1929 2110 1991 2144 62“

227 2165 251 2199 f.
269 2164 335 2199 130
343 2163 384 2208 a).
419 2164 472 2198 Ac
487 2162 688 2197 videbimus
707 2174 738 2196 a.
759 2162 849 2196 1563
868 2161 1042 2195 Lanoium
1057 2161 1225 2195 Austriae
1239 2161 1483 2206 praepositum
1500 2161 1757 2206 provincialem
1775 2162 1996 2197 nominatum

227 2229 318 2259 esse,
344 2217 520 2261 reliquam
540 2215 754 2250 Germaniae
781 2215 974 2260 superioris
999 2217 1139 2260 partem
1166 2226 1246 2249 cum
1273 2215 1396 2249 eodem
1421 2214 1527 2249 titulo
1551 2214 1692 2249 Canisio
1717 2215 1879 2250 relictam
1907 2227 1997 2251 esse.

227 2270 388 2305 Victoria
424 2271 543 2304 autem
578 2269 674 2303 haud
709 2268 822 2303 multo
858 2270 939 2313 post
973 2268 1008 2302 in
1043 2267 1185 2302 Italiam
1221 2270 1412 2309 evocatus,
1448 2279 1469 2301 a
1495 2267 1625 2302 Sancto
1651 2268 1840 2303 Francisco
1865 2269 1996 2312 Boi-gia

227 2324 431 2369 praeposito
457 2322 617 2366 generali
644 2334 674 2356 a..
704 2321 794 2356 1565
823 2320 966 2364 collegii
991 2321 1235 2355 messanensis
1260 2323 1377 2355 rector
1403 2323 1565 2362 creatus,
1592 2333 1623 2356 a.
1653 2322 1742 2356 1566
1769 2322 1936 2356 visitator
1961 2322 1996 2356 in

227 2377 425 2411 Sardiniam
453 2376 605 2417 missus,
641 2377 766 2420 postea
791 2375 920 2408 nolano
946 2374 1097 2418 collegio
1127 2374 1353 2419 praepositus
1389 2377 1462 2415 est;
1498 2374 1593 2409 idem
1628 2374 1741 2409 multa
1767 2375 1892 2410 Italiae
1918 2376 1996 2410 loca

226 2431 340 2465 sacris
366 2429 590 2464 contionibus
616 2428 784 2470 excoluit,
812 2428 946 2462 Romae
973 2427 1193 2472 aliquamdiu
1218 2427 1328 2462 totius
1355 2427 1544 2462 Societatis
1579 2430 1865 2472 ⁷,procuratorem
1892 2441 1997 2473 gene·

226 2484 358 2518 ralem“
390 2483 475 2527 egit.
511 2494 541 2516 a.
572 2482 662 2516 1570
688 2481 811 2523 Sociis,
839 2482 898 2525 qui
935 2481 1087 2515 classem
1114 2481 1334 2526 pontificiam
1366 2483 1491 2515 contra
1516 2481 1651 2515 Turcas
1677 2481 1825 2516 missam
1852 2483 1995 2517 comita-

226 2537 368 2578 bantur,
394 2536 600 2580 praefectus
627 2536 683 2569 est
711 2534 860 2578 (Franc.
890 2535 1084 2568 Sacchinus
1111 2533 1144 2568 8.
1171 2534 1215 2574 J„
1243 2533 1424 2568 Historiae
1451 2533 1640 2568 Societatis
1667 2534 1747 2568 Iesu
1773 2535 1864 2569 Pars
1889 2536 1997 2570 tertia

230 2589 376 2634 [Romae
406 2588 521 2632 1649],
547 2587 571 2622 1.
601 2588 631 2629 1,
656 2599 690 2621 11.
718 2588 780 2628 61;
818 2587 841 2621 l.
869 2587 900 2628 2,
927 2599 960 2621 11.
991 2586 1052 2628 18;
1087 2587 1110 2621 l.
1138 2588 1168 2627 3,
1196 2599 1229 2621 n.
1256 2587 1320 2627 95;
1346 2586 1370 2621 1.
1396 2587 1428 2628 4,
1455 2599 1488 2621 11.
1518 2587 1603 2627 171;
1638 2586 1660 2621 l.
1690 2588 1726 2629 5,
1752 2599 1786 2622 n.
1813 2588 1878 2629 44;
1912 2588 1935 2622 1.
1963 2589 1994 2630 6,

227 2656 261 2678 11.
288 2644 352 2684 26;
381 2645 416 2677 et
441 2641 623 2676 Historiae
650 2639 841 2675 Societatis
866 2640 947 2674 Iesu
974 2640 1064 2674 Pars
1090 2642 1219 2684 quarta
1245 2639 1393 2684 [Romae
1423 2639 1536 2684 1652}
1563 2640 1585 2674 1.
1612 2640 1644 2681 4,
1671 2652 1704 2674 11.
1732 2640 1805 2684 55).

1048 2731 1179 2773 422.

917 2803 942 2839 1.
968 2802 1178 2839 Decembris
1204 2803 1298 2839 1562.

347 2875 403 2909 Ex
428 2875 634 2920 apographo
661 2874 821 2909 eiusdem
845 2875 1028 2919 temporis.
1079 2874 1163 2909 Cod.
1195 2874 1257 2917 „V.
1284 2874 1322 2909 P.
1350 2875 1415 2909 62⁴⁶
1445 2875 1469 2909 f.
1497 2875 1574 2909 69¹³.

347 2947 502 2979 Lainins
533 2946 704 2980 Sanctum
733 2946 970 2979 Franciscum
1003 2947 1174 2989 Borgyiam
1208 2957 1287 2979 cum
1321 2946 1505 2979 cardinale
1531 2947 1740 2989 Afufflmtano
1775 2948 1817 2980 de
1851 2947 1992 2990 colleyio

228 3000 411 3042 dilinyano
439 3000 604 3033 Societati
629 3000 813 3042 tradendo,
841 2999 979 3032 Canisii
1003 3000 1107 3042 qnasi
1131 3000 1340 3042 interposita
1366 3001 1587 3042 auctoritate,
1614 3011 1717 3043 affere
1744 3001 1844 3034 iubet.

349 3098 362 3112 ἢ
387 3092 483 3125 uista
511 3093 592 3125 libr.

352 3179 360 3198 ¹
388 3178 426 3212 P.
453 3178 595 3212 loannis
622 3178 663 3212 de
689 3178 860 3212 Victoria.
960 3178 973 3198 ‘³
1000 3177 1088 3212 Cum
1115 3177 1337 3211 Ferdinando
1364 3177 1390 3211 I.
1418 3188 1575 3211 caesare.
