2093 3444
524 173 691 216 Augusta
718 172 986 208 Vindelicorum
1016 174 1068 208 11.
1098 173 1265 208 Octobris
1295 174 1396 208 1561.
1763 177 1845 217 247

189 291 318 333 Altra
350 290 472 333 uolta
505 290 715 333 auisiamo
748 292 791 333 la
823 291 874 334 R.
908 291 961 334 V.
996 292 1074 334 che
1107 291 1143 333 si
1184 290 1343 333 ricordi
1380 291 1448 333 del
1481 292 1670 346 Collegio
1705 293 1848 335 OEni-

69 359 262 411 pontano
293 355 325 397 il
357 356 484 409 quale
516 355 682 398 ricerca
714 357 843 399 buoni
876 357 1114 411 suppositia
1146 359 1190 399 et
1223 357 1394 410 alchunj
1417 357 1500 398 ben
1525 357 1635 400 dotti
1658 357 1848 400 111131100-

13 430 15 433 *
69 421 188 476 logia
228 436 306 476 per
347 421 517 463 aiutare
560 422 689 474 quelli
724 421 895 475 Signori
939 423 1008 464 del
1040 422 1300 475 Regimento
1343 422 1385 463 di
1418 423 1560 475 quelle
1598 423 1849 477 prouinciae

69 487 219 541 liquali
252 501 357 529 sono
390 486 580 541 huominj
616 487 728 529 dotti
761 490 805 529 et
838 487 1008 542 alchunj
1033 488 1168 530 molto
1200 487 1399 530 letterati
1422 491 1466 530 et
1499 488 1647 530 deuoti
1679 488 1849 531 deside-

69 553 205 595 rando
238 553 330 594 loro
356 566 476 594 esser
497 552 653 606 aiutatj
678 555 803 595 tanto
826 567 904 607 per
932 554 973 595 le
997 553 1229 607 predichae
1253 553 1353 595 delli
1375 553 1511 596 nostri
1536 567 1657 595 come
1679 553 1720 595 in
1746 568 1848 596 0011-

0 639 1 652 1
69 617 248 661 sessioni
271 620 316 660 et
338 617 510 659 casibus
533 617 825 660 conscientiae
848 618 920 672 qui
943 618 1125 660 subinde
1149 621 1380 661 occurrunt
1408 618 1525 660 nella
1547 619 1613 661 lor
1644 619 1846 673 prattica.

190 683 234 726 Si
274 682 597 725 riccommanda
637 684 726 725 alla
766 683 817 726 R.
852 684 904 725 V.
938 683 969 725 il
1011 684 1201 737 Collegio
1234 683 1482 726 Viennense
1523 683 1553 725 il
1595 684 1723 737 quale
1762 699 1849 726 non

70 751 140 792 sta
170 748 216 790 in
246 751 404 803 troppo
438 748 568 790 buoni
600 748 774 802 terminj
807 748 851 790 in
885 749 1099 803 capitibus
1132 752 1176 791 et
1212 749 1253 790 in
1288 749 1506 791 membris.
1570 749 1614 791 Jl
1646 749 1803 792 Rettor
1820 751 1848 801 1,

71 828 148 869 per
180 828 299 856 esser
331 813 492 857 afflitto
524 816 650 868 parte
684 814 736 856 de
759 814 1008 857 infirmitadi
1045 814 1260 868 corporali
1293 817 1337 856 et
1369 814 1411 856 di
1442 814 1714 857 melanconia
1746 829 1849 857 non

71 880 295 922 videtur
337 893 459 921 esse
502 879 686 932 qualis
729 882 852 922 erat
892 879 1011 921 heri
1045 882 1099 922 et
1140 879 1654 931 nudiustertius2,
1698 894 1784 921 non
1818 880 1849 921 li

71 959 282 988 mancano
317 944 533 987 occasioni
566 945 608 986 di
639 944 823 987 tristitia
855 947 900 987 et
933 945 1116 987 alchune
1145 944 1385 988 turbationi
1417 945 1599 987 essendo
1632 944 1692 987 lui
1724 945 1848 1000 priuo

72 1010 114 1052 di
145 1010 317 1053 diuerse
350 1024 536 1065 persone
568 1010 731 1063 10011311
762 1011 803 1052 10
836 1014 1053 1064 poteuano
1087 1010 1257 1052 aiutare
1291 1012 1334 1052 et
1365 1024 1563 1052 recreare
1600 1010 1643 1052 in
1677 1010 1848 1052 domino

71 1076 124 1119 D.
149 1076 384 1118 Lamberto
418 1075 526 1126 dico,
560 1075 617 1118 M.
643 1075 809 1126 Carolo,
844 1075 1042 1117 Dauide3
1081 1074 1173 1129 (qui
1205 1076 1257 1117 in
1291 1075 1542 1118 veritate
1573 1075 1633 1117 ibi
1665 1076 1849 1119 noluit

71 1142 289 1195 stare4).
332 1142 406 1183 Ma
437 1141 481 1183 13
512 1141 658 1183 13(1100
692 1141 734 1182 di
766 1144 922 1194 questa
953 1141 1204 1184 turbatione
1237 1144 1282 1183 et
1304 1140 1652 1183 discontentezza
1675 1141 1746 1183 nel
1770 1155 1847 1183 suo

70 1207 211 1249 officio
244 1206 454 1249 rettorale
487 1206 644 1248 vienne
687 1207 739 1248 de
771 1207 812 1248 10
853 1207 987 1249 molte
1030 1209 1074 1249 et
1105 1207 1272 1260 grande
1312 1206 1499 1260 imprese
1533 1206 1611 1248 0110
1643 1206 1688 1248 fa
1720 1207 1764 1248 13
1796 1206 1847 1250 R.

70 1286 150 1314 sua
180 1272 223 1314 in
256 1273 398 1326 quelle
421 1272 649 1325 magnifice
672 1272 934 1321 fabbricche‚
970 1272 1151 1326 Stampa
1174 1274 1218 1314 et
1240 1271 1382 1315 subito
1413 1275 1616 1314 aumento
1651 1272 1693 1313 di
1724 1275 1849 1314 tante

70 1338 296 1392 fameglie,
332 1338 418 1380 sub
451 1338 602 1379 eodem
634 1340 754 1380 tecto
787 1351 892 1379 sono
926 1337 1039 1379 tanti
1072 1336 1237 1380 fratelli
1271 1337 1386 1378 nella
1419 1351 1644 1379 commune
1676 1337 1849 1379 habita-

68 1403 208 1454 tione,
252 1417 300 1445 00
333 1417 438 1445 00110
470 1402 501 1444 11
533 1402 685 1456 nouitij
719 1401 764 1444 in
802 1403 917 1444 altra
957 1405 1084 1457 parte
1126 1402 1168 1444 di
1210 1403 1309 1456 quel
1350 1405 1510 1445 stretto
1551 1402 1850 1445 monasterio5

69 1469 219 1522 liquali
251 1469 395 1511 hanno
436 1468 480 1510 13
522 1469 588 1510 101
621 1467 772 1510 01101113
806 1470 1013 1522 separata
1055 1470 1100 1510 et
1141 1482 1243 1510 coco
1280 1467 1454 1522 propio,
1498 1468 1656 1510 Rettor
1688 1481 1711 1509 0
1744 1468 1850 1509 Ρ10-

67 1534 223 1589 posito,
287 1534 343 1576 Di
385 1534 500 1576 altra
540 1534 685 1575 banda
722 1536 950 1588 parmente
992 1536 1149 1576 stanno
1191 1534 1221 1575 li
1254 1533 1511 1587 Collegialj6
1553 1547 1634 1575 0011
1675 1533 1848 1587 alchunj

71 1599 383 1642 0011111101103117
415 1599 615 1641 hauendo
648 1599 742 1641 loro
776 1599 913 1641 anche
946 1599 1091 1641 omnia
1123 1599 1311 1653 propria.
1363 1599 1474 1641 Item
1506 1597 1537 1639 li
1570 1598 1850 1640 commensali

186 1734 288 1769 Alias
323 1735 363 1768 R.
391 1734 434 1768 V.
471 1733 693 1775 monuimus,
733 1735 774 1767 ut
808 1733 950 1777 collegii
988 1732 1217 1778 oenipontani
1251 1744 1387 1766 memor
1422 1735 1536 1773 esset;
1576 1734 1669 1776 quod
1704 1733 1850 1769 idoneos

68 1788 230 1823 homines
257 1790 293 1822 et
319 1787 458 1832 aliquot
483 1788 519 1821 in
545 1787 727 1831 theologia
754 1786 860 1820 valde
886 1788 1053 1821 versatos
1079 1785 1194 1830 exigit
1219 1785 1263 1820 ad
1291 1786 1451 1820 dominos
1477 1786 1577 1828 illos,
1615 1787 1675 1831 qui
1702 1787 1745 1821 de
1771 1800 1850 1832 pro-

67 1842 269 1876 vinciarum
294 1841 438 1875 illarum
457 1853 625 1886 supremo
643 1840 861 1884 magistratu
887 1842 981 1881 sunt,
1009 1840 1252 1881 adiuvandos;
1279 1840 1339 1884 qui
1361 1839 1525 1874 homines
1545 1840 1638 1874 docti
1666 1843 1702 1874 et
1728 1853 1849 1875 eorum

68 1895 179 1940 aliqui
206 1895 313 1930 valde
339 1895 492 1930 litterati
529 1897 565 1929 et
599 1895 649 1940 pii
684 1896 788 1935 sunt,
825 1894 894 1939 ipsi
930 1893 1024 1927 enim
1052 1905 1072 1927 a
1098 1893 1231 1940 nostris
1266 1896 1344 1927 tum
1378 1893 1415 1927 in
1451 1894 1676 1928 contionibus
1701 1897 1779 1928 tum
1813 1894 1851 1929 in

67 1949 182 1983 sacris
207 1948 495 1983 confessionibus
523 1951 558 1982 et
584 1948 621 1982 in
647 1948 790 1982 casibus
818 1946 1068 1987 conscientiae,
1096 1959 1186 1991 quos
1212 1958 1397 1988 vocamus,
1424 1947 1459 1980 in
1486 1947 1595 1982 officii
1622 1947 1850 1982 administra-

66 2002 164 2037 tione
190 2003 342 2037 subinde
372 2002 462 2047 ipsis
488 2002 758 2036 occurrentibus
785 2001 949 2035 adiuvari
975 2001 1133 2046 cupiunt.

187 2055 229 2090 R.
248 2055 291 2090 V.
320 2056 513 2100 collegium
539 2055 807 2090 vindobonense
834 2055 1143 2096 commendamus,
1179 2053 1291 2099 quod,
1326 2054 1405 2088 sive
1431 2054 1551 2099 capita
1586 2054 1665 2088 sive
1690 2055 1852 2089 membra

66 2111 284 2155 spectamus,
311 2109 407 2144 haud
434 2110 484 2144 ita
502 2110 592 2144 bene
619 2121 658 2143 se
676 2109 796 2143 habet.
833 2108 920 2143 Eius
946 2111 1065 2142 rector
1079 2109 1099 2149 ¹,
1128 2120 1208 2142 cum
1227 2107 1361 2153 partim
1384 2107 1542 2152 corporis
1568 2107 1849 2151 infirmitatibus,

65 2163 197 2208 partim
224 2163 334 2197 animi
360 2163 586 2207 aegritudine
613 2162 821 2203 afflictetur,
848 2174 937 2196 non
964 2162 1160 2196 videtur
1186 2172 1292 2196 esse
1319 2161 1480 2205 qualis
1507 2162 1612 2195 erat
1637 2160 1778 2195 hodie
1805 2163 1851 2196 et

65 2216 477 2257 nucliustertius²;
505 2216 562 2250 cui
590 2218 688 2250 certe
712 2215 884 2250 tristitiae
911 2218 947 2250 et
963 2215 1275 2261 perturbationum
1298 2215 1436 2260 aliquot
1461 2226 1531 2248 non
1550 2215 1680 2249 desunt
1706 2226 1849 2257 causae,

66 2281 146 2304 cum
181 2270 294 2305 variis
326 2270 551 2311 hominibus,
591 2269 650 2314 qui
686 2269 804 2314 ipsum
843 2269 1015 2303 adiuvare
1051 2269 1199 2313 eiusque
1237 2269 1396 2303 animum
1433 2268 1468 2302 in
1507 2268 1648 2302 domino
1686 2280 1849 2303 recreare

65 2325 242 2368 poterant,
268 2323 433 2369 privatus
463 2323 521 2365 sit,
548 2323 590 2357 D.
611 2323 802 2357 Lamberto
821 2323 899 2358 dico
927 2326 962 2357 et
979 2323 1027 2357 M.
1049 2323 1176 2357 Carolo
1201 2334 1243 2357 ac
1261 2321 1399 2356 Davide
1416 2323 1428 2342 ³
1457 2321 1533 2366 (qui
1559 2321 1605 2355 in
1630 2322 1849 2356 veritate

64 2376 114 2411 ibi
139 2376 299 2411 noluit
325 2376 474 2421 stare)
489 2378 513 2412 4.
558 2377 674 2411 Huius
700 2379 824 2411 tamen
849 2377 1132 2422 perturbationis
1158 2378 1195 2410 et
1212 2376 1332 2417 taedii,
1360 2387 1440 2410 cum
1458 2387 1527 2420 quo
1552 2375 1758 2410 reverentia
1784 2387 1850 2410 sua

64 2430 216 2465 rectoris
242 2442 373 2465 munus
398 2430 566 2471 sustinet,
593 2431 697 2465 radix
720 2431 810 2465 haec
836 2433 901 2472 est,
930 2431 1025 2475 quod
1050 2430 1130 2475 ipsa
1155 2432 1230 2464 tam
1256 2430 1370 2464 multa
1398 2431 1434 2463 et
1459 2441 1592 2473 magna
1618 2429 1849 2473 aggreditur:

64 2483 279 2527 magnificas
304 2484 387 2518 illas
414 2484 695 2525 aedificationes,
722 2484 1019 2530 typographiam,
1046 2485 1099 2518 tot
1125 2483 1344 2518 familiarum
1371 2483 1511 2517 subitas
1538 2482 1848 2528 amplificationes.

66 2536 138 2571 Sub
173 2538 297 2572 eodem
332 2537 425 2572 enim
452 2540 550 2572 tecto
585 2540 640 2572 tot
665 2539 798 2572 fratres
825 2538 1064 2572 communiter
1089 2537 1256 2572 habitant
1291 2539 1327 2571 et
1358 2536 1491 2571 novicii
1526 2536 1562 2570 in
1598 2536 1669 2570 alia
1702 2536 1848 2580 angusti

64 2590 162 2625 illius
188 2591 399 2625 monasterii
411 2593 423 2611 ⁵
449 2594 553 2637 parte
571 2594 666 2633 sunt,
693 2592 756 2636 qui
774 2591 933 2626 culinam
951 2593 1156 2637 separatam
1184 2593 1221 2625 et
1239 2602 1390 2635 coquum
1410 2590 1594 2635 proprium
1612 2601 1653 2624 ac
1670 2591 1847 2624 rectorem

65 2644 123 2678 vel
141 2645 389 2690 praepositum
415 2656 520 2679 suum
538 2645 682 2680 habent.
720 2646 760 2679 In
787 2645 859 2680 alia
877 2647 980 2691 parte
1004 2644 1170 2679 similiter
1188 2644 1421 2688 collegiales⁶
1447 2655 1527 2678 cum
1547 2642 1848 2678 commensalibus

65 2697 228 2742 aliquot⁷
253 2698 401 2742 degunt,
428 2698 490 2742 qui
516 2700 552 2732 et
577 2699 646 2744 ipsi
670 2698 788 2733 omnia
806 2699 951 2745 propria
969 2699 1113 2733 habent.
1152 2698 1243 2732 Item
1263 2697 1533 2737 commensales,
1561 2696 1622 2741 qui
1641 2696 1847 2739 collegiales

189 2897 196 2916 ¹
223 2895 399 2931 Victoria.
498 2896 512 2917 2
538 2895 626 2930 Gen.
655 2896 709 2939 31,
737 2897 769 2931 2.
798 2897 830 2930 5.
884 2897 900 2930 1
928 2896 1017 2939 Reg.
1048 2896 1101 2938 19,
1129 2897 1148 2930 7
1177 2897 1244 2929 etc.
1343 2896 1356 2915 ³
1382 2894 1454 2928 PP.
1480 2895 1588 2935 Auer,
1616 2893 1729 2935 Grim,
1756 2892 1845 2928 Eck.

184 2951 196 2969 ⁴
223 2949 271 2983 Io.
288 2949 319 2991 8,
334 2949 391 2984 44.
456 2950 469 2970 ⁵
486 2949 699 2984 Monasterii
713 2950 849 2984 Beatae
863 2949 1000 2983 Mariae
1015 2948 1187 2993 Virginis,
1203 2960 1223 2982 a
1239 2947 1445 2982 Carmelitis
1459 2947 1504 2981 ad
1523 2946 1646 2981 Socios
1664 2946 1844 2981 translati.

185 3003 197 3021 ⁶
223 3002 407 3047 Pauperes
432 3002 513 3038 illos
531 3003 734 3038 litterarum
754 3003 935 3038 studiosos
962 3002 1059 3042 dicit,
1087 3002 1217 3046 quibus
1244 3001 1438 3036 educandis
1457 3012 1487 3035 a.
1510 3000 1601 3034 1558
1632 2999 1845 3043 „collegium

62 3057 216 3090 novum“
247 3067 268 3089 a
293 3056 456 3091 Victoria
481 3057 690 3091 institutum
717 3058 796 3090 erat
823 3056 930 3100 (Can.
957 3055 1048 3100 Epp.
1075 3055 1119 3095 II,
1147 3055 1192 3089 90
1204 3055 1226 3089 ².
1255 3055 1323 3089 304
1334 3054 1357 3088 2.
1385 3054 1466 3088 641.
1494 3053 1592 3096 655).

185 3110 196 3129 ⁷
222 3109 270 3143 Hi
299 3108 557 3153 (convictores)
596 3122 676 3144 cum
715 3108 1006 3153 „collegialibus‘
1046 3108 1091 3142 ad
1118 3109 1268 3142 eandem
1294 3118 1477 3148 mensam,
1513 3106 1589 3141 suis
1623 3108 1746 3140 tamen
1783 3118 1841 3140 ex-

63 3162 203 3207 pensis,
231 3163 461 3197 accedebant.
514 3163 566 3198 Cf.
599 3163 683 3197 Can.
712 3163 801 3207 Epp.
829 3163 872 3203 II,
899 3163 1001 3197 304⁹.
