2093 3444
637 187 808 222 Tridento
837 188 891 221 14.
918 186 1140 232 Septembris
1168 186 1270 221 1562.
1761 191 1844 232 481

73 304 117 345 la
148 305 311 346 uenuta
343 303 444 345 delli
477 303 718 355 Francessi,
753 306 824 345 ma
856 318 942 345 non
974 306 1008 345 s'
1033 307 1056 345 6
1088 305 1302 354 0116111110,
1338 303 1416 345 0116
1448 304 1641 358 sapiamo
1660 306 1688 356 1,
1727 305 1848 348 siben

73 368 226 410 dicono
264 382 383 410 esser
423 367 495 422 gia
526 368 700 422 partiti,
744 371 788 411 et
819 368 863 410 in
903 368 1079 422 uiaggio
1122 368 1230 411 detti
1262 368 1428 410 Prelati
1470 369 1511 410 di
1542 369 1727 412 Francia
1761 403 1770 421 ,
1804 373 1848 414 et

73 433 384 488 specialmente
415 433 444 475 11
478 433 680 476 Cardinal
723 433 765 476 di
796 434 978 477 Lorena.
1042 434 1111 475 Ho
1154 433 1324 476 auisato
1356 447 1434 488 per
1472 434 1584 476 altre
1617 449 1738 477 come
1769 435 1847 478 ha-

72 511 185 540 ueua
226 498 280 541 N.
319 498 460 540 Padre
502 498 624 541 detto
666 499 735 541 fra
775 499 805 540 li
846 498 1006 554 prelati
1047 499 1099 540 (16
1140 501 1255 542 111116
1299 499 1340 541 16
1379 512 1479 540 0056
1520 503 1726 554 proposte
1768 515 1847 543 con

72 563 264 606 notabile
296 563 573 606 satisfatione
604 564 748 613 loro2;
792 567 836 607 et
875 566 897 606 6
931 564 986 606 da
1023 563 1261 617 ringratiar
1292 564 1426 607 molto
1459 564 1502 606 la
1535 564 1681 607 diuina
1713 566 1847 608 bonta

75 628 143 670 del
175 629 288 670 buon
323 629 485 670 odore3
527 629 604 670 che
638 629 710 682 qui
743 631 778 671 c'
802 642 825 671 6
859 629 972 671 della
1005 629 1270 684 Compagnia
1301 631 1452 672 nostra
1486 665 1494 673 .
1528 629 1635 684 ipsi
1677 630 1849 673 honor

74 696 127 736 et
168 693 397 747 gloria4.

192 758 315 801 Circa
354 758 386 800 il
427 759 658 812 cathalogo
700 758 802 800 delli
842 758 939 800 libri
982 759 1059 801 0116
1101 759 1143 801 la
1183 759 1448 802 Reuerentia
1487 760 1537 803 V.
1572 760 1771 803 desidera
1812 761 1849 803 si

71 823 213 865 faccia
254 824 410 866 alcuna
451 824 725 866 conclusione
767 823 898 867 etiam
941 826 964 865 6
997 824 1195 878 diputato
1236 825 1291 869 N.
1326 825 1466 867 Padre
1507 840 1587 868 con
1628 825 1731 868 altri
1770 840 1848 881 per

72 889 151 930 dar
191 903 268 931 suo
309 889 509 942 giudicio.
574 889 752 940 Quando
794 889 979 942 qualche
1024 903 1125 931 cosa
1166 904 1267 932 sara
1307 890 1422 934 satta
1463 890 1635 933 auisaro
1676 891 1720 933 la
1760 891 1847 934 Re-

72 954 271 996 uerentia
303 954 355 997 V.

190 1020 325 1062 molto
367 1019 638 1062 desideramo
679 1018 879 1062 intender
911 1014 1068 1061 alcuna
1101 1034 1215 1061 noua
1258 1020 1325 1061 del
1357 1020 1500 1062 Padre
1532 1020 1723 1064 Natal5:
1768 1021 1847 1071 Qui

72 1084 200 1126 credo
233 1084 269 1126 si
300 1084 597 1126 mandaranno
631 1084 784 1127 alcune
816 1084 974 1127 lettere
1006 1098 1083 1139 per
1115 1084 1196 1135 lui,
1241 1099 1361 1128 come
1393 1085 1429 1127 si
1461 1086 1699 1128 mandorno
1733 1087 1846 1130 altre

71 1149 116 1191 la
148 1149 384 1192 settimana
414 1152 607 1204 passata.

191 1215 246 1257 Di
279 1215 378 1269 quel
399 1215 522 1266 libro,
557 1215 635 1257 che
668 1213 827 1256 scrisse
849 1214 1084 1258 Kemmitio
1108 1217 1262 1257 contra
1283 1216 1310 1258 J
1314 1216 1477 1259 esuitas
1497 1217 1525 1266 6,
1558 1216 1732 1271 pareria
1764 1217 1848 1259 ben

71 1349 304 1394 impetratum
332 1350 436 1391 est¹,
470 1348 557 1383 licet
590 1348 744 1394 praelati
778 1348 832 1382 illi
858 1348 945 1393 galli
973 1351 1009 1383 et
1033 1349 1245 1383 nominatim
1272 1350 1466 1384 cardinalis
1491 1349 1748 1394 Lotharingiae
1773 1352 1845 1386 iam

72 1402 224 1448 profecti
251 1414 330 1437 esse
357 1405 393 1437 et
418 1402 454 1436 in
480 1403 609 1436 itinere
635 1402 775 1437 versari
802 1402 978 1437 dicantur.
1030 1403 1167 1437 Alteris
1194 1405 1315 1437 autem
1341 1403 1474 1438 litteris
1500 1404 1667 1446 narravi,
1705 1407 1847 1450 patrem

72 1458 236 1490 nostrum
262 1456 356 1490 inter
380 1456 562 1501 praelatos
589 1456 631 1490 de
658 1456 822 1490 omnibus
848 1456 955 1490 rebus
982 1456 1176 1501 propositis
1212 1468 1293 1491 cum
1325 1469 1447 1491 eorum
1475 1457 1725 1492 satisfactione
1751 1458 1847 1492 haud

71 1510 242 1544 mediocri
269 1509 450 1551 dixisse²;
486 1521 529 1544 ac
555 1510 699 1544 divinae
724 1509 877 1544 bonitati
902 1509 1037 1544 multas
1065 1510 1234 1544 debemus
1261 1510 1410 1554 gratias,
1447 1511 1542 1555 quod
1568 1510 1761 1546 Societatis
1786 1523 1846 1545 no-

73 1564 169 1597 strae
194 1563 253 1598 hic
279 1566 354 1597 tam
379 1563 494 1598 bonus
521 1565 643 1598 exstat
669 1563 801 1604 odor⁸;
834 1563 930 1608 ipsi
962 1563 1110 1597 honor
1141 1565 1187 1597 et
1219 1563 1416 1606 gloria&

193 1615 293 1657 Quod
319 1616 525 1651 reverentia
542 1618 666 1651 vestra
692 1617 736 1650 de
761 1616 935 1651 librorum
961 1616 1077 1651 indice
1095 1616 1230 1661 aliquid
1249 1617 1395 1651 tandem
1414 1618 1584 1652 constitui
1603 1618 1710 1663 cupit,
1738 1618 1848 1652 etiam

73 1671 176 1715 pater
201 1671 324 1704 noster
349 1682 430 1704 cum
456 1670 537 1705 aliis
563 1670 608 1704 ad
633 1670 852 1704 sententiam
879 1670 921 1704 de
948 1670 1072 1703 eodem
1100 1670 1287 1704 dicendam
1314 1671 1476 1706 delectus
1502 1675 1568 1706 est.
1611 1671 1700 1706 Cum
1726 1674 1847 1707 autem

73 1722 209 1767 aliquid
235 1723 402 1758 effectum
428 1723 507 1765 erit,
534 1723 775 1758 reverentiam
801 1725 963 1757 vestram
989 1723 1178 1757 certiorem
1204 1723 1346 1758 faciam.

192 1777 246 1811 De
271 1779 374 1822 patre
400 1777 530 1811 Natale
556 1777 641 1811 novi
676 1776 813 1821 aliquid
850 1776 1063 1821 intellegere
1097 1777 1331 1811 vehementer
1357 1778 1568 1823 cupimus⁵;
1605 1781 1641 1813 et
1676 1791 1756 1813 cum
1791 1779 1848 1814 his

75 1829 207 1865 litteris
234 1831 411 1876 epistulae
438 1831 585 1875 aliquot,
612 1831 746 1876 opinor,
774 1830 844 1876 ipsi
871 1830 1072 1865 destinatae
1098 1830 1299 1873 mittentur,
1335 1832 1430 1866 sicut
1456 1832 1549 1866 aliae
1575 1832 1749 1867 eiusmodi
1776 1833 1848 1878 epi-

73 1883 193 1918 stulae
218 1884 403 1929 superiore
428 1884 651 1919 hebdomade
677 1884 812 1918 missae
838 1886 933 1918 sunt.

193 1936 294 1980 Quod
319 1938 365 1972 ad
399 1937 530 1972 librum
568 1938 670 1972 illum
707 1949 727 1972 a
754 1937 955 1972 Chemnitio
991 1938 1115 1971 contra
1140 1937 1296 1972 lesuitas
1330 1938 1533 1983 5011111111116
1568 1939 1717 1981 attinet,
1752 1940 1847 1985 patri

198 2056 209 2076 ¹
235 2056 430 2098 Lansacus,
457 2055 596 2101 primus
622 2067 668 2089 ex
704 2055 812 2099 gallis
838 2055 932 2099 apud
968 2054 1157 2089 concilium
1184 2055 1404 2097 oratoribus,
1439 2055 1532 2090 hanc
1568 2055 1775 2090 dilationem
1811 2060 1847 2092 et

72 2109 167 2155 apud
192 2109 334 2153 legatos
360 2111 396 2143 et
422 2109 516 2155 apud
542 2109 748 2154 pontificem
772 2108 1016 2149 vehementer,
1043 2108 1106 2142 sed
1124 2108 1272 2149 frustra,
1298 2109 1453 2152 urgebat
1481 2108 1740 2152 (Palloecc‘cinus
1764 2110 1787 2144 l.
1815 2122 1844 2145 c.

71 2162 95 2197 l.
125 2163 178 2204 17,
205 2174 234 2197 0.
265 2163 318 2205 14,
344 2174 378 2198 n.
408 2163 519 2204 1—9;
555 2162 578 2197 1.
608 2162 661 2204 18,
689 2174 718 2197 0.
747 2162 776 2203 7,
804 2174 838 2196 n.
866 2162 994 2196 5—11.
1047 2163 1224 2196 Paleottus
1248 2161 1271 2196 l.
1299 2174 1328 2196 0.
1355 2162 1398 2205 II,
1431 2163 1511 2198 590.
1562 2164 1740 2198 Musottus
1764 2163 1787 2198 1.
1815 2175 1844 2198 0.

70 2216 114 2258 ΙΙ,
141 2215 215 2260 24).

191 2270 204 2290 ²
230 2269 377 2304 Lainius
404 2271 436 2304 6.
464 2269 685 2315 Septembris
716 2269 805 2303 1562
832 2269 869 2302 111
895 2268 1175 2312 congregatione
1202 2269 1363 2312 generali
1389 2269 1615 2314 praeclaram
1641 2270 1740 2304 illam
1769 2282 1845 2304 ora-

69 2323 205 2357 tionem
228 2323 372 2365 habuit,
408 2334 479 2367 qua
505 2322 655 2357 calicem
680 2322 780 2356 nulla
805 2322 875 2356 iam
902 2322 1040 2356 ratione
1066 2321 1170 2356 laicis
1205 2322 1470 2357 concedendum
1507 2335 1586 2358 esse
1612 2323 1845 2365 ostendebat;

71 2388 180 2421 quam
204 2377 364 2411 breviter
397 2377 541 2411 notavit
566 2377 802 2411 Massarellzcs
827 2375 849 2410 l.
878 2387 906 2409 0.
934 2375 978 2417 H,
1008 2375 1193 2410 114—115
1221 2377 1257 2410 et
1287 2377 1465 2421 copiosius
1492 2376 1588 2422 ipse,
1624 2380 1665 2412 ut
1689 2377 1844 2419 videtur,

71 2431 239 2475 Lainius,
266 2430 362 2475 apud
392 2432 525 2465 Grisar
550 2430 572 2464 l.
601 2442 629 2464 c.
657 2429 701 2471 ΙΙ,
729 2429 890 2470 24-69;
917 2428 963 2463 cf.
995 2430 1128 2463 Grisar
1153 2429 1176 2464 1.
1204 2441 1233 2464 c.
1261 2430 1304 2472 II,
1335 2430 1545 2471 13*—33*;
1585 2430 1758 2465 orationis
1784 2442 1844 2465 ex-

70 2483 228 2528 emplum
246 2483 461 2518 Franciscus
487 2484 530 2518 de
548 2483 702 2527 Vargas,
729 2482 903 2527 hispanus
929 2482 1024 2527 apud
1049 2482 1256 2528 pontificem
1281 2483 1435 2527 legatus,
1462 2483 1576 2519 Roma
1602 2485 1658 2519 24.
1678 2484 1845 2519 Octobris

73 2537 163 2572 1562
190 2537 234 2571 ad
261 2536 468 2582 Philippum
494 2537 538 2571 ΙΙ.
566 2536 666 2571 misit
695 2535 899 2580 (Coleccion
925 2535 968 2569 de
987 2535 1230 2571 Documentos
1256 2536 1410 2572 ineditos
1436 2549 1524 2583 para
1551 2538 1587 2572 la
1613 2538 1774 2572 Historia
1800 2538 1843 2572 (16

69 2589 215 2635 Espafia
241 2602 306 2635 por
331 2589 372 2624 D.
400 2591 450 2624 M.
479 2590 587 2624 Salvci
612 2601 637 2634 y
663 2588 704 2623 D.
733 2590 772 2622 P.
800 2590 915 2623 Sainz
946 2590 988 2629 (Ze
1013 2590 1191 2624 Baranda
1217 2590 1267 2624 IX
1294 2589 1450 2635 [Madrid
1477 2590 1594 2636 1846]‚
1631 2590 1728 2635 315).
1779 2592 1842 2626 At·

70 2655 140 2688 que
166 2643 257 2678 alias
283 2655 425 2688 quoque
443 2643 591 2677 Lainius
617 2642 662 2676 ad
688 2644 812 2687 patres
839 2641 940 2684 dixit,
967 2644 1008 2676 ut
1034 2642 1066 2677 7.
1086 2642 1308 2688 Septembris
1335 2644 1377 2678 de
1404 2644 1567 2679 doctrina
1594 2656 1675 2679 cum
1702 2645 1843 2679 canoni-

69 2697 136 2731 bus
163 2697 205 2730 de
232 2696 409 2731 sacrificio
435 2696 568 2730 missae
594 2695 793 2729 reformata
821 2695 1074 2739 (stlassarellus
1098 2695 1122 2730 l.
1150 2708 1179 2731 c.
1207 2697 1251 2739 II,
1280 2697 1377 2741 119).

191 2751 204 2770 ³
231 2749 284 2784 Of.
313 2750 333 2783 2
361 2749 439 2784 Cor.
467 2749 498 2791 2,
527 2750 581 2783 15.
680 2750 694 2769 4
719 2748 820 2783 Rom.
850 2749 903 2790 16,
931 2750 986 2783 27.
1040 2749 1056 2784 1
1085 2749 1176 2785 Tim.
1206 2751 1234 2792 1,
1264 2751 1317 2785 17.

190 2804 204 2823 5
229 2803 370 2837 Natalis
395 2802 564 2837 visitator
590 2801 746 2844 Colonia,
781 2802 843 2836 ubi
868 2814 933 2847 per
957 2804 1032 2837 tres
1057 2803 1134 2837 fere
1159 2803 1402 2838 hebdomadas
1429 2804 1597 2848 degerat,
1625 2804 1656 2838 5.
1684 2804 1843 2848 Augusti

69 2857 339 2901 Aquisgranum
366 2856 549 2901 profectus
576 2858 663 2897 erat,
690 2858 731 2890 ut
755 2856 837 2890 inde
863 2855 1052 2898 Treveros,
1078 2856 1305 2901 Moguntiam
1332 2860 1399 2892 etc.
1435 2857 1577 2892 veniret
1606 2857 1843 2902 (Reiffenbery

69 2910 92 2944 l.
120 2922 149 2944 0.
177 2910 202 2951 I,
231 2910 286 2944 96.
338 2910 487 2943 Hansen
512 2909 535 2943 l.
564 2921 593 2943 0.
621 2921 655 2953 p.
681 2909 781 2952 429).

190 2964 203 2983 ⁶
228 2963 407 2997 Martinus
425 2962 650 2997 Ohemnitius
679 2961 894 3006 (Chemnitz,
920 2963 1101 3007 Kemnitz)
1131 2975 1177 2998 ex
1202 2964 1363 2998 marchia
1380 2964 1715 3008 brandenburgensi
1741 2966 1841 2998 ortus

73 3017 222 3061 (1522-
234 3015 353 3060 1586),
379 3015 670 3050 Melanchthonis
697 3015 897 3061 discipulus
923 3016 1131 3062 amicusque
1168 3019 1204 3051 et
1239 3029 1331 3052 unus
1367 3029 1412 3051 ex
1438 3017 1642 3062 praecipuis
1668 3017 1841 3052 Luthera-

68 3082 195 3104 norum
220 3069 418 3114 theologis,
455 3069 516 3114 qui
541 3071 628 3104 tunc
653 3069 847 3104 Brunsvici
881 3070 1212 3115 superintendentis
1237 3070 1524 3105 Lutheranorum
1555 3071 1837 3113 „coadiutorem“

69 3123 211 3167 agebat,
238 3124 362 3158 contra
391 3122 608 3165 „Censuram
628 3122 896 3157 Coloniensem“
929 3123 979 3168 (V.
1002 3124 1088 3159 Can.
1108 3124 1196 3169 Epp.
1224 3124 1268 3166 Π,
1296 3124 1499 3168 721-722)
1529 3135 1559 3159 a.
1582 3125 1672 3159 1562
1698 3124 1841 3170 Lipsiae

69 3177 182 3211 edidit
205 3177 335 3212 librum
366 3176 601 3220 „Theologiae
635 3176 852 3211 Iesuitarum
887 3177 1081 3222 praecipua
1115 3177 1254 3223 capita⁴‘
1271 3191 1279 3219 ;
1318 3177 1378 3222 qui
1416 3177 1540 3212 eodem
1579 3189 1670 3212 anno
1708 3178 1841 3212 ibidem

139 3241 446 3273 Braunsberger,
467 3241 578 3266 Canisii
593 3241 752 3272 Epistulae
767 3242 798 3266 et
816 3243 901 3267 Acta.
919 3242 974 3267 111.
1516 3239 1554 3270 31
