2093 3444
233 174 315 215 114
470 171 550 206 543.
587 170 753 206 Canisius
779 170 907 205 Iacobo
933 170 1067 205 Lainio.
1113 171 1204 215 Aug.
1231 170 1373 205 Vindel.
1403 172 1456 205 11.
1485 171 1620 216 Aprilis
1649 172 1751 206 1561.

1077 283 1102 324 J
1106 283 1157 324 hs

348 353 489 396 Dubia
530 353 697 406 aliquot
738 353 854 395 circa
894 353 1131 396 facultates
1172 354 1311 395 denuo
1354 354 1556 396 obtentas
1597 355 1650 396 ab
1685 353 1864 408 Aposto.
1899 354 2002 396 sede

234 422 299 462 10.
334 419 478 472 martij
514 420 639 461 ‚1561
662 420 688 460 1.

349 495 523 537 Ocurrit
554 494 740 549 primum
773 494 888 536 circa
921 495 1154 536 secundam
1187 495 1467 545 facultatem,
1514 509 1599 548 qua
1641 495 1770 538 datur
1812 495 2001 539 facultas

230 560 508 615 dispensandi
549 574 631 613 quo
675 560 729 601 ad
762 559 1050 602 retentionem
1085 559 1327 613 aliquorum
1367 560 1572 602 librorum
1616 560 1927 614 prohibitorum
1958 561 2002 602 in

228 625 368 668 indice
403 627 498 668 ete.
532 624 576 666 in
608 624 820 679 superiori
854 624 1087 666 Germania
1122 627 1216 667 .etc.
1250 628 1396 667 Vtrum
1430 625 1684 680 simpliciter
1721 640 1870 668 omnes
1902 640 2001 680 pro-

229 691 397 733 uinciae
422 690 680 732 Germaniae
713 690 960 744 superioris,
996 693 1040 732 et
1072 690 1382 744 septentrionis
1415 690 1546 744 (quod
1578 690 1751 733 uidetur
1783 691 2000 745 oportere)

229 757 376 806 totius,
412 756 653 808 ubicunque
688 755 882 797 Societas
915 756 984 797 uel
1016 755 1102 797 iam
1135 758 1358 805 uersatur,
1402 756 1471 798 uel
1506 756 1753 799 uersabitur
1786 756 2000 810 deinceps,

229 822 317 864 sint
348 821 680 873 intelligendae,
725 822 769 862 et
800 820 869 862 hic
901 834 1054 862 sensus
1087 820 1234 874 colligi
1266 821 1439 863 uidetur
1471 835 1525 863 ex
1563 821 1707 863 uerbis
1741 821 1804 864 .R.
1838 821 1885 864 Ρ.
1920 821 2002 863 Po-

228 886 340 929 lanci
373 887 416 928 in
448 886 543 940 ipsa
584 885 860 927 concessione
894 885 948 927 ad
990 900 1068 927 nos
1104 885 1289 936 missa2‚
1332 886 1404 928 ubi
1437 886 1498 928 sic
1539 886 1742 940 loquitur.
1808 886 2002 929 Secundo

230 965 436 995 concessa
478 954 544 994 est
586 951 775 992 facultas
817 950 1095 1005 dispensandi
1137 951 1179 992 in
1221 954 1315 994 tota
1351 951 1566 1006 Superiori
1602 951 1833 993 Germania
1874 950 2003 1004 (quae

230 1018 285 1060 ad
312 1016 550 1066 Austriam,
584 1016 819 1065 Boemiam,
855 1019 899 1058 et
932 1016 1041 1058 alias
1074 1017 1439 1070 septentrionales
1472 1016 1670 1069 regiones
1702 1016 1872 1058 illarum
1905 1031 2003 1070 par-

228 1083 336 1126 tium
370 1097 416 1124 se
450 1080 666 1134 extendit)
700 1084 748 1123 ut
789 1081 958 1135 possint
990 1081 1168 1123 retineri
1210 1082 1307 1124 libri
1341 1082 1513 1135 quidam
1549 1081 1752 1136 prohibiti
1790 1081 1833 1123 in
1865 1081 2003 1124 indice

230 1147 258 1202 (,
294 1149 329 1190 si
362 1162 446 1189 non
480 1150 626 1189 essent
659 1147 710 1188 de
745 1146 1022 1200 dogmatibus
1053 1146 1304 1200 haereticis)
1337 1147 1380 1189 in
1407 1162 1528 1189 usum
1564 1162 1700 1190 suum.
1744 1146 1813 1188 An
1846 1147 1903 1189 sit
1935 1161 2003 1189 re·-

228 1213 483 1266 stringenda
517 1226 568 1254 ca
599 1212 790 1254 facultas
823 1212 877 1253 ad
911 1226 985 1253 eas
1018 1215 1179 1266 partes,
1215 1227 1323 1265 quas
1355 1212 1604 1266 praedictus
1630 1213 1693 1255 R.
1719 1212 1764 1254 P.
1789 1212 2003 1254 Polancus

228 1279 271 1321 in
305 1279 401 1333 alijs
434 1277 603 1320 literis3
637 1276 854 1331 expressit
889 1312 896 1320 .
931 1277 992 1319 sic
1026 1277 1185 1320 dicens.
1248 1278 1310 1319 La
1351 1278 1495 1331 gratia
1537 1278 1614 1319 che
1647 1277 1683 1319 si
1716 1277 1854 1319 hebbe
1889 1277 2003 1320 circa

228 1345 256 1386 l'
280 1344 419 1386 indice
452 1357 528 1398 per
568 1343 612 1384 la
654 1342 850 1397 superior
884 1342 1117 1384 Germania
1150 1342 1284 1395 (nella
1317 1343 1415 1396 qual
1451 1343 1486 1384 si
1519 1343 1778 1397 comprende
1810 1342 2001 1393 Boemia,

229 1409 430 1459 Austria‚
474 1411 517 1450 et
550 1408 763 1462 Vngaria)
797 1407 831 1448 si
874 1408 1031 1449 mando
1073 1410 1214 1449 marte
1255 1407 1295 1449 di
1338 1411 1515 1462 passato
1550 1410 1633 1450 .etc
1667 1443 1675 1450 .
1711 1421 1821 1461 quae
1863 1407 1899 1449 si
1940 1408 2003 1450 ita

230 1474 503 1527 intelligatur
536 1477 659 1515 arcta
702 1473 826 1514 nimis
860 1476 948 1522 est,
993 1475 1037 1515 et
1070 1473 1192 1515 nobis
1225 1473 1419 1526 quidem,
1463 1473 1533 1527 qui
1574 1472 1617 1514 in
1651 1472 1808 1515 Sueuia
1840 1487 2000 1523 sumus,

229 1542 273 1582 et
313 1539 397 1581 illis
436 1539 507 1592 qui
540 1539 582 1579 in
617 1538 827 1588 Bauaria,
871 1538 975 1579 nihil
1009 1538 1199 1592 prodest.
1264 1552 1318 1580 an
1351 1538 1466 1580 forte
1498 1538 1599 1580 illae
1631 1541 1722 1581 tres
1754 1538 2002 1592 prouinciae

229 1619 463 1660 expressae
496 1606 597 1646 sunt
630 1604 821 1654 Boemia,
855 1603 1053 1657 inquam,
1088 1603 1280 1654 Austria‚
1316 1606 1359 1646 ct
1392 1603 1610 1657 Vngaria,
1650 1617 1703 1645 ne
1736 1618 1762 1646 a
1794 1603 2005 1658 superiori

231 1670 465 1713 Germania
498 1672 757 1723 putarentur
789 1668 982 1720 excludi,
1018 1683 1114 1711 cum
1148 1672 1349 1712 caeterae
1383 1683 1532 1711 omnes
1567 1670 1714 1723 partes
1746 1669 1838 1711 sine
1877 1669 2004 1711 dubio

230 1736 596 1790 comprendantur
629 1732 728 1788 [sic]
749 1736 777 1777 4.

352 1801 546 1843 Secundo
581 1800 695 1841 circa
728 1799 909 1841 eandem
933 1799 1121 1842 occurrit
1153 1799 1422 1850 facultatem,
1457 1814 1558 1841 num
1592 1813 1687 1840 cum
1714 1798 1875 1841 nostris
1906 1801 2005 1841 tan—

234 1869 327 1909 tum
360 1866 474 1908 circa
506 1865 794 1908 retentionem
829 1864 1040 1907 dictorum
1074 1864 1281 1906 librorum
1314 1864 1371 1907 sit
1403 1863 1750 1919 dispensandum,
1786 1877 1841 1906 an
1873 1863 2004 1906 etiam

231 1946 327 1974 cum
369 1931 530 1973 nostris
571 1929 864 1980 scholasticis,
911 1930 982 1983 qui
1024 1930 1195 1972 scholas
1238 1929 1469 1972 Societatis
1513 1929 1694 1971 uisitant
1727 1928 1856 1981 (sicut
1897 1929 2004 1971 alias

231 1997 362 2040 etiam
398 1997 557 2038 licebat
573 1997 606 2048 5)
641 1998 685 2037 et
718 2010 812 2037 cum
847 1995 944 2049 alijs
977 1995 1109 2037 etiam
1143 1994 1366 2038 extraneis
1399 1994 1530 2037 etiam
1563 1994 1597 2036 si
1631 1994 1685 2036 ad
1717 1994 1888 2036 scholas
1919 2008 2004 2036 non

231 2063 421 2111 ueniant,
457 2061 532 2103 sed
556 2061 626 2114 qui
661 2061 729 2102 uel
764 2061 1039 2110 confitentur,
1074 2060 1144 2102 uel
1167 2060 1403 2110 consilium,
1438 2063 1514 2101 aut
1536 2059 1792 2102 facultatem
1818 2062 2003 2114 petunt?

350 2126 499 2169 Tertio
534 2125 634 2179 quia
667 2125 825 2167 dicitur
865 2126 977 2168 tales
1020 2125 1153 2167 libros
1186 2139 1312 2179 posse
1345 2124 1543 2175 retineri,
1587 2125 1658 2178 qui
1692 2125 1743 2166 de
1775 2124 2005 2167 haereticis

231 2192 508 2246 dogmatibus
549 2205 635 2232 non
677 2190 786 2241 sint,
836 2193 889 2233 .1.
924 2193 1070 2232 Vtrum
1116 2191 1178 2234 .D.
1219 2190 1472 2244 Hieronymj
1517 2204 1669 2244 opera,
1715 2190 1917 2243 Augusti.
1961 2193 2005 2233 et

231 2257 414 2299 aliorum
436 2259 624 2311 patrum,
660 2258 704 2298 et
737 2255 918 2297 aliorum
953 2255 1085 2298 etiam
1117 2256 1325 2297 bonorum
1348 2258 1562 2305 autorum,
1596 2254 1681 2308 legi
1705 2255 1885 2309 possint,
1919 2270 2002 2297 non

232 2322 507 2365 obstantibus
540 2321 713 2363 Erasmi
747 2321 1070 2375 commentarijs
1112 2335 1163 2362 ac
1206 2320 1421 2371 censuris,
1464 2319 1508 2361 in
1547 2320 1699 2373 quibus
1741 2322 1892 2363 contra
1934 2334 2003 2362 ec-

231 2387 388 2430 clesiae
431 2387 638 2440 dogmata
678 2400 957 2439 nonunquam
990 2387 1229 2436 tractatur,
1274 2388 1350 2428 aut
1383 2387 1502 2427 certe
1544 2387 1697 2427 contra
1735 2399 2002 2427 communem

231 2451 474 2506 opinionem
491 2452 519 2494 6.
556 2454 593 2494 2.
618 2453 763 2492 Vtrum
799 2452 1000 2505 oporteat
1032 2450 1189 2504 ubique
1218 2449 1392 2492 nomina
1414 2449 1585 2492 Erasmi
1608 2452 1651 2491 et
1673 2449 1874 2491 similium
1907 2465 2003 2492 era-

357 2562 366 2580 ¹
394 2560 470 2594 Has
497 2560 579 2593 vide
606 2571 716 2605 supra
743 2572 775 2604 p.
805 2560 861 2594 70.
961 2560 974 2580 ²
1001 2559 1054 2594 Cf.
1081 2571 1191 2604 supra
1216 2571 1250 2604 p.
1279 2559 1333 2594 70.
1433 2560 1446 2580 ³
1472 2558 1563 2593 Vide
1589 2571 1699 2604 supra
1725 2571 1758 2603 p.
1786 2559 1842 2594 83.

351 2615 364 2634 ⁴
390 2613 603 2647 Nominibus
634 2613 870 2655 „Germaniae
896 2612 1112 2657 superioris“
1143 2615 1179 2646 et
1219 2612 1440 2655 „inferioris“
1479 2612 1623 2646 easdem
1659 2613 1825 2656 regiones
1862 2623 2003 2657 semper

235 2670 271 2701 et
296 2667 341 2701 ab
368 2666 531 2701 omnibus
557 2666 782 2708 significatas
818 2677 897 2700 esse
933 2677 1036 2699 nemo
1072 2666 1207 2700 dixerit
1235 2665 1301 2709 (Μ.
1328 2667 1372 2700 Α.
1400 2667 1623 2710 Baudrand,
1660 2665 1816 2699 Lexicon
1852 2676 2001 2709 geogra-

230 2720 375 2765 phicum
404 2719 569 2763 [Parisiis
599 2719 703 2762 1670]
731 2731 764 2764 p.
793 2719 991 2753 318-321.
1043 2720 1090 2752 Η.
1117 2721 1162 2753 A.
1190 2720 1344 2763 Daniel,
1381 2718 1583 2753 Handbuch
1610 2719 1673 2752 der
1699 2718 1925 2763 Geographie
1951 2718 2002 2753 III

232 2772 279 2818 [5.
305 2773 416 2814 Aufl.‚
453 2772 600 2817 Leipzig
629 2772 752 2816 1878],
782 2772 951 2815 56—82).
1003 2772 1178 2813 Bavaria,
1215 2771 1365 2814 Suebia,
1392 2771 1522 2806 Tirolis
1548 2774 1636 2806 tunc
1662 2773 1759 2806 certe
1784 2771 1829 2805 ad
1856 2770 2000 2806 Germa-

230 2827 326 2860 niam
362 2825 582 2870 superiorem
618 2825 798 2870 pertinere
832 2825 1090 2866 censebantur;
1128 2824 1316 2868 Hungaria
1350 2836 1370 2859 a
1398 2825 1590 2859 Germania
1621 2835 1768 2870 prorsus
1804 2824 1999 2868 distingue-

230 2880 355 2919 batur;
393 2878 540 2913 Colonia
576 2881 612 2912 et
637 2878 806 2918 Treveri,
843 2889 1061 2922 quamquam
1097 2878 1175 2923 ipso
1202 2878 1377 2912 sermonis
1403 2889 1534 2921 genere
1561 2878 1604 2912 ad
1633 2877 1862 2912 Germaniam
1897 2889 1999 2923 supe-

230 2933 357 2966 riorem
387 2931 624 2971 accedebant,
663 2930 854 2965 Societatis
885 2930 1112 2976 „provinciae
1139 2930 1353 2965 Germaniae
1379 2930 1578 2965 inferioris“
1609 2932 1732 2975 partes
1765 2932 1851 2964 tunc
1887 2933 1999 2964 erant.

352 2986 365 3005 ⁵
391 2985 442 3018 De
468 2984 537 3018 hac
563 2983 738 3018 facultate
768 2983 878 3018 libros
915 2984 1087 3028 quosdam
1128 2985 1339 3028 „purgatos¹‘
1379 2983 1566 3028 discipulis
1601 2982 1766 3017 tradendi
1800 2983 1882 3017 vide
1911 2984 1998 3018 Can.

234 3038 321 3083 Epp.
349 3038 392 3079 ΙΙ,
421 3037 522 3072 3875.

352 3092 365 3111 ⁶
392 3089 469 3131 Qua
494 3089 634 3123 ratione
660 3089 834 3123 Erasinus
869 3092 1075 3124 sanctorum
1110 3092 1254 3134 patrum
1289 3089 1425 3134 scripta
1461 3088 1633 3132 evulgare
1659 3088 1788 3123 solitus
1814 3089 1880 3130 sit,
1917 3088 1998 3123 vide

232 3144 328 3178 infra
353 3155 386 3188 p.
409 3144 488 3177 119.
522 3143 717 3186 Augustini
745 3154 852 3187 opera
879 3142 998 3176 omnia
1023 3142 1198 3176 Erasmus
1225 3141 1290 3176 sub
1317 3153 1348 3176 a.
1379 3142 1468 3177 1529
1496 3141 1660 3176 Basileae
1690 3142 1732 3176 10
1758 3140 2000 3176 voluminibus

2069 3143 2081 3228 jaff-x—
2080 3132 2081 3135 „
2076 3101 2081 3123 ρ,
2074 3062 2081 3092 ,Ἄ
2076 3039 2078 3051 ,Α
2076 3020 2079 3026 ,

2060 3329 2081 3444 duo-222
2068 3230 2082 3322 mx
