2093 3444
520 203 687 247 Augusta
713 203 981 238 Vindelicorum
1009 205 1076 239 sub
1103 205 1160 240 22.
1186 205 1308 240 Martii
1339 206 1440 241 1561.
1811 212 1865 252 85

85 321 230 363 lanter
261 323 306 362 et
328 321 600 363 amarulente
622 336 877 376 responsum
912 322 1045 365 fuerit
1062 325 1089 365 1.
1134 323 1238 365 Cum
1271 324 1384 365 enim
1408 325 1630 368 Pontificis
1662 327 1867 380 Legatisa

85 400 341 440 responsum
375 386 552 431 darent.
597 388 957 440 quemadmodum
991 389 1309 431 haereticorum
1343 404 1437 431 mos
1475 394 1564 441 est,
1609 392 1867 435 authoritati

86 451 308 493 Pontificis
339 452 484 506 palam
519 452 844 504 obtrectarunt,
887 453 993 495 nihil
1025 454 1153 496 ueriti
1197 455 1308 497 citra
1351 469 1521 498 omnem
1556 457 1865 500 necessitatem

86 517 217 559 etiam
241 518 507 571 exprobrare
530 517 779 560 dominandi
809 519 1106 572 cupiditatem,
1141 520 1469 574 superstitiosos
1493 522 1648 573 cultus,
1683 523 1867 565 crudeli-

84 585 237 632 tatem,
270 582 577 625 idolomaniam
603 586 647 625 et
679 583 721 625 in
746 584 934 626 Concilio
965 585 1193 627 indicendo
1216 587 1494 639 regendaque
1517 588 1716 630 Ecclesia
1747 589 1866 630 nullo

86 648 178 690 iure
211 648 439 690 suffultam
475 649 804 691 confidentiam:
847 664 894 691 se
926 650 1097 701 mirari,
1141 665 1227 704 qua
1268 666 1344 705 spe
1387 655 1431 694 et
1473 652 1672 706 opinione
1712 654 1866 696 ductus

86 713 291 756 Pontifex
323 713 434 755 hanc
469 713 644 768 Concilij
679 714 958 757 indictionem
991 715 1097 770 ipsis
1131 717 1377 768 obtrudere,
1418 732 1469 759 ac
1502 718 1757 762 Tridentum
1791 734 1866 761 eos

86 793 269 821 euocare
303 793 387 821 non
422 779 665 830 dubitaret,
709 795 805 822 cum
839 780 919 834 ipsi
954 781 1226 835 Religionem
1259 782 1547 835 Augustanae
1581 784 1866 827 confessionis

87 844 299 899 amplexi,
343 845 397 886 ab
440 859 492 886 ea
524 859 603 887 nec
644 846 830 895 uellent,
875 860 954 888 nec
995 850 1175 900 possent
1217 847 1451 891 discedere.
1516 849 1660 891 Iustas
1694 850 1867 892 demum

85 910 167 952 sibi
200 924 356 952 causas
390 913 606 961 constare,
642 925 718 952 cur
750 925 776 952 a
808 911 1018 954 Pontifice
1051 913 1192 965 Leges
1225 913 1306 955 sibi
1338 914 1576 968 praescribi
1614 915 1864 969 neutiquam

86 978 365 1031 paterentur,
399 990 479 1018 nec
511 976 641 1018 ullius
675 977 989 1019 authoritatem
1023 992 1048 1019 a
1081 992 1127 1020 se
1160 979 1231 1020 vel
1263 979 1628 1031 iurisdictionem,
1668 984 1866 1035 praeter-

87 1056 216 1095 quam
238 1042 529 1096 ·Jmperatoris
562 1043 740 1097 agnoscj
758 1044 788 1085 2.
833 1043 1110 1097 Scripserunt
1141 1044 1314 1087 interim
1349 1045 1404 1087 ad
1427 1046 1657 1088 Caesarem
1673 1047 1702 1092 3,
1737 1061 1867 1100 quam

85 1107 167 1161 ipsi
200 1107 252 1149 de
285 1107 474 1149 Concilio
508 1108 810 1150 OEcumenico
845 1109 1104 1150 celebrando
1137 1110 1398 1152 sententiam
1435 1114 1742 1164 sequerentur,
1787 1112 1867 1154 hoc

87 1172 287 1214 nimirum
321 1173 618 1227 postulanteS,
662 1176 711 1215 ut
744 1174 1012 1227 suffragandi
1045 1177 1244 1228 potestas
1275 1190 1361 1218 non
1396 1176 1535 1218 minor
1567 1176 1693 1231 ipsis,
1737 1192 1867 1231 quam

88 1238 313 1293 Episcopis
354 1238 634 1281 tribueretur.
699 1239 876 1293 Concilij
919 1242 1067 1281 autem
1101 1240 1344 1283 Tridentini
1379 1241 1750 1285 continuationem
1782 1257 1867 1285 non

87 1304 214 1346 modo
246 1307 509 1358 suspectam,
543 1304 619 1346 sed
642 1304 961 1346 intolerabilem
986 1319 1156 1358 quoque
1188 1306 1270 1348 sibi
1296 1307 1447 1361 uiderj.
1492 1307 1585 1349 Nec
1607 1307 1651 1349 in
1684 1309 1867 1350 obscuro

89 1384 222 1412 causa
255 1372 344 1412 est:
378 1369 467 1411 suis
491 1370 656 1411 assueti
678 1370 872 1412 tenebris
895 1371 950 1412 ad
972 1371 1112 1413 lucem
1134 1372 1307 1426 prodire
1329 1387 1415 1414 non
1447 1373 1666 1416 sustinent
1687 1388 1868 1428 vesper-

87 1435 284 1486 tiliones,
329 1435 502 1477 omnis
536 1436 677 1477 enim
720 1436 809 1489 qui
851 1436 990 1478 male
1032 1437 1173 1490 agit,
1209 1438 1327 1480 odit
1367 1439 1586 1481 lucem4.
1650 1439 1866 1490 Breuiter,

87 1503 260 1544 tantum
303 1501 446 1555 caepit
488 1515 562 1543 eos
602 1501 746 1543 odium
778 1502 1003 1544 Romanae
1044 1502 1182 1553 sedis,
1226 1503 1339 1556 quod
1380 1503 1526 1559 miserj
1560 1504 1783 1559 Principes
1816 1519 1867 1547 ac

90 1566 296 1609 Germani
337 1581 393 1609 ex
434 1567 633 1609 doctrina
667 1567 960 1609 Sectariorum
1001 1567 1287 1619 imbiberunt,
1330 1571 1379 1611 ut
1419 1569 1513 1624 pios
1548 1570 1611 1624 Pij
1646 1570 1868 1613 Pontificis

89 1635 271 1675 conatus
304 1635 457 1686 aperte
490 1632 822 1683 calumnientur,
857 1647 938 1674 non
964 1633 1090 1675 modo
1114 1633 1378 1676 christianae
1400 1635 1590 1689 pietatis,
1626 1636 1702 1678 sed
1735 1636 1866 1678 etiam

89 1698 228 1740 omnis
260 1698 353 1740 fere
393 1698 680 1740 humanitatis
713 1700 931 1753 expertes.
996 1698 1118 1741 Adeo
1160 1713 1214 1741 ne
1246 1699 1399 1742 literas
1439 1700 1612 1754 quidem
1643 1701 1867 1744 Pontificis

89 1763 316 1817 resignare
357 1764 612 1815 uoluerunt,
657 1763 810 1806 offensi
850 1763 1054 1806 uidelicet
1098 1765 1402 1819 inscriptione,
1449 1767 1562 1819 quod
1603 1767 1749 1809 dilecti
1790 1767 1867 1821 filij

90 1829 418 1883 appellarentur
433 1830 462 1872 5.
526 1829 707 1883 Jndigni
739 1829 935 1884 profecto
968 1830 1045 1872 tali
1080 1831 1209 1873 titulo
1243 1834 1287 1873 et
1319 1831 1472 1882 Patre,
1507 1832 1577 1885 qui
1611 1846 1657 1874 se
1690 1835 1868 1887 apertos

90 1894 249 1937 Christi
281 1897 326 1937 et
357 1895 584 1937 Ecclesiae
617 1895 766 1938 hostes
799 1896 1071 1949 profitentur.

210 1962 370 2002 Actum
417 1964 484 2004 est
527 1960 698 2014 quidem
740 1960 855 2003 inter
895 1961 974 2002 1103
1016 1961 1237 2016 Principes
1279 1962 1331 2004 de
1374 1963 1681 2016 componendis
1721 1966 1869 2005 sectae

88 2025 205 2068 inter
237 2040 282 2068 se
315 2026 499 2068 multum
533 2026 751 2068 dissectae
784 2025 1142 2077 dissentionibus,
1178 2027 1350 2080 iamque
1383 2028 1505 2069 uario
1538 2043 1710 2070 rumore
1743 2043 1868 2083 spar-

89 2091 227 2145 gitur,
272 2091 351 2133 hos
395 2091 619 2146 Principes
665 2091 958 2134 Confessionis
1000 2092 1286 2146 Augustanae
1331 2093 1539 2146 dogmata
1583 2094 1867 2136 concordibus

90 2156 246 2198 animis
288 2158 568 2199 confirmasse
585 2158 613 2200 6.
678 2157 762 2199 Sed
803 2156 998 2199 iudicant
1039 2157 1290 2212 Sapientes,
1333 2172 1490 2200 uanam
1534 2161 1578 2201 et
1618 2159 1868 2202 simulatam

209 2308 224 2322 2
250 2302 379 2346 Legati
405 2304 447 2336 E.

213 2445 222 2464 ¹
249 2444 436 2490 Principes
456 2446 486 2479 7.
506 2444 691 2478 Februarii
718 2444 763 2478 ad
789 2444 945 2485 nuntios,
973 2455 1062 2488 quos
1089 2445 1219 2479 iterum
1245 2445 1282 2479 in
1300 2447 1518 2479 conventum
1545 2457 1650 2479 suum
1676 2446 1868 2480 admittere

90 2496 279 2539 nolebant,
315 2498 438 2532 decem
465 2498 644 2532 miserunt
670 2497 912 2536 consiliarios,
941 2510 959 2531 e
986 2509 1136 2542 quorum
1162 2510 1312 2532 numero
1339 2498 1517 2543 Georgius
1544 2498 1751 2541 Cracovius,
1778 2499 1866 2534 elec-

89 2550 179 2585 toris
206 2551 354 2585 saxonis
380 2551 620 2591 consiliarius,
647 2551 848 2596 principum
874 2551 1017 2585 nomine
1043 2551 1154 2586 latine
1180 2552 1385 2597 respondit,
1421 2552 1528 2596 idque
1559 2552 1663 2594 „sehr
1687 2552 1771 2587 hart
1796 2553 1868 2587 und

91 2604 236 2641 bitter“.
263 2607 305 2638 ut
329 2605 407 2650 ipse
434 2606 632 2649 Helberlin,
667 2604 862 2638 historicus
900 2606 1126 2649 protestans,
1162 2605 1299 2639 fatetur
1327 2605 1365 2648 (1.
1393 2617 1421 2639 c.
1449 2605 1511 2646 IV,
1538 2605 1636 2649 352).
1688 2605 1790 2648 Quod
1814 2618 1868 2640 re·

90 2668 263 2702 sponsum
289 2658 495 2701 germanice
531 2669 677 2692 versum
713 2660 836 2692 exstat
869 2658 962 2703 apud
992 2659 1115 2692 Melch.
1147 2660 1316 2703 Goldast,
1351 2658 1550 2693 Politische
1576 2659 1868 2694 Reichs-Handel

94 2711 331 2754 (Franckfurt
357 2723 414 2745 am
440 2711 553 2756 Mayn
583 2710 688 2754 1614)
718 2723 752 2756 p.
778 2711 979 2745 453—454.

211 2764 225 2785 ‘2
250 2764 476 2809 Responsum
503 2764 570 2798 hoc
601 2764 804 2809 principum
840 2764 884 2798 ad
920 2765 1070 2799 verbum
1096 2765 1311 2810 proponitur
1336 2765 1380 2799 ab
1407 2767 1491 2800 Ant.
1519 2766 1646 2800 Maria
1675 2767 1867 2810 Gratiano,

90 2817 143 2851 De
168 2818 246 2851 vita
270 2817 420 2852 Joannis
446 2817 629 2852 Francisci
648 2817 904 2851 Commendoni
930 2818 1123 2852 cardinalis
1148 2818 1230 2852 libri
1257 2820 1412 2863 quatuor
1440 2819 1606 2862 (Parisiis
1635 2818 1741 2859 1669)
1769 2831 1802 2864 p.
1822 2819 1867 2853 83

90 2871 135 2905 ad
161 2871 218 2905 85.
271 2870 325 2905 Cf.
352 2871 459 2905 etiam
488 2872 716 2905 Miscellanea
742 2871 764 2904 l.
792 2882 822 2905 c.
850 2871 911 2912 Vl,
937 2872 1088 2906 57——59.

213 2925 225 2944 3
250 2924 484 2968 Naumburgo
511 2926 541 2958 6.
569 2923 757 2958 Februarii
786 2924 873 2958 1561
906 2925 1094 2966 (Bucholtz
1118 2924 1141 2959 1.
1169 2936 1198 2959 c.
1226 2924 1323 2966 VIII,
1350 2925 1558 2965 396—397;
1597 2926 1760 2959 Calinich
1786 2925 1808 2959 l.
1836 2938 1866 2960 c.

90 2989 124 3023 p.
151 2977 371 3021 203-204).
429 2977 482 3011 Cf.
518 2976 728 3011 relationem
763 2977 808 3012 ab
843 2977 932 3022 ipsis
966 2980 1105 3012 mmtiis
1139 2978 1374 3022 Naumburgo
1409 2979 1441 3013 8.
1472 2978 1658 3012 Februarii
1696 2979 1783 3013 1561
1822 2980 1867 3013 ad

91 3031 311 3066 cardinalem
337 3031 594 3066 Borromaeum
619 3030 778 3072 missam,
806 3031 843 3065 in
869 3033 1024 3075 Poyiani
1048 3031 1223 3076 Epistolis
1249 3032 1293 3073 ΙΙ,
1320 3032 1520 3066 229-234.

212 3087 225 3105 4
251 3085 300 3120 Io.
327 3085 360 3126 3,
387 3085 443 3120 20.
591 3085 603 3104 ⁵
629 3084 685 3118 Ita
711 3084 821 3118 etiam
850 3085 1014 3118 Calinich
1039 3084 1062 3119 l.
1091 3097 1120 3119 c.
1147 3097 1181 3130 p.
1210 3085 1407 3120 194—195.

213 3139 226 3158 ⁶
251 3137 438 3183 Principes
465 3137 622 3172 maxime
648 3137 692 3171 de
717 3137 785 3172 hoc
810 3137 1014 3182 litigabant,
1041 3139 1185 3172 cuinam
1211 3150 1257 3172 ex
1282 3140 1507 3182 augustanae
1533 3138 1770 3173 confessionis
1795 3139 1866 3173 edi-

91 3191 250 3225 tionibus
275 3210 322 3215 —-
347 3191 416 3226 hae
442 3190 535 3225 enim
562 3191 598 3224 in
624 3190 799 3234 gravibus
825 3191 951 3232 rebus,
990 3194 1028 3225 et
1051 3191 1209 3225 maxime
1244 3192 1281 3225 in
1307 3192 1469 3226 doctrina
1496 3191 1746 3233 eucharistica,
1772 3192 1869 3227 inter
