2093 3444
658 197 815 231 Monuni.
846 194 978 239 (varia)
1007 196 1087 229 416.
1119 195 1253 238 (1562.)
1755 195 1839 235 815

68 315 127 357 ist
159 315 227 357 ein
260 315 468 368 gewisser
500 313 830 369 0311131113“[Ρ],
874 315 1001 356 Neffe
1034 314 1109 355 des
1142 327 1323 366 grossen
1357 312 1572 362 Canisius,
1607 312 1682 353 der
1715 314 1842 353 unter

70 380 386 433 grossartigem
405 380 560 422 Schein
584 381 844 433 getiinchter
861 379 1175 433 Frommigkeit
1197 379 1283 420 und
1307 378 1439 420 durch
1462 376 1686 429 unseligen
1704 375 1842 418 Fleiss

68 444 126 486 im
159 445 374 498 Predigen
406 446 554 487 Vieler
588 448 741 499 Augen
782 445 1038 487 verblendet
1078 444 1181 485 und·
1207 444 1288 485 den
1331 448 1560 496 grosseren
1602 441 1726 483 Theil
1767 442 1842 483 des

72 510 336 557 Stadtraths,
372 511 447 552 der
479 511 522 552 in
555 511 937 553 30111οΙ1·1·111”1’111101ἱ
970 509 1271 562 eingegangen
1303 508 1373 558 ist,
1408 507 1485 550 mit
1516 507 1606 549 sich
1629 507 1840 561 schleppt,

70 575 212 617 wollin
247 590 294 617 er
326 575 427 617 will.
486 568 591 618 ‘Man
624 578 737 629 sagt,
774 576 873 617 dass
907 575 1104 616 derselbe
1137 574 1246 616 auch
1279 573 1413 615 sowol
1446 572 1556 614 beim
1590 573 1746 614 Kaiser
1778 572 1842 613 als

71 640 183 682 beim
206 641 342 694 Papst
374 641 561 683 bewirkt
594 641 718 691 habe,
754 641 855 682 dass
888 640 956 681 die
978 639 1270 692 Restatigung
1303 639 1379 680 der
1405 637 1693 690 Einrichtung
1725 638 1843 679 einer

71 719 209 747 neuen
252 706 492 747 Akademie
533 706 575 747 111
615 707 745 760 jenen
789 705 1023 758 Gegenden
1066 704 1183 746 nis-ht
1225 704 1385 756 erfolgt
1426 703 1499 745 sei.
1527 739 1534 745 .
1562 738 1603 745 ..
1658 703 1758 745 Und
1795 717 1842 744 so

71 771 220 813 wolmt
253 771 328 812 der
359 771 580 813 Jebusiter
622 771 665 812 111
697 771 933 813 Ierusalem
965 770 1042 812 mit
1085 770 1167 811 (1011
1201 769 1371 811 Solmen
1404 769 1629 822 Benjamin
1662 768 1728 810 bis
1770 768 1849 810 auf

73 836 219 878 diesen
252 836 347 889 Tag
380 837 494 888 (Iud.
532 840 568 886 1,
603 837 694 884 21).

193 935 247 968 Ita
275 934 418 978 quidem
444 936 595 978 Krafff;
631 938 686 977 at,
719 947 823 979 quem
852 935 927 979 ipse
954 934 1092 980 posuit:
1133 934 1209 976 „ein
1236 933 1407 977 gewisser
1435 934 1619 973 Canisius,
1654 933 1755 966 Neffe
1782 932 1844 966 des

72 999 223 1031 grossen
251 987 452 1029 Canisius“,
488 988 624 1022 frustra
651 988 839 1032 quaerenti
866 988 971 1029 mihi⁷
1011 987 1186 1023 occurrit.
1225 987 1418 1031 legendum
1446 999 1523 1021 esse
1563 987 1639 1029 ..ein
1672 986 1845 1030 gewisser

73 1040 273 1082 Dionisius,
309 1040 410 1075 Neffe
444 1041 506 1075 des
542 1053 691 1084 grossen
728 1041 927 1076 Canisius“.
979 1041 1018 1075 P.
1055 1041 1232 1075 Hem-icus
1259 1040 1453 1085 Dionysius
1481 1040 1515 1074 S.
1543 1041 1596 1076 J..
1633 1051 1737 1084 quem
1773 1041 1845 1073 Ra-

73 1096 180 1128 cieras
209 1093 310 1137 (Can.
346 1106 379 1139 p.
410 1095 492 1138 123)
534 1094 687 1140 ,03111311
725 1107 769 1128 ex
805 1094 931 1129 Sor-ore
966 1095 1152 1139 nepotem“
1192 1094 1297 1135 dicit,
1342 1106 1382 1128 eo
1417 1097 1576 1139 tempore
1609 1093 1774 1128 Coloniae
1811 1095 1846 1126 et

72 1147 276 1190 theologiae
314 1147 554 1192 professorem
603 1151 637 1182 et
681 1148 854 1182 ecclesiae
892 1147 1189 1192 metropolitanae
1234 1147 1513 1181 contionatorem
1560 1148 1709 1191 agebat;
1752 1147 1845 1181 idem

74 1213 105 1236 a.
140 1201 228 1235 1561
266 1200 480 1245 Noviomagi
517 1202 743 1235 contionatus
780 1203 853 1243 est,
897 1213 928 1235 a.
965 1202 1053 1235 1562
1089 1201 1262 1241 Mundae,
1303 1200 1582 1245 Guelpherbyti,
1626 1201 1845 1244 Mognntiae‚

75 1254 280 1298 Osnaburgi
306 1254 364 1288 vel
400 1255 627 1289 contionatus
663 1257 719 1288 est
753 1255 812 1288 vel
848 1267 927 1288 cum
964 1255 1114 1289 (1110111113
1148 1255 1468 1289 brunsvicensibus
1495 1257 1561 1288 010.
1591 1255 1634 1287 (10
1669 1254 1845 1288 catholica

74 1307 247 1351 religione
273 1307 507 1342 instauranda
536 1309 628 1352 egit:
656 1309 713 1342 cui
740 1308 898 1342 eiusdem
925 1308 975 1342 rei
1004 1308 1119 1352 gratia
1146 1308 1297 1342 Ioannes
1323 1308 1366 1341 de
1388 1307 1502 1353 Hoya,
1530 1307 1718 1352 episcopus
1744 1320 1845 1342 osna-

74 1361 285 1405 burgensis,
321 1361 463 1395 litteras
491 1362 807 1396 commendaticias
834 1362 877 1395 ad
904 1361 1125 1395 Bernardum
1153 1361 1194 1395 de
1221 1361 1410 1402 Raesfeld,
1439 1361 1642 1405 episcopum
1669 1363 1846 1395 monaste-

74 1415 248 1455 riensem,
285 1414 383 1449 dedit
412 1415 649 1459 (Ree'ffenbery
675 1415 696 1449 1.
731 1427 760 1449 0.
793 1427 825 1459 p.
854 1416 918 1455 933:
956 1417 1103 1448 Hans-en
1138 1415 1160 1448 l.
1189 1426 1217 1448 0.
1249 1427 1282 1459 p.
1310 1415 1388 1449 333.
1415 1415 1495 1449 407.
1531 1415 1611 1449 413.
1646 1415 1845 1449 423—424.

73 1468 274 1502 429—431.
303 1469 381 1503 777.
411 1469 477 1503 779
498 1469 595 1506 etc)
631 1469 782 1502 Accedit
809 1469 900 1512 quod
921 1468 1133 1512 Dionysium
1152 1467 1319 1502 Coloniae
1345 1467 1497 1502 multum
1525 1470 1560 1501 et
1587 1468 1679 1512 apud
1706 1467 1846 1512 plebem

76 1523 112 1555 et
147 1522 240 1566 apud
276 1525 442 1556 senatum
470 1522 629 1556 valuisse
667 1534 711 1556 ex
738 1522 906 1566 Artopoei
938 1521 1221 1566 ..Responsionest
1252 1521 1375 1555 eodem
1410 1522 1485 1555 fere
1519 1523 1680 1566 tempore
1711 1521 1847 1566 scripta

76 1574 277 1619 colligitur;
314 1576 397 1609 vide
424 1587 532 1620 supra
558 1588 590 1620 p.
620 1576 699 1610 799.
750 1576 878 1609 Utrum
916 1577 1035 1609 autem
1062 1575 1183 1609 verbis
1209 1574 1443 1618 sequentibus
1472 1574 1574 1617 („der
1600 1576 1704 1609 unter
1730 1586 1847 1618 gross-

75 1628 229 1671 artigem
265 1628 415 1663 Schein“
455 1629 537 1672 etc.)
576 1628 707 1662 Petrus
743 1628 908 1662 Canisius
944 1640 989 1662 an
1030 1628 1207 1662 Henricus
1242 1628 1436 1672 Dionysius
1478 1628 1717 1672 significetur,
1760 1627 1847 1662 mihi

76 1682 219 1726 quidem
245 1681 340 1716 haud
366 1682 417 1716 ita
444 1684 541 1716 certe
569 1684 720 1716 constat.
764 1682 951 1719 Augustae
978 1693 1064 1715 sane
1090 1681 1242 1715 lect-ione
1270 1681 1300 1715 3.
1328 1681 1485 1724 Augusti
1513 1682 1601 1715 1561
1629 1681 1754 1715 habita
1779 1693 1848 1716 uno

76 1732 217 1770 cdnsilii
243 1735 321 1769 sive
347 1737 514 1775 senatus,
550 1736 687 1769 duobus
714 1735 851 1769 consilii
888 1735 1078 1769 sanctioris
1113 1734 1220 1773 10013,
1257 1734 1386 1778 quibus
1420 1736 1663 1779 protestantes
1697 1735 1848 1777 fuerant,

78 1789 245 1824 catholici
279 1789 466 1823 constituti
502 1791 605 1830 sunt:
642 1801 683 1823 ac
714 1801 795 1823 cum
830 1789 982 1823 lectione
1018 1790 1165 1822 senatus
1202 1788 1232 1822 3.
1260 1787 1417 1831 Augusti
1446 1788 1535 1822 1562
1570 1788 1693 1822 habita
1718 1788 1849 1822 iterum

78 1843 215 1878 duobus
252 1843 538 1887 protestantibus
581 1843 649 1876 duo
692 1842 859 1876 catholici
895 1842 1175 1882 successissent,
1218 1841 1384 1885 Augusta
1427 1841 1623 1876 catholicos
1665 1845 1850 1876 senatores

77 1897 233 1931 habebat
260 1897 324 1937 27,
360 1898 605 1941 protestantes
635 1896 676 1930 18
706 1896 814 1939 (Paul
841 1907 904 1929 ’1011
933 1896 1080 1939 stetten,
1118 1894 1334 1929 Geschichte
1369 1895 1440 1929 Der
1470 1894 1564 1928 Heil.
1591 1895 1690 1929 Rom.
1719 1895 1850 1929 Reichs

77 1951 217 1995 Freyen
244 1949 349 1984 Stadt
374 1950 570 1994 Augspurg
598 1949 832 1994 [Franckfurt
857 1949 928 1982 und
954 1948 1103 1993 Leipzig
1131 1948 1234 1991 1743]
1267 1960 1299 1992 p.
1328 1948 1407 1982 544.
1436 1949 1533 1991 549).
1584 1949 1694 1982 Recte
1730 1951 1849 1982 autem

78 2004 197 2038 Krafft
222 2006 364 2045 censet,
391 2003 602 2048 postremis,
639 2014 728 2047 quas
755 2014 863 2047 supra
890 2002 1012 2047 posui⁷
1046 2002 1167 2036 verbis
1192 2001 1467 2035 universitatem
1494 2001 1593 2035 illam
1620 2002 1708 2043 dici,
1744 2013 1851 2046 quam

81 2056 295 2092 Guilielmus
330 2056 402 2090 dux
437 2056 643 2090 iuliacensis
670 2055 866 2098 Dnisburgi
895 2054 1108 2099 (Duisburg)
1146 2054 1330 2099 pontificia
1365 2055 1579 2089 auctoritate
1614 2055 1765 2089 condere
1791 2067 1851 2089 vo-

79 2110 187 2145 lebat.
222 2110 342 2153 Atque
369 2109 526 2144 consiliis
553 2121 573 2143 a
593 2109 735 2143 Canisio
762 2108 914 2152 aliisque
934 2108 1045 2142 Sociis
1065 2107 1236 2142 cardinali
1254 2107 1364 2142 Hosio
1391 2107 1484 2142 datis
1503 2109 1670 2142 effectum
1697 2120 1784 2149 esse,
1811 2110 1852 2142 ut

80 2165 165 2198 tunc
192 2163 336 2207 quidem
363 2163 442 2197 duci
462 2163 604 2197 litterae
630 2162 844 2207 pontificiae,
871 2173 961 2206 quas
987 2161 1143 2206 petebat,
1170 2173 1240 2195 non
1257 2161 1496 2201 traderentur,
1523 2161 1631 2195 etiam
1650 2163 1700 2195 M.
1720 2163 1849 2195 Lossen

81 2217 212 2252 conicit
241 2216 377 2260 (Briefe
403 2228 472 2250 von
501 2218 668 2250 Andreas
687 2217 829 2250 Masius
853 2215 925 2249 und
953 2215 1076 2249 seinen
1094 2214 1281 2249 Freunden
1310 2215 1399 2249 1538
1425 2215 1480 2248 1113
1508 2215 1610 2258 1573,
1636 2215 1851 2259 herausgeg.

80 2283 115 2305 v.
142 2270 204 2304 Dr.
232 2271 322 2304 Max
340 2271 472 2304 Lossenf
501 2270 662 2314 [Leipzig
691 2268 795 2312 1886]
822 2281 856 2313 p.
881 2269 978 2311 344).
1013 2267 1137 2312 Neque
1164 2279 1229 2311 ego
1255 2279 1330 2301 rem
1356 2268 1528 2311 negarim,
1555 2267 1641 2302 licet
1665 2268 1701 2302 in
1720 2268 1853 2303 03111311

81 2323 227 2369 scriptis
263 2335 341 2358 eam
376 2326 611 2357 memoratam
646 2334 760 2366 usque
796 2322 913 2356 adhuc
938 2333 1007 2355 non
1034 2321 1196 2355 viderim.
1248 2320 1412 2355 Ceterum
1449 2333 1493 2355 ne
1520 2321 1682 2366 Dionysii
1710 2322 1853 2366 quidem

81 2389 189 2423 opera
215 2378 259 2411 ab
286 2389 327 2411 eo
344 2377 487 2421 negotio
514 2377 656 2410 omnino
683 2376 826 2416 aberat;
854 2374 1035 2420 pontificis
1059 2375 1152 2408 enim
1178 2374 1321 2409 litterae
1339 2374 1495 2408 maxime
1521 2377 1666 2420 propter
1684 2375 1852 2409 Ioannem

80 2431 325 2466 Monhemium
351 2432 614 2475 protestantem
633 2429 899 2469 differebantur,
926 2440 1032 2472 quem
1059 2428 1129 2462 dux
1149 2428 1224 2462 ludi
1244 2428 1567 2473 dusseldorpiensis
1592 2429 1852 2463 moderatorem

81 2485 141 2519 vel
183 2484 413 2519 sustentabat
449 2484 509 2518 vel
546 2483 763 2518 tolerabat¹.
815 2481 955 2523 Quanto
994 2483 1114 2516 autem
1157 2493 1237 2515 011111
1279 2481 1463 2524 religionis
1502 2482 1629 2516 damno
1666 2482 1702 2516 id
1741 2482 1853 2523 fieret,

81 2538 260 2573 Henricus
298 2537 494 2583 Dionysius
537 2539 573 2571 et
611 2536 824 2571 Franciscus
864 2535 1033 2570 costerus
1075 2534 1254 2577 „Censura
1294 2534 1515 2569 Coloniensi“
1558 2547 1588 2569 a.
1625 2535 1715 2570 1560
1758 2536 1853 2569 edita

83 2591 278 2627 catholicos
305 2593 413 2635 atque
440 2591 548 2625 etiam
575 2589 714 2624 concilii
740 2589 926 2623 tridentini
951 2588 1140 2631 theologos
1169 2588 1317 2632 (Lossen
1342 2588 1365 2622 1.
1393 2600 1422 2622 0.
1449 2601 1482 2633 p.
1510 2589 1717 2629 343—3443
1745 2600 1854 2633 supra

83 2657 117 2690 p.
144 2645 229 2689 557)
258 2645 484 2679 edocuerant.
538 2642 631 2677 Num
667 2643 809 2677 litteras
845 2654 864 2676 a
891 2641 1043 2676 Krafftio
1078 2642 1279 2686 propositas
1305 2641 1442 2676 Pollius
1474 2642 1678 2687 scripserit,
1714 2642 1855 2676 dubitat

84 2699 218 2732 Franc.
245 2699 379 2742 Jostes,
415 2696 543 2731 Daniel
569 2708 638 2731 von
666 2698 769 2731 Soest
798 2695 1018 2738 (Paderborn
1047 2694 1152 2738 1888)
1182 2706 1215 2739 p.
1244 2695 1287 2729 35
1298 2695 1320 2728 ³.
1372 2695 1442 2729 Eas
1468 2695 1598 2729 saltem
1625 2697 1668 2729 ab
1696 2695 1853 2729 eiusdem

203 2838 217 2852 ³
243 2833 339 2876 Vide,
367 2843 457 2876 quae
482 2832 546 2865 sub
574 2833 670 2874 ipsas
696 2831 761 2863 has
787 2832 925 2864 litteras
950 2834 1133 2863 notantur.

208 2967 218 2987 ¹
246 2966 468 3000 Ilffonhemc'us
502 2963 759 3008 Dusseldorpio
794 2963 850 2997 29.
878 2962 960 2996 Iulii
989 2963 1077 2997 1562
1114 2961 1301 2996 Μο10111011
1328 2961 1465 3004 Zanger
1500 2961 1664 3006 scripsit:
1700 2961 1854 2995 Iesuitas

87 3019 249 3054 Tridenti
276 3020 319 3053 de
345 3019 442 3053 fama
468 3030 534 3052 sua
560 3017 783 3056 detraxisse,
822 3018 858 3050 et
883 3016 1017 3050 curiam
1044 3027 1227 3049 romanam
1254 3015 1335 3048 duci
1361 3014 1547 3049 iuliacensi
1574 3014 1694 3059 ampla
1728 3015 1855 3048 offerre

86 3073 280 3118 privilegia
307 3071 532 3112 academica,
559 3070 749 3105 dummodo
774 3069 1019 3104 Monhemium
1045 3068 1242 3114 expelleret
1269 3068 1349 3111 (Fr.
1375 3069 1418 3102 Ε.
1445 3069 1643 3112 Romen-ey,
1672 3068 1855 3102 vIohannes

86 3126 269 3161 Monheim
294 3126 367 3159 und
394 3125 450 3159 die
476 3124 631 3164 Kolner,
667 3124 703 3157 in
733 3123 960 3165 „Zeitschrift
985 3123 1043 3156 fiir
1069 3121 1418 3156 wissenschaftliche
1444 3121 1673 3164 Theologie“‚
1710 3121 1854 3155 11013113-

87 3180 250 3224 gegeben
275 3190 346 3213 von
373 3179 442 3212 Ad.
470 3178 686 3222 Hilgenfeld,
712 3177 770 3210 42.
797 3176 922 3220 Jahrg.
950 3175 1109 3221 [Leipzig
1137 3174 1254 3219 1899]‚
1280 3187 1314 3220 p.
1343 3175 1558 3218 136—137).
