2093 3444
217 193 302 234 458
636 192 715 226 695.
753 190 919 226 Canisius
944 191 1076 226 Sancto
1101 192 1293 227 Francisco
1318 193 1471 237 Borgiae
1497 195 1565 229 etc.

334 307 375 341 In
403 309 566 341 extrema
591 309 695 352 parte
720 308 875 352 paginae
902 308 1052 342 alterius
1078 308 1205 342 harum
1223 308 1426 343 litterarum
1446 310 1504 344 vel
1522 311 1641 356 potius
1658 311 1765 346 huius
1783 311 1985 347 litterarum

216 361 350 406 partis,
377 372 486 395 manu
512 360 628 395 altera
655 372 768 405 eaque
796 361 955 395 eiusdem
982 362 1155 406 temporis
1180 363 1354 407 scriptum
1382 365 1456 397 est:
1498 363 1616 406 ⁷,Haec
1652 376 1718 408 ego
1744 376 1838 399 noua
1863 366 1986 411 accepi

216 426 237 448 a
255 414 294 448 P.
316 414 458 448 Canisio
484 416 672 459 postquam
703 414 928 448 obserassem
955 414 1026 448 iam
1052 414 1206 449 litteras.
1245 415 1310 449 T.·'²
1329 416 1370 450 R.
1399 417 1662 452 communicare
1688 429 1829 462 quoque
1855 419 1987 463 poterit

217 467 488 502 Coloniensibus
515 469 551 501 et
577 467 658 512 alijs
685 467 793 501 isthic
820 467 994 513 collegiis,
1021 470 1061 502 ut
1079 469 1230 502 ansamb
1248 469 1464 513 deprecandi
1483 469 1587 504 deum
1605 472 1775 505 maiorem
1793 472 1980 506 habeant.“

218 520 402 554 Canisium
429 522 551 554 autem
577 521 623 554 ad
642 520 784 555 Socium
812 520 969 565 aliquem
995 522 1031 555 in
1050 521 1245 556 Germania
1263 522 1454 566 degentem
1475 522 1531 566 (P.
1552 523 1783 558 Guilielmum
1801 524 1986 559 Elderen‘?

216 573 256 608 P.
283 573 515 608 Lambertum
541 574 668 608 Auer‘?
705 573 757 609 Cf.
786 574 879 608 infra
904 586 938 619 p.
957 574 1042 618 465)
1071 575 1163 609 hanc
1190 575 1383 620 epistulam
1411 576 1564 618 dedisse,
1591 589 1672 612 cum
1699 590 1744 612 ex
1769 578 1858 623 ipsis
1883 577 1984 613 hisce

216 626 348 668 verbis,
374 629 452 660 tum
479 639 523 661 ex
551 639 590 661 eo
618 627 737 670 colligi
766 629 896 672 potest,
924 627 1017 671 quod
1043 627 1100 662 hic
1127 628 1240 663 codex
1266 629 1350 662 olim
1377 629 1519 673 collegii
1538 630 1572 665 S.
1592 631 1625 665 J.
1652 631 1872 666 treverensis
1898 633 1986 666 erat.

216 680 348 715 Confer
373 680 481 714 etiam
510 683 709 714 extremam
745 682 884 725 partem
922 681 1098 726 epistulae
1125 682 1295 716 Tridento
1326 683 1379 717 14.
1408 681 1630 728 Septembris
1657 684 1748 718 1562
1783 696 1804 718 a
1829 684 1986 719 Polanco

217 733 261 767 ad
289 733 471 768 Canisium
499 733 615 767 datae.

335 786 433 828 Quae
452 786 617 821 Canisius
643 786 679 820 in
705 786 762 820 his
788 786 921 821 litteris
948 787 990 821 de
1016 787 1267 831 theologorum
1286 788 1450 823 Tridenti
1468 792 1769 833 congregatorum
1788 791 1986 825 eruditione

215 839 393 880 affirmat,
430 839 686 874 confirmantur
711 839 905 885 *Epistula
943 839 1114 885 (nondum
1151 842 1244 886 quod
1280 842 1445 886 equidem
1480 843 1592 877 sciam
1628 843 1777 888 excusa)
1813 855 1834 878 a
1859 845 1986 878 Iacobo

216 894 384 927 Andreae
424 892 718 936 (Schmidelino),
763 893 1013 928 universitatis
1050 895 1280 938 tubingensis
1319 895 1778 939 cancellariolutherano,
1821 897 1986 941 Tubinga

215 947 272 981 29.
300 946 391 980 Iunii
421 947 510 980 1563
537 946 581 980 ad
610 946 874 981 Hartmannum
901 947 1037 992 Beyer,
1074 948 1300 982 Francofurti
1328 949 1372 983 ad
1399 949 1565 983 Moenum
1593 950 1871 995 protestantium
1907 962 1986 985 con-

214 1000 428 1034 tionatorem
456 1002 634 1043 agentem,
661 1000 756 1042 data,
784 1012 853 1045 qua
878 1001 1041 1035 Andreae
1069 1001 1223 1035 amicum
1250 1003 1411 1046 rogabat,
1436 1004 1477 1037 ut
1503 1002 1537 1036 in
1564 1003 1655 1038 libro
1681 1003 1834 1048 quodam
1861 1006 1987 1038 contra

216 1053 361 1087 decreta
386 1053 583 1087 tridentina
609 1065 630 1087 a
656 1065 695 1087 se
722 1054 939 1099 composito,
975 1054 1036 1098 qui
1071 1056 1157 1089 tunc
1193 1055 1419 1090 Francofurti
1454 1056 1553 1101 typis
1588 1057 1877 1099 exscribebatur,
1916 1057 1987 1091 cito

217 1106 392 1151 quaedam
418 1108 595 1141 mutaret:
626 1107 803 1148 „Memini‚
829 1119 885 1141 me
909 1108 1039 1142 alicubi
1058 1108 1259 1153 scripsisse,
1286 1108 1415 1144 Patres
1434 1110 1584 1144 Concilii
1604 1122 1683 1145 esse
1701 1110 1987 1152 indoctissimos;

216 1160 250 1194 id
277 1160 419 1194 omnino
445 1160 635 1194 delendum
662 1161 740 1195 erit.
776 1161 891 1195 Audio
919 1161 1022 1202 enim,
1051 1174 1091 1195 eo
1118 1162 1261 1196 venisse
1289 1163 1515 1198 doctissimos
1541 1164 1657 1198 viros“
1690 1163 1752 1208 (ex
1778 1163 1985 1209 archetypo,

216 1214 310 1258 quod
337 1215 392 1248 est
418 1213 645 1249 Francofurti
671 1215 716 1248 ad
742 1214 909 1248 Moenum
936 1216 971 1248 in
999 1215 1215 1250 bibliotheca
1241 1216 1409 1260 urbana).

1036 1333 1167 1375 (395.

952 1426 1080 1474 CAN
1086 1426 1250 1474 ISIUS

545 1523 825 1567 SANCTO
859 1524 1268 1569 FRANCISGO
1303 1525 1659 1580 BORGIAE,

865 1607 999 1641 vicario
1027 1606 1220 1642 Societatis
1247 1607 1338 1648 Iesu,

663 1689 981 1745 EIUSQUE
1016 1690 1538 1734 CONSILIARIIS.

858 1786 1030 1823 Tridento
1059 1788 1090 1823 8.
1117 1786 1212 1823 Iunii
1238 1786 1333 1823 1562.

334 1869 388 1903 Ex
415 1869 621 1914 apographo
647 1871 783 1904 recenti
812 1871 892 1914 (A),
919 1871 1011 1915 quod
1040 1883 1085 1905 ex
1111 1871 1336 1917 autographo
1365 1871 1565 1917 (inscriptio
1591 1871 1706 1906 altera
1732 1883 1840 1906 manu
1867 1872 1985 1917 posita

215 1922 300 1966 est),
326 1922 361 1956 in
389 1923 463 1956 cod.
497 1922 555 1965 „1⁴2
583 1923 620 1958 C.
650 1923 682 1957 [⁸⁴
714 1924 737 1958 f.
765 1925 832 1959 313
860 1927 896 1958 et
922 1936 976 1969 sq.
1003 1936 1082 1959 non.
1110 1925 1203 1968 sign.
1234 1925 1282 1969 (n.
1314 1926 1395 1969 111)
1424 1925 1551 1970 posito,
1578 1925 1800 1970 exscriptum
1827 1927 1892 1960 est.

333 1975 464 2010 Exstat
491 1976 599 2010 etiam
631 1977 785 2011 alterum
821 1977 1069 2023 apographum
1099 1978 1181 2023 (B),
1215 1979 1308 2023 quod
1344 1979 1410 2013 sub
1446 1990 1476 2014 a.
1507 1979 1597 2014 1860
1624 1980 1772 2013 curante
1797 1980 1911 2013 Boero
1938 1990 1982 2013 ex

213 2029 437 2074 autographo
464 2030 686 2075 exscriptum
712 2033 778 2065 est.

332 2083 497 2127 Epistula
524 2084 577 2117 usi
603 2085 689 2118 sunt
714 2085 843 2119 Mic-leel
868 2085 891 2118 1.
919 2096 947 2119 c.
975 2097 1008 2130 p.
1035 2085 1223 2120 258—259
1251 2087 1286 2119 et
1312 2086 1427 2119 Kross
1452 2085 1473 2119 l.
1501 2097 1531 2120 c.
1558 2097 1590 2130 p.
1619 2086 1695 2120 149.

333 2160 377 2193 Se
403 2160 499 2193 brec-2·
527 2162 749 2204 Oenipontem
777 2163 824 2194 ad
848 2162 986 2195 scholas
1010 2162 1223 2204 aperiendas
1248 2163 1457 2196 rediturum.
1512 2163 1678 2206 Quaerit,
1710 2167 1830 2196 utrum
1855 2163 1982 2196 deinde

212 2214 356 2256 colleqia
384 2215 534 2247 invisere
559 2225 607 2247 (ιη
634 2216 833 2258 Augustam
860 2217 897 2248 in
922 2220 1118 2259 snyyestum
1144 2216 1217 2247 iam
1243 2216 1415 2248 desertum
1441 2216 1560 2249 redire
1585 2216 1714 2249 debeat.
1749 2217 1917 2249 Rationes
1942 2217 1980 2249 in

210 2271 398 2310 ‘atramque
416 2272 560 2310 partem
578 2270 760 2311 proponit,
781 2280 850 2312 per
877 2270 994 2301 omnia
1018 2269 1178 2302 oboedire
1196 2273 1362 2312 paratas.
1402 2269 1547 2302 Veniam
1567 2270 1667 2313 petit,
1693 2270 1786 2313 qaod
1812 2270 1849 2302 in
1868 2269 1980 2303 Sociis·

205 2320 367 2362 petendis
404 2322 538 2354 nimius
573 2322 706 2364 fuerit,
749 2326 779 2354 et
817 2323 858 2355 cle
894 2323 1012 2355 missis
1046 2322 1186 2365 yaudet.
1238 2322 1291 2355 De
1327 2322 1461 2366 aliquot
1501 2322 1687 2356 Sociorum
1729 2323 1978 2356 inconstantia.

211 2373 250 2406 P.
270 2374 460 2406 Victoriam
482 2376 688 2417 praeposito
710 2376 928 2418 provinciali
955 2375 1045 2408 nihil
1062 2376 1223 2419 scribere,
1250 2376 1445 2409 rectoribus
1468 2376 1662 2409 molestiam
1687 2377 1828 2419 afferre.
1872 2376 1978 2417 Quem

214 2426 382 2459 Canis-ius
407 2433 550 2460 excusat
576 2432 605 2460 et
631 2429 679 2461 ad
705 2429 847 2472 colleyia
874 2429 1108 2471 reformanda
1133 2429 1298 2463 adhibere
1316 2433 1474 2472 paratus
1499 2433 1557 2462 est.

1080 2512 1107 2563 †

585 2592 679 2635 Pax
711 2593 869 2636 Christi
900 2593 1124 2636 nobiscum
1155 2594 1400 2636 Reuerendi
1432 2594 1600 2636 Patres.

327 2672 568 2727 Trigesimo
610 2675 678 2717 die
709 2675 812 2730 Maij
846 2676 1031 2731 scriptas
1073 2676 1220 2731 accepi
1262 2691 1357 2718 cum
1390 2676 1508 2730 alijs‚
1552 2690 1659 2730 quas
1691 2676 1837 2719 Jllust.
1871 2676 1975 2719 Car-

209 2737 364 2780 dinalis
395 2738 679 2792 Augustanus
711 2740 829 2784 misit
859 2741 903 2783 in
936 2741 1117 2783 eandem
1148 2741 1411 2784 sententiam
1446 2740 1645 2783 nimirum
1678 2743 1727 2784 vt
1758 2740 1857 2783 hinc
1889 2742 1974 2784 cito

208 2802 428 2845 discedere
468 2806 670 2858 satagam
686 2806 714 2848 1.
778 2806 949 2849 Contuli
989 2806 1212 2860 negotium
1254 2820 1350 2848 cum
1386 2806 1438 2849 R.
1472 2806 1518 2849 Ρ.
1554 2806 1858 2857 Salmerone2‚
1902 2805 1974 2859 qui

326 2945 340 2959 ³
369 2940 493 2981 Quart.
520 2941 620 2974 haud
644 2945 756 2974 recte:
781 2939 818 2974 F.
917 2940 932 2961 ¹³
958 2939 1118 2974 animum
1147 2941 1210 2982 Qu.

328 3062 337 3081 ¹
366 3061 419 3095 Cf.
446 3061 552 3103 infra,
578 3073 734 3096 monum.
761 3062 841 3096 360.

325 3114 338 3134 ²
363 3114 516 3158 Borgias
542 3115 690 3159 eiusque
716 3114 911 3149 consiliarii
937 3115 993 3150 30.
1019 3114 1106 3148 Maii
1133 3113 1275 3149 Canisio
1302 3114 1532 3160 scripserant,
1557 3113 1675 3159 ipsum
1701 3124 1744 3147 ea
1768 3113 1805 3146 in
1830 3125 1868 3147 re
1894 3113 1969 3148 Sal-

204 3167 361 3201 meronis
385 3167 603 3202 sententiam
629 3168 732 3212 sequi
757 3179 882 3212 posse3
910 3167 992 3202 vide
1018 3179 1127 3213 supra
1152 3179 1185 3213 p.
1211 3168 1292 3202 452.
