2093 3444
532 171 697 215 Augusta
722 169 990 205 Vindelicorum
1020 169 1075 204 15.
1102 168 1285 202 Februarii
1314 169 1416 204 1561.
1799 173 1854 213 55

207 287 367 341 Pregai
398 302 438 330 V.
472 302 505 329 r.
549 301 627 341 per
671 288 785 330 altra
830 287 951 328 uolta
997 286 1034 327 d'
1070 285 1205 327 hauer
1250 286 1293 327 la
1339 286 1717 328 communicationi
1759 288 1860 329 delli

88 353 232 396 meriti
263 367 341 407 per
372 352 403 393 11
435 353 609 405 signore
641 352 692 394 D.
728 353 898 401 Bruno,
943 351 1064 392 Hora
1095 364 1230 404 prego
1272 364 1349 404 per
1381 350 1409 391 il
1443 351 1676 394 medesimo
1710 353 1859 395 effetto

88 420 132 461 in
164 419 354 473 gratia-m
387 417 585 459 dominae
623 417 804 458 Vrsulae
833 415 1087 458 Comitissae
1127 415 1166 457 di
1199 415 1525 458 Liechtenstain
1559 421 1758 460 consorte
1791 418 1859 459 del

88 485 262 538 signore
287 482 464 536 Giorgio
487 483 702 535 Fuggero,
736 483 779 523 13
813 482 940 535 quale
963 481 1119 523 merita
1153 483 1305 534 questo
1329 480 1494 530 fauore,
1528 481 1711 524 facendo
1734 485 1859 525 tanto

87 549 216 592 buoni
258 548 424 601 seruitij
470 548 556 589 alla
598 547 856 601 compagnia
890 546 983 599 qui,
1031 549 1075 588 et
1117 560 1294 600 apresso
1327 545 1356 587 11
1389 546 1565 598 grandi,
1613 547 1690 588 che
1724 548 1860 589 anche

88 615 246 657 scrisse
279 614 318 655 al
353 612 580 655 Cardinale
612 626 690 666 per
723 612 955 654 001111110131
988 611 1055 665 qui
1092 625 1177 652 11113
1219 625 1320 652 0353
1362 625 1439 664 per
1471 612 1512 653 13
1558 612 1858 666 compagnia1.

207 678 490 721 Desideramo
525 677 660 719 anche
694 677 736 719 13
769 677 913 730 gratia
947 677 998 718 de
1032 677 1225 718 ciborum
1249 676 1431 726 delectu,
1468 691 1545 730 per
1578 677 1655 718 che
1683 692 1767 719 non
1791 692 1861 719 53-

88 759 214 799 pemo
247 744 341 798 piu,
387 757 434 784 se
466 757 552 784 non
595 743 672 784 che
704 742 750 783 fu
793 742 946 785 scritto
988 742 1030 783 in
1065 755 1246 795 genere,
1291 741 1368 783 che
1410 741 1483 794 gia
1525 756 1599 784 era
1641 756 1861 786 concessa.

89 810 201 853 Item
234 809 370 851 circaa
404 808 653 861 catalogum
685 807 905 849 librorum.
953 807 1068 849 Jtem
1105 820 1150 848 se
1182 806 1421 860 pottiamob
1445 805 1506 861 [9]
1539 821 1616 861 per
1647 807 1690 848 13
1722 808 1862 862 prima

89 889 196 917 uera
226 874 411 916 mandat·
444 873 584 926 alcunj
619 886 696 926 per
727 872 757 913 il
791 872 972 925 collegio
1006 871 1244 922 Tudescho‚
1288 885 1408 913 come
1442 871 1696 913 desiderano
1731 872 1860 926 quellj

89 940 130 982 di
162 940 321 993 Praga.
356 938 599 988 Monachio,
635 940 678 979 et
711 937 1002 990 Jngolstadio.

208 1006 252 1048 Jl
279 1004 461 1058 Signore
495 1003 533 1045 ci
567 1002 636 1044 dia
669 1016 747 1044 sua
779 1005 908 1044 santa
940 1002 1085 1055 gratia
1109 1003 1152 1044 in
1176 1005 1330 1055 questa
1353 1005 1481 1044 santa
1504 1002 1862 1055 quadragessima

89 1085 166 1126 per
198 1069 411 1123 agiutarsi
443 1067 514 1109 noi
547 1070 590 1110 et
624 1068 650 1109 l’
671 1067 772 1110 altri
814 1068 884 1109 nel
918 1082 994 1109 suo
1029 1082 1076 1111 ,5.
1110 1067 1303 1110 501111110.
1367 1067 1489 1110 Τ11111
1532 1067 1566 1109 01
1610 1081 1862 1109 raccoman-

90 1136 233 1178 diamo
256 1135 391 1178 molto
418 1133 520 1175 nelli
556 1148 601 1176 .S.
637 1133 830 1187 sacrifitij
866 1136 910 1175 et
933 1133 1117 1186 orationj
1152 1133 1193 1174 di
1226 1147 1266 1176 V.
1300 1148 1333 1176 r.
1369 1136 1412 1175 et
1434 1133 1540 1175 tutti
1572 1133 1602 1174 11
1634 1132 1769 1186 padri.
1820 1132 1862 1174 di

87 1202 291 1255 Augusta
326 1201 409 1243 .15.
446 1199 487 1240 di
520 1199 712 1240 Febraro
750 1200 876 1240 1561.

977 1257 1138 1300 80111115
1170 1258 1214 1299 111
1247 1257 1416 1300 Christo
1449 1257 1495 1300 P.
1531 1257 1742 1300 Canisius.

209 1342 380 1384 Jhesus.
437 1340 695 1382 Reuerendo
730 1340 961 1382 admodum
993 1339 1037 1380 in
1071 1339 1231 1382 christo
1253 1340 1310 1383 M.
1335 1340 1500 1382 Jacobo
1523 1340 1696 1393 Laynez
1730 1339 1861 1381 Prae-

89 1407 232 1463 posito
267 1406 470 1449 Generali
503 1405 736 1448 8001013115
769 1406 875 1447 Jesu
1562 1405 1740 1447 Romae.

210 1551 311 1585 Alias
329 1550 370 1585 R.
390 1550 432 1585 V.
452 1551 589 1595 rogavi,
617 1552 655 1584 ut
682 1550 835 1591 litteras,
863 1550 992 1594 quibus
1011 1550 1175 1583 dominus
1192 1549 1234 1583 D.
1256 1550 1398 1584 Brunus
1424 1550 1632 1584 meritorum
1659 1552 1863 1583 nostrorum

90 1605 273 1650 particeps
299 1604 411 1645 fieret,
437 1604 527 1638 mihi
552 1605 723 1638 mitteret.
767 1604 870 1638 Nunc
898 1606 1016 1638 autem
1045 1603 1137 1637 idem
1166 1605 1247 1648 peto
1274 1603 1310 1637 in
1336 1604 1490 1646 gratiam
1518 1604 1681 1638 dominae
1708 1603 1863 1638 Ursulae

91 1658 296 1693 comitissae
323 1658 366 1692 de
391 1657 659 1698 Lichtenstein,
696 1657 859 1700 coniugis
886 1657 1017 1691 domini
1045 1656 1189 1700 Georgii
1215 1657 1391 1700 Fuggeri,
1419 1669 1510 1701 quae
1536 1656 1747 1691 beneficium
1774 1656 1862 1690 illud

88 1714 248 1746 meretur
274 1711 419 1756 optimis
445 1711 583 1752 officiis,
612 1723 702 1755 quae
722 1710 892 1745 Societati
918 1711 975 1745 hic
1004 1712 1040 1744 et
1065 1711 1158 1755 apud
1185 1722 1351 1755 proceres
1377 1712 1539 1755 praestat
1565 1711 1662 1751 adeo,
1690 1712 1730 1744 ut
1756 1710 1863 1744 etiam

91 1777 112 1799 a
138 1765 312 1800 cardinali
338 1777 402 1810 per
426 1765 570 1799 litteras
596 1764 750 1810 petierit,
778 1767 819 1798 ut
845 1764 1035 1798 Societatis
1063 1764 1187 1798 domus
1213 1764 1272 1798 hic
1297 1764 1560 1798 incoharetur¹.

211 1818 375 1853 Gratiam
403 1830 564 1863 quoque,
592 1830 684 1862 quae
711 1819 753 1852 de
781 1818 940 1852 ciborum
966 1817 1107 1851 delectu
1135 1820 1199 1858 est,
1227 1818 1390 1862 accipere
1417 1818 1598 1862 cupimus3
1626 1829 1742 1862 neque
1769 1816 1864 1850 enim

89 1872 171 1917 plus
198 1872 434 1915 cognovimus
461 1884 568 1916 quam
597 1872 690 1916 quod
716 1871 885 1905 universe
911 1871 1018 1905 istinc
1036 1871 1210 1915 scriptum
1238 1873 1311 1905 est:
1340 1883 1418 1905 eam
1444 1883 1651 1906 concessam
1675 1871 1746 1904 iam
1773 1881 1862 1904 esse.

91 1925 192 1960 Scire
219 1925 327 1960 etiam
356 1925 538 1971 cupimus,
576 1925 659 1970 quid
687 1925 729 1959 de
765 1924 929 1967 catalogo
964 1925 1135 1958 librorum
1172 1936 1381 1958 concessum
1415 1925 1481 1966 sit,
1519 1927 1555 1958 et
1588 1936 1672 1958 num
1699 1923 1864 1969 proximo

90 1990 177 2013 vere
203 1979 342 2023 aliquot
376 1979 526 2013 iuvenes
561 1979 597 2012 in
633 1978 823 2021 collegium
851 1978 1095 2022 germanicum
1130 1977 1275 2012 mittere
1305 1977 1407 2012 nobis
1433 1977 1560 2019 liceat,
1596 1978 1632 2012 id
1659 1977 1753 2021 quod
1779 1977 1863 2011 Pra-

89 2044 232 2076 gemes,
259 2033 506 2074 Μο1130011505,
536 2032 842 2076 Ingolstadienses
869 2031 1085 2065 desiderant.

210 2086 384 2120 Dominus
410 2089 574 2120 sanctam
593 2086 748 2130 gratiam
775 2097 877 2119 suam
904 2085 940 2118 in
966 2085 1035 2118 hac
1060 2096 1163 2118 sacra
1183 2083 1466 2128 Quadragesirna
1492 2084 1594 2119 nobis
1619 2084 1765 2125 tribuat,
1793 2095 1864 2128 qua

92 2142 129 2174 et
162 2151 227 2174 nos
262 2142 299 2174 et
334 2142 474 2174 ceteros
510 2141 545 2174 in
580 2142 705 2174 sancto
740 2139 920 2173 famulatu
955 2150 1019 2172 suo
1054 2138 1252 2183 provehere
1288 2139 1477 2183 possimus.
1529 2138 1662 2172 Omnes
1688 2138 1730 2172 R..
1757 2137 1800 2171 V.
1829 2139 1865 2171 et

90 2193 247 2227 omnium
282 2196 426 2238 patrum
465 2193 602 2227 sanctis
640 2192 828 2227 sacrificiis
864 2194 900 2226 et
934 2191 1153 2226 orationibus
1189 2191 1420 2226 vehementer
1458 2203 1522 2226 nos
1561 2191 1862 2225 commendamus.

89 2248 257 2290 Augusta
285 2247 340 2281 15.
365 2246 552 2280 Februarii
582 2247 682 2281 1561.

1177 2292 1311 2327 Servus
1338 2292 1373 2326 in
1401 2292 1543 2327 Christo
1570 2292 1610 2326 P.
1638 2292 1814 2327 Canisius.

210 2341 312 2376 Iesus
337 2342 431 2385 [etc.,
458 2345 498 2375 ut
522 2342 667 2385 supra]

210 2422 322 2459 Nota:
357 2423 414 2457 Ex
448 2423 516 2457 hac
552 2422 706 2468 epistula
732 2442 777 2445 —
804 2425 913 2466 atque
949 2422 1057 2456 etiam
1093 2435 1138 2456 ex
1166 2422 1299 2456 Canisii
1334 2422 1467 2456 litteris
1502 2422 1531 2456 1.
1558 2421 1743 2455 Februarii
1772 2420 1860 2455 1561

92 2477 136 2511 ad
163 2476 327 2511 Lainium
354 2477 448 2511 datis
475 2496 518 2500 ——-
547 2476 654 2510 facile
680 2475 922 2519 intellegitur.
958 2478 1119 2510 veterem
1149 2475 1249 2510 illum
1277 2475 1418 2519 collegii
1444 2474 1738 2518 ingolstadiensis
1764 2475 1864 2508 *Hi-

89 2533 261 2565 storicum
287 2542 437 2572 errasse,
465 2541 545 2564 cum
565 2530 772 2563 Hermetem
793 2529 979 2574 Halbpaur
1004 2529 1076 2562 iam
1097 2541 1127 2563 a.
1150 2530 1239 2564 1559
1264 2529 1298 2563 in
1325 2528 1563 2563 universitate
1590 2527 1864 2571 ingolstadiensi

90 2584 354 2630 philosophiam
380 2583 573 2618 tradidisse
609 2583 783 2617 scriberet
812 2583 911 2626 (Cod.
938 2584 1086 2628 eystett.
1142 2582 1254 2624 ἢ11151.
1282 2582 1361 2616 0011.
1388 2583 1484 2626 Ing.“
1515 2594 1549 2628 p.
1577 2582 1651 2625 10).
1701 2582 1864 2616 Eundem

92 2649 248 2672 errorem
278 2637 339 2681 (ex
364 2636 432 2670 hac
459 2636 629 2676 historia,
656 2638 695 2669 ut
722 2636 881 2679 videtur)
910 2635 1060 2681 protulit
1086 2637 1249 2670 Illederer
1274 2635 1297 2670 1.
1325 2647 1353 2670 0.
1382 2636 1415 2675 Ι,
1443 2635 1511 2670 258
1538 2638 1573 2669 01
1601 2636 1664 2679 (ex
1689 2635 1863 2675 Mederer,

91 2693 133 2725 ut
158 2690 317 2734 videtur)
355 2690 531 2735 prompsit
560 2691 643 2724 Car.
670 2690 820 2733 Pramz,
856 2689 1074 2724 Geschichte
1111 2690 1173 2723 der
1207 2689 1866 2732 Ludwig-Maximilians-Universitat

91 2744 128 2778 in
163 2743 385 2787 Ingolstadt,
422 2742 627 2784 Landshut,
663 2742 843 2776 Mfinchen
870 2743 886 2776 Ι
925 2742 1120 2785 (Miinchen
1149 2742 1276 2785 1872),
1313 2742 1393 2777 228.
1445 2742 1615 2777 Similiter
1649 2742 1772 2787 lapsus
1808 2744 1865 2776 est

91 2799 139 2832 K.
158 2799 205 2831 H.
224 2798 267 2831 R.
297 2808 360 2830 ron>
378 2798 494 2840 Lrtny,
521 2796 738 2831 Geschichte
766 2796 828 2830 der
856 2796 1019 2830 Jesuiten
1045 2796 1081 2830 in
1100 2796 1228 2830 Baiern
1250 2795 1457 2840 (Nurnberg
1477 2796 1582 2839 1819)
1609 2808 1642 2840 p.
1663 2796 1861 2830 101—102.

211 2849 357 2884 Lainius
384 2849 525 2884 Canisio
551 2861 615 2894 per
641 2849 836 2884 Polancum
863 2849 1049 2894 rescripsit
1077 2850 1105 2883 1.
1134 2849 1256 2883 Martii
1285 2849 1386 2883 1561.

212 2979 227 2994 ³
254 2973 328 3007 cira
355 2974 399 3007 A.
499 2973 513 2992 ¹³
540 2973 599 3007 Sic
626 2974 683 3015 A,·
708 2972 916 3017 potriamo?
938 2973 992 3006 B:
1016 2971 1207 3017 possiamo.

216 3098 226 3117 ¹
252 3096 338 3131 Otto
365 3095 558 3130 cardinalis
584 3095 820 3139 Augustanus
847 3094 981 3129 Rornae
1007 3096 1093 3129 tunc
1120 3094 1285 3139 degebat.
1336 3095 1388 3129 De
1414 3095 1547 3130 Ursula
1573 3095 1741 3138 Fuggera
1779 3095 1861 3130 vide

92 3148 198 3191 infra,
224 3161 380 3184 monum.
409 3149 488 3184 268.
516 3148 595 3183 288.
622 3149 702 3183 304.
