2093 3444
203 198 282 238 140
850 194 929 228 554.
968 193 1134 228 Canisius
1160 194 1224 228 Pio
1251 194 1312 228 lV.

315 309 448 344 Exstat
475 309 584 344 etiam
611 309 765 344 alterum
792 309 1041 355 apographum
1071 310 1153 353 (Β),
1188 309 1255 344 sub
1282 321 1313 343 a.
1344 309 1434 345 1860
1461 313 1609 346 curante
1635 313 1750 346 Boero
1776 323 1822 346 ex
1848 312 1970 347 eodem
2032 327 2033 330 ¹
2060 323 2061 326 ’

196 363 394 408 archetypo
421 363 657 408 exscriptum.

315 417 420 451 Prius
456 416 634 461 epistulae
669 418 778 462 caput
807 416 937 461 (usque
974 417 1017 451 ad
1050 417 1265 458 „Praeterea
1291 416 1483 451 debemus“
1514 420 1581 452 etc.
1609 417 1717 462 excl.)
1755 421 1972 464 posuerunt:

196 471 402 514 Sao—omnus,
431 470 517 504 Can.
545 482 576 515 p.
607 470 812 510 185—186;
840 472 968 514 Boero,
996 470 1081 504 Can.
1109 482 1142 515 p.
1169 470 1357 504 237—238
1387 469 1561 514 (italice);
1589 472 1719 505 Mc‘chel
1743 472 1767 506 l.
1795 484 1824 506 c.
1850 484 1884 518 p.
1903 473 1971 507 252

199 523 383 567 (gallice);
410 525 510 557 Bz'ess
535 523 558 557 l.
586 536 614 558 c.
644 536 676 569 p.
704 523 894 558 283—284
923 523 1184 568 (germanice);
1212 523 1284 558 alii.

317 602 389 634 Pro
417 601 544 634 litteris
570 602 618 634 ad
642 612 677 634 se.
711 601 805 634 datis
841 605 871 633 et
895 601 1129 643 facultatibus
1156 601 1324 634 Societati
1358 603 1528 635 concessis
1551 604 1690 645 ¹qratz'as
1716 604 1800 647 ayit.
1853 603 1974 636 Socios

199 655 462 688 Germanorum
491 656 644 687 omnium
672 655 748 687 sedi
773 655 986 697 apostolicae
1004 655 1309 688 conciliandorum
1331 657 1455 697 yratia
1473 656 1577 688 eliam
1594 658 1804 699 sanquinem
1819 657 1974 699 fundere

195 709 326 742 debere.
361 708 565 749 Pontificem
593 712 706 751 royat,
736 713 771 741 ut
797 708 867 741 sibe·
891 709 1141 752 sodalibusque
1167 708 1435 742 benedictionem
1464 710 1693 752 apostolicam
1717 710 1974 754 amplioresque

193 762 381 804 facultates
409 763 597 805 impertiat.

865 910 1124 952 Beatissime
1157 910 1302 953 Pater.

314 998 590 1041 Immortales
632 1013 715 1052 ago
749 999 997 1053 debeoque³
1039 999 1228 1052 gratias,
1273 999 1386 1052 quod
1419 998 1641 1042 Sanctitas
1674 1002 1845 1051 vestra,
1889 1014 1973 1053 qua

194 1063 298 1105 nihil
340 1064 385 1105 in
416 1064 546 1106 terris
587 1067 655 1107 est
687 1064 933 1115 sublimius,
977 1064 1031 1106 ad
1072 1078 1141 1106 me
1183 1064 1380 1117 quamuis
1421 1064 1626 1117 exiguum
1669 1068 1713 1108 et
1749 1065 1973 1119 indignum

193 1129 346 1172 literas
380 1130 483 1171 dare
516 1144 727 1183 suumque
750 1130 959 1172 famulum
982 1132 1050 1172 tot
1075 1129 1214 1171 modis
1237 1143 1436 1171 recreare
1469 1129 1649 1182 dignata
1683 1133 1762 1173 est.
1806 1130 1973 1173 Bene-

195 1195 379 1237 dictus
413 1195 577 1246 Deus,
622 1199 675 1238 et
710 1196 876 1237 Pater
917 1195 1129 1237 Domini
1171 1195 1352 1237 nostri
1391 1195 1558 1237 JESV
1591 1195 1857 1246 Christil,
1901 1195 1973 1250 qui

194 1260 437 1302 admirabili
470 1260 625 1315 spiritu
658 1275 735 1303 suo
769 1264 860 1303 tam
884 1263 1100 1314 potenter,
1135 1274 1264 1313 quam
1288 1260 1482 1302 suauiter
1505 1264 1712 1314 operatur
1733 1261 1776 1302 in
1809 1261 1973 1304 sancti-

194 1329 288 1368 tate
320 1328 492 1376 vestra,
536 1329 584 1368 ut
617 1326 756 1368 eidem
790 1340 920 1367 curae
952 1326 1009 1368 sit
1042 1340 1126 1367 11011
1169 1325 1295 1367 modo
1330 1325 1549 1378 generalis
1582 1326 1805 1368 Ecclesiae
1837 1326 1973 1369 totius

193 1391 528 1442 administratio,
565 1406 714 1433 uerum
738 1391 870 1434 etiam
892 1391 1096 1446 specialis
1119 1391 1244 1432 huius
1268 1390 1552 1433 Germanicae
1567 1390 1581 1410 ¹³
1607 1391 1808 1442 nationis,
1842 1392 1972 1434 adeo-

194 1464 302 1510 queu
334 1456 534 1500 Ciuitatis
568 1457 853 1510 Augustanae
886 1456 1120 1499 restitutio.
1186 1456 1362 1498 Vtinam
1397 1470 1500 1498 uero
1533 1470 1624 1506 nos,
1665 1457 1737 1510 qui
1770 1457 1972 1500 minimae

194 1522 420 1564 societatis
453 1523 593 1565 JESV
627 1522 905 1564 Professores
948 1522 990 1563 in
1022 1522 1104 1563 hac
1139 1521 1398 1564 Germanica
1431 1535 1570 1564 messe
1608 1524 1676 1564 tot
1707 1522 1845 1564 modis
1878 1536 1973 1565 cor-

194 1590 323 1642 rupta
356 1602 595 1638 uersamur,
631 1587 796 1631 utinam
819 1587 992 1641 inquam
1018 1587 1061 1628 in
1085 1587 1268 1629 Domino
1297 1586 1339 1628 id
1364 1589 1562 1641 prestare
1584 1601 1823 1641 possemus,
1858 1588 1972 1642 quod

194 1653 431 1708 praeclaris
465 1653 725 1696 Sanctitatis
760 1657 934 1696 vestrae
976 1652 1089 1695 uotis
1123 1666 1311 1706 uereque
1344 1652 1539 1706 paternis
1580 1652 1755 1695 monitis
1794 1652 1972 1706 dignum

194 1732 290 1760 esse
322 1718 536 1762 uideatur.
600 1719 677 1761 Jta
709 1720 834 1761 fieret
866 1732 984 1769 sane,
1019 1721 1067 1760 ut
1098 1719 1205 1760 haec
1238 1718 1332 1772 ipsa
1365 1717 1524 1759 Christi
1557 1717 1683 1760 uinea
1717 1733 1800 1761 non
1832 1719 1972 1760 solum

195 1798 220 1826 a
252 1784 392 1826 feris
426 1787 479 1827 et
510 1784 658 1838 lupis
691 1784 1036 1838 rapacibus2‚
1072 1783 1208 1836 quiin
1241 1785 1406 1825 eatam
1430 1783 1502 1825 diu
1524 1786 1701 1836 tamque
1731 1783 1972 1838 perniciose

193 1852 474 1902 grassantur,
520 1849 836 1891 uindicaretur:
883 1849 1170 1891 uerumetiam
1212 1862 1378 1890 summo
1411 1848 1582 1902 Pastorj
1625 1863 1725 1900 suo,
1769 1852 1813 1891 et
1845 1848 1970 1891 unico

194 1915 238 1956 in
269 1915 399 1957 terris
432 1915 589 1957 Christi
624 1915 820 1966 Vicario,
864 1914 1140 1967 eiusdemque
1183 1913 1284 1968 ouilj
1319 1913 1602 1968 Apostolico3
1644 1914 1795 1957 statim
1830 1917 1874 1957 et
1905 1914 1971 1956 in-

193 1984 319 2034 tegre
352 1980 671 2023 restitueretur.
716 1980 783 2022 Ad
817 1994 947 2033 quam
980 1993 1070 2021 rem
1104 1993 1230 2021 curas
1253 1979 1425 2032 quidem
1458 1982 1502 2022 et
1532 1993 1687 2034 operas
1711 1993 1860 2021 omnes
1892 1979 1970 2022 ha-

195 2046 346 2088 bemus
369 2045 576 2100 polliceri,
611 2045 806 2099 adeoque
840 2045 975 2087 uitam
998 2045 1137 2099 ipsam
1172 2047 1215 2086 et
1237 2044 1492 2098 sanguinem
1526 2045 1580 2086 ad
1611 2059 1742 2086 unum
1766 2045 1970 2087 debemus

194 2111 470 2165 profundere,
505 2111 763 2165 praesertim
797 2111 832 2152 si
865 2109 1147 2164 professionis
1180 2113 1356 2152 nostrae
1372 2111 1401 2160 4,
1436 2112 1479 2152 et
1510 2109 1636 2152 huius
1668 2109 1970 2152 sanctissimae

196 2176 310 2218 sedis
353 2177 568 2219 rationem
601 2176 789 2219 debitam
824 2176 985 2217 habere
1019 2175 1222 2217 uelimus:
1267 2175 1343 2217 sed
1385 2175 1495 2217 enim
1531 2177 1580 2218 ut
1611 2175 1861 2218 uoluntates
1893 2189 1970 2217 no-

196 2244 334 2292 stras,
384 2245 428 2284 et
472 2241 550 2283 hos
588 2241 909 2295 qualescunque
957 2243 1138 2283 conatus
1186 2240 1332 2282 diuina
1374 2239 1546 2282 bonitas
1586 2242 1835 2294 prosperet,
1885 2254 1970 2294 qua

196 2306 288 2348 sine
320 2307 486 2349 frustra
517 2309 738 2349 tentamus
780 2306 946 2357 omnia,
991 2305 1188 2359 equidem
1226 2305 1412 2360 supplex
1452 2320 1478 2348 a
1509 2304 1788 2348 Beatitudine
1820 2307 1970 2348 vestra

195 2371 302 2413 illud
333 2375 448 2426 peto,
482 2386 588 2425 rogo
623 2375 667 2414 et
689 2372 882 2422 obsecro,
918 2373 965 2413 ut
997 2371 1078 2413 hoc
1110 2385 1187 2412 suo
1211 2370 1422 2424 singulari
1451 2370 1616 2421 fauore,
1651 2373 1695 2412 et
1717 2370 1970 2425 Apostolica

196 2437 496 2479 benedictione
528 2451 597 2479 me
620 2437 814 2490 aliosque
837 2436 1061 2479 societatis
1082 2436 1209 2478 huius
1232 2435 1453 2490 operarios
1475 2435 1638 2490 passim
1669 2435 1713 2477 in
1737 2434 1970 2477 Germania

196 2502 426 2552 sudantes,
469 2516 690 2555 nunquam
730 2501 962 2552 destituat,
1003 2501 1079 2543 sed
1120 2501 1395 2544 continenter
1434 2500 1637 2555 prosequi
1668 2514 1747 2555 pro
1780 2514 1859 2542 sua
1891 2513 1968 2542 ex-

196 2566 300 2609 imia
331 2567 498 2621 pietate
531 2567 747 2620 dignetur.

315 2632 553 2674 Praeterea
585 2632 791 2674 debemus
823 2634 868 2675 et
898 2633 1154 2674 reuerenter
1186 2630 1354 2684 agimus
1387 2645 1441 2673 ex
1465 2631 1608 2673 animo
1638 2629 1819 2684 gratias,
1855 2630 1967 2684 quod

197 2697 411 2739 sanctitas
443 2700 593 2740 vestra
633 2711 771 2752 nuper
811 2697 855 2739 in
896 2696 1086 2750 gratiam
1120 2696 1343 2739 societatis
1384 2699 1583 2747 nostrae,
1625 2695 1883 2750 praesertim
1924 2695 1968 2737 in

317 2870 332 2884 ⁸
356 2865 413 2898 Ita
440 2865 518 2898 AB
526 2878 540 2907 ‚·
570 2864 754 2908 habeoque
783 2866 819 2899 S.
917 2864 933 2885 b
960 2863 1174 2899 Germanica
1201 2866 1244 2898 A.

321 2923 333 2938 ⁰
359 2918 420 2951 Sic
445 2918 545 2960 AB‚·
570 2919 680 2962 atque
705 2917 793 2952 adeo
821 2918 857 2951 S.

321 3075 332 3095 ¹
357 3074 378 3108 2
406 3073 484 3108 Cor.
515 3075 544 3116 1,
572 3074 603 3108 3.
647 3073 738 3119 Eph.
768 3074 797 3115 1,
824 3073 856 3107 3.
903 3074 918 3107 1
948 3072 1045 3107 Petr.
1075 3074 1105 3114 1,
1133 3073 1165 3107 3.

257 3133 261 3136 ”
320 3128 333 3148 2
360 3126 448 3162 Gen.
476 3127 531 3169 37,
559 3127 614 3161 33.
658 3127 717 3161 Ps.
745 3127 800 3167 67,
827 3126 885 3160 31.
927 3126 1057 3160 Matth.
1086 3126 1116 3166 7,
1146 3125 1201 3160 15.
1246 3125 1323 3159 Act.
1351 3125 1407 3166 20,
1434 3125 1490 3159 29.

321 3181 334 3201 ³
361 3179 414 3214 Cf.
441 3179 489 3214 Io.
519 3180 572 3221 10,
603 3180 663 3220 16;
690 3179 747 3220 21,
775 3179 925 3213 15-17.
1024 3180 1037 3200 4
1065 3178 1118 3212 Cf.
1145 3189 1254 3223 supra
1280 3189 1313 3222 p.
1341 3177 1417 3212 77².
