2093 3444
391 219 550 253 Monum.
579 218 813 263 (augustana)
843 218 924 253 252.
952 218 1074 263 (Initio
1100 230 1146 253 m.
1173 218 1383 253 Decembris
1412 218 1529 262 1561.)
1763 220 1844 262 631

83 334 177 379 quod
212 345 232 368 a
267 334 553 379 protestantibus
591 335 785 378 regebatur
823 335 876 377 (P.
904 337 1178 378 Joachz'msohns,
1219 337 1454 380 Augsburger
1489 336 1748 371 Schulmeister
1781 337 1853 371 und

82 388 319 431 Augsburger
354 387 586 421 Schulwesen
624 388 659 421 in
698 389 776 422 vier
813 388 1124 431 ‚Jahrhundertem
1163 390 1199 423 in
1243 390 1467 432 „Zeitschrift
1506 390 1568 424 des
1604 390 1854 425 Historischen

81 440 234 475 Vereins
260 440 318 474 fiir
344 440 543 474 Schwaben
569 441 640 475 und
666 441 872 485 Neuburg“,
900 442 956 476 23.
984 442 1109 486 Jahrg.
1138 442 1348 487 [Augsburg
1377 443 1492 488 1896]‚
1519 455 1552 488 p.
1582 443 1795 487 185—200).

203 526 241 566 2.
275 525 522 566 Eorundem
545 525 883 566 scholasticorum
912 526 1112 567 Canisias
1134 528 1284 568 iberam
1308 529 1555 570 mentionem
1574 528 1675 581 fecit
1699 529 1853 571 ibidem

81 589 309 632 Dominica
350 590 408 632 II.
451 591 671 632 Adventus
712 591 797 631 sive
840 592 907 632 14.
942 591 1185 633 Decembris
1227 594 1364 646 1561,
1409 608 1500 635 cam
1542 594 1852 649 indnlqentiam

85 655 260 696 iubilaei
289 657 582 711 promalyaret
615 661 667 710 et,
711 657 913 711 quomodo
947 658 1081 698 animi
1115 658 1173 698 ad
1207 672 1296 699 eam
1329 659 1618 713 accipiendam
1656 660 1854 714 parandi

84 725 228 774 essent,
264 726 494 775 exponeret.
549 720 667 762 Haec
702 722 824 773 enim,
850 726 1027 775 praeter
1059 723 1273 776 complura
1308 724 1408 777 alia,
1443 725 1712 766 auditoribus
1745 739 1852 766 com-

84 787 322 827 mendavit:
364 786 416 827 Ut
459 787 633 841 quisque
679 801 725 827 ea
766 785 1026 828 hebdomade
1067 787 1292 840 quinquies
1335 788 1461 830 daret
1502 789 1851 843 Eleemozynam.

82 852 219 907 Atque
261 852 402 893 statim
445 851 645 892 addidit:
686 851 847 905 Speroa
888 865 965 892 uos
1004 866 1088 893 non
1128 852 1446 895 obliuiscituros
1480 852 1580 908 [sie]
1614 869 1853 909 pauperum

83 915 455 959 scholasticorum.
520 915 564 958 Si
597 915 692 969 quis
724 918 927 970 preterea
960 919 1108 970 posset
1141 917 1320 960 uisitare
1352 932 1584 973 pauperes,
1619 920 1689 961 uel
1721 933 1854 961 vnum

83 980 228 1023 cibare
259 981 304 1023 in
336 995 487 1023 mensa
518 994 597 1023 sua
629 981 673 1022 in
705 981 845 1023 tribus
879 981 1040 1032 diebus,
1075 982 1190 1024 haud
1224 983 1350 1024 dubie
1383 987 1556 1036 gratum
1590 984 1684 1027 erit.

905 1116 1036 1158 252.

700 1211 811 1248 Initio
838 1222 883 1247 m.
912 1211 1122 1248 Decembris
1149 1212 1235 1248 1561.

201 1300 257 1335 Ex
293 1301 497 1335 contionum
533 1301 819 1341 commentariis,
855 1313 875 1335 a
903 1301 1046 1335 Canisio
1082 1302 1158 1346 ipso
1192 1302 1397 1346 recognitis.
1449 1303 1532 1337 Cod.
1563 1303 1669 1346 „Can.
1698 1303 1741 1338 X.
1768 1304 1849 1338 Aa“

82 1356 106 1390 f.
136 1355 369 1389 mlh—1622.
400 1355 498 1389 168³.
551 1355 634 1389 Cod.
667 1354 772 1397 „Cam
800 1354 842 1389 X.
870 1355 918 1389 T⁴‘
949 1356 973 1390 f.
1001 1355 1195 1389 302—321’.

205 1437 374 1471 Canisius
408 1438 592 1481 Auyustae
629 1448 671 1470 ex
705 1448 808 1471 sacro
843 1442 1003 1480 suqqestu
1043 1439 1223 1471 auditores
1258 1450 1280 1471 a
1316 1439 1618 1472 contionatoribus
1655 1439 1854 1473 lutheranis

88 1501 207 1524 cavere
231 1491 335 1534 iubet,
363 1491 492 1534 quippe
516 1492 580 1534 qui
607 1491 788 1535 „carnalis
813 1489 1007 1524 libertati&
1028 1491 1159 1524 blanda
1186 1493 1481 1526 commendatione
1507 1497 1536 1526 et
1558 1492 1661 1534 fidem
1687 1497 1718 1526 et
1742 1504 1856 1527 mores

83 1549 317 1588 corrumpant
343 1548 373 1578 et
400 1545 628 1587 Scripturam
654 1545 853 1587 depravent.

204 1635 241 1676 1.
280 1634 480 1676 Canisius
521 1635 566 1675 in
611 1635 797 1675 contione
840 1635 1009 1675 ineante
1048 1648 1100 1676 m.
1140 1634 1363 1676 Decembri
1403 1633 1463 1686 (5.
1498 1635 1762 1689 Decembris,
1810 1641 1855 1677 ab

82 1698 271 1752 videtur)
304 1713 343 1741 a.
379 1701 493 1741 1561
526 1700 747 1754 Auyustae
778 1699 949 1741 habita:
992 1699 1206 1753 Christus,
1246 1701 1405 1755 inquit,
1441 1701 1690 1754 praedixit:
1731 1701 1854 1743 Sur-

83 1767 215 1817 gent
256 1764 831 1819 Pseudoprophetae1
871 1764 914 1806 in
946 1763 1119 1806 nomine
1152 1764 1332 1815 Christi,
1373 1778 1479 1817 quos
1510 1765 1695 1807 Ioannes
1727 1768 1856 1809 uocat

83 1829 517 1872 Antechristos2
556 1831 600 1872 et
631 1833 812 1884 propter
842 1830 923 1871 hoc
955 1829 1070 1872 haud
1104 1829 1230 1871 dubie
1262 1831 1337 1872 fiet
1370 1830 1483 1883 quod
1514 1830 1675 1872 Paulus
1708 1831 1812 1874 dicit
1845 1846 1854 1873 :

85 1895 249 1938 Multos
282 1908 307 1936 a
339 1894 454 1937 fide
487 1895 884 1937 discessuros3.
919 1894 1004 1937 Vbi
1037 1895 1150 1937 enim
1177 1894 1300 1937 falsis
1331 1894 1704 1949 praedicatoribus
1736 1896 1856 1938 locus

83 1960 225 2010 datur,
260 1959 389 2002 facile
421 1960 687 2002 seducuntur
719 1960 950 2014 simplices,
985 1962 1029 2002 et
1061 1960 1318 2014 praesertim
1343 1960 1514 2013 quando
1547 1975 1599 2003 ea
1632 1961 1854 2012 docentur,

83 2038 195 2079 quae
236 2027 338 2068 sunt
378 2025 499 2068 carni
530 2025 692 2077 amica,
736 2028 780 2068 et
822 2025 1042 2067 carnalem
1073 2025 1321 2068 libertatem
1363 2025 1589 2077 adferunt,
1631 2029 1681 2068 vt
1712 2027 1856 2069 nullus

82 2090 217 2134 habet
248 2092 516 2146 potestatem
549 2105 679 2146 super
710 2090 1015 2142 Christianum,
1049 2091 1192 2133 nullus
1226 2091 1445 2145 obligatur
1478 2092 1531 2134 ad
1564 2091 1854 2144 ieiunandum,

84 2156 390 2208 confitendum,
425 2156 670 2199 feriandum
702 2160 746 2199 et
780 2156 1062 2198 obediendum
1087 2157 1316 2211 Episcopo,
1350 2156 1444 2199 Nec
1476 2157 1722 2199 necessaria
1755 2161 1856 2200 sunt

83 2221 232 2264 decem
263 2224 514 2276 praecepta,
549 2222 650 2275 quia
682 2236 767 2263 non
790 2236 1020 2276 possumus
1052 2222 1299 2272 obseruare,
1334 2236 1413 2264 nec
1445 2223 1558 2264 ullus
1591 2223 1854 2266 obseruabit.

82 2287 143 2329 Es
175 2287 412 2329 monachus
444 2287 513 2329 uel
543 2287 756 2329 Sacerdos
788 2288 857 2329 uel
880 2287 1051 2337 Nonna,
1086 2286 1188 2328 nihil
1223 2290 1326 2330 uota
1359 2287 1498 2341 ligant
1530 2287 1854 2340 conscientiam,

83 2354 210 2407 potes
244 2352 377 2403 exire,
411 2353 467 2394 ad
500 2352 741 2395 secularem
775 2354 963 2403 statum,
998 2354 1042 2394 et
1073 2351 1396 2394 matrimonium
1429 2353 1707 2404 contrahere,
1743 2354 1857 2407 quod

86 2417 275 2459 maiores
306 2417 506 2460 fecerunt
539 2421 583 2461 et
607 2420 924 2472 praeceperunt
954 2417 999 2459 in
1032 2417 1150 2460 cultu
1175 2417 1332 2467 diuino,
1366 2417 1424 2460 ist
1454 2418 1688 2460 menschen
1721 2419 1857 2462 danth

86 2484 131 2525 et
172 2483 427 2536 figmentum
469 2482 780 2537 pharisaicum,
828 2485 872 2525 et
912 2484 1082 2524 statuta
1123 2482 1404 2534 Antichristi‚
1451 2483 1556 2525 nihil
1597 2483 1770 2527 dubites
1810 2486 1856 2527 te

85 2547 249 2590 iustum
281 2550 326 2591 et
357 2548 527 2590 saluum
559 2561 676 2598 esse,
719 2548 846 2590 modo
880 2547 1033 2590 credas
1066 2547 1284 2590 Christum
1325 2561 1420 2590 esse
1452 2549 1740 2599 saluatorem,
1784 2549 1856 2603 qui

83 2626 160 2667 pro
193 2615 238 2655 te
279 2612 387 2655 satis
419 2612 595 2664 fecerit,
639 2615 683 2655 et
715 2612 955 2655 aduocatus
997 2615 1064 2655 est
1098 2647 1105 2655 .
1139 2612 1296 2654 Nonne
1334 2613 1442 2655 haec
1475 2613 1611 2656 dulcis
1643 2614 1853 2666 doctrina,

86 2692 198 2731 quae
231 2678 344 2720 tales
376 2677 545 2721 fructus
578 2678 749 2728 attulit,
792 2680 840 2720 ut
881 2677 998 2720 nullo
1040 2678 1215 2720 saeculo
1247 2678 1410 2721 fuerint
1441 2679 1589 2733 plures
1621 2682 1769 2723 sectae
1811 2683 1856 2723 et

83 2743 305 2786 haereses,
369 2745 415 2785 29
456 2744 602 2797 plures
647 2745 878 2798 apostatae
924 2744 970 2785 39
1010 2743 1159 2797 plures
1203 2743 1428 2797 sacrilegi,
1475 2745 1521 2786 4?
1561 2744 1709 2799 plures
1754 2759 1855 2788 con-

84 2810 324 2862 temptores
348 2808 741 2860 Sacramentorum,
777 2810 822 2850 59
854 2809 1000 2863 plures
1023 2808 1337 2863 deprauatores
1368 2809 1623 2863 scripturae,
1656 2809 1701 2852 in
1726 2810 1856 2853 litera

87 2876 132 2916 et
163 2887 316 2924 sensu,
361 2875 407 2915 69
438 2874 585 2928 plures
617 2873 779 2928 proprij
820 2887 974 2916 sensus
1013 2873 1058 2915 in
1088 2874 1217 2916 rebus
1249 2873 1370 2925 fidei,
1415 2876 1460 2917 79
1492 2875 1638 2929 plures
1670 2875 1855 2919 rebelles

205 3025 219 3040 a
249 3019 285 3054 Ο.
313 3023 343 3053 et
368 3019 432 3053 hoc
458 3030 485 3053 v.
513 3023 544 3053 et
570 3019 690 3053 omnia
717 3029 806 3062 quae
829 3022 1028 3062 sequuntur
1052 3029 1119 3051 saa
1147 3029 1256 3052 manu
1281 3020 1434 3062 scripsit.

209 3152 219 3172 ¹
244 3150 374 3186 Matth.
402 3150 458 3192 24,
487 3151 542 3185 11.
569 3150 624 3184 24.
668 3150 779 3185 Marc.
808 3150 863 3192 13,
889 3150 944 3185 22.
1044 3151 1058 3171 2
1085 3151 1101 3185 1
1130 3151 1179 3185 Io.
1207 3151 1238 3192 2,
1268 3151 1321 3186 18.
1365 3152 1385 3185 2
1411 3152 1459 3186 Io.
1488 3153 1519 3187 7.

207 3205 220 3225 ³
250 3204 310 3247 „In
334 3203 541 3239 novissimis
567 3204 789 3249 temporibus
815 3203 1001 3238 discedent
1025 3204 1170 3249 quidam
1197 3216 1217 3239 a
1242 3205 1355 3239 fide“:
1384 3206 1401 3240 1
1429 3205 1519 3241 Tim.
1545 3207 1577 3245 4,
1607 3208 1636 3241 1.
