2093 3444
205 183 286 222 110
460 178 539 211 541.
579 176 743 211 Canisius
770 176 898 209 Iacobo
925 175 1062 210 Lainio.
1106 176 1199 220 Aug.
1226 175 1369 210 Vindel.
1397 176 1428 210 5.
1456 175 1591 221 Aprilis
1619 176 1721 210 1561.

321 297 364 339 Si
397 300 520 339 sente
551 295 686 337 molto
719 294 747 335 11
781 295 920 337 frutto
954 294 997 336 in
1030 295 1232 348 Augusta
1265 309 1341 349 per
1373 294 1415 336 13
1450 293 1595 347 gratia
1627 293 1680 335 de
1712 293 1863 343 Jddio,
1898 292 1975 335 che

202 366 234 404 s'
260 366 282 404 6
314 362 428 404 fatto
451 361 564 403 nelle
597 360 813 415 prediche,
849 359 972 401 uiene
995 374 1104 413 gran
1138 373 1345 402 concorso
1379 359 1489 401 cossi
1514 359 1598 401 alle
1620 358 1822 412 prediche
1856 371 1976 400 come

201 427 337 470 anche
370 427 444 469 alli
467 426 611 468 Diuini
644 425 790 479 ufficij,
826 428 869 467 et
902 425 1106 479 precipue
1139 428 1293 479 questa
1326 427 1454 467 santa
1477 423 1712 466 settimana
1735 438 1814 465 con
1840 423 1976 466 molta

203 492 410 535 deuocion
444 506 520 534 son
555 491 681 533 statti
714 491 799 533 alle
822 493 948 532 sante
981 490 1232 532 Ceremonie
1255 490 1332 532 che
1365 489 1401 531 si
1424 489 1571 539 fanno,
1605 489 1715 531 doue
1741 488 1771 530 il
1793 488 1976 530 Diabolo

203 573 288 600 non
320 558 507 600 lasciara
540 557 578 598 d'
603 570 723 598 esser
756 555 948 605 confuso,
981 555 1198 610 passando
1222 555 1251 596 li
1274 555 1511 608 Lutheranj
1545 553 1735 608 (quando
1758 555 1801 596 la-
1833 553 1979 596 chiesa

204 627 226 666 e
259 626 413 678 aperta
446 637 605 677 passan
638 636 716 676 per
749 635 847 663 essa
879 635 1000 663 come
1031 635 1110 675 per
1142 620 1314 675 publica
1347 619 1436 673 via)
1470 634 1618 674 spesse
1659 620 1777 662 uolte
1809 622 1978 662 mentre

202 692 320 732 tutto
353 688 383 730 il
406 688 562 743 popolo
586 687 892 729 deuotamente
916 686 1095 729 attende
1119 686 1160 728 al
1183 685 1340 727 Diuino
1370 685 1549 728 seruit-io
1585 720 1592 728 .
1626 685 1686 727 Le
1709 684 1979 727 confessione

204 769 282 796 son
324 756 440 796 state
479 753 612 795 molte
654 756 698 795 et
739 751 877 794 nostri
919 751 1017 793 duci
1051 751 1178 793 Padri
1221 752 1307 792 han
1348 751 1512 793 hauuto
1555 750 1693 800 assai,
1737 753 1781 793 et
1821 749 1978 800 hanno,

206 820 263 874 (io
296 834 381 861 non
415 818 471 860 mi
505 821 655 868 conto,
699 818 776 859 che
809 832 894 859 11011
927 817 980 858 110
1014 819 1192 871 passato
1227 817 1279 858 de
1314 818 1396 859 .10.
1418 816 1449 870 ¹)
1483 818 1528 858 et
1560 829 1636 870 per
1669 815 1699 857 li
1731 815 1870 857 nostri
1902 828 1980 856 son

205 886 347 939 alcunj
381 883 652 926 raconciliati
686 883 800 925 dalle
832 882 1013 932 heresie,
1048 896 1125 936 per
1157 882 1184 923 l’
1209 882 1310 924 altri
1333 881 1599 923 intendiamo
1628 880 1699 935 piu
1733 880 1774 922 di
1799 882 1881 923 ΑΟ.
1916 879 1981 922 513

206 954 355 993 nostro
389 950 537 1003 signor
559 949 793 991 benedetto
807 950 835 990 2.
881 948 967 990 Fra
1000 947 1141 1001 questi
1174 947 1303 989 buoni
1327 947 1455 989 frutti
1488 947 1565 989 che
1587 947 1630 988 13
1653 946 1810 988 Diuina
1837 945 1982 999 gratia

206 1015 446 1069 raccoglie,
491 1017 526 1057 c'
552 1016 573 1056 e
606 1029 662 1056 un
695 1014 851 1056 timore
884 1028 962 1068 per
994 1027 1113 1055 esser
1146 1016 1302 1066 questa
1335 1013 1442 1055 citta
1476 1014 1595 1056 tutta
1628 1011 1748 1065 quasi
1784 1011 1836 1053 de
1868 1025 1982 1053 mer—

207 1081 345 1131 canti,
390 1080 610 1122 essendosi
645 1080 817 1134 parlato
850 1080 963 1121 nelle
995 1079 1200 1133 prediche
1234 1082 1387 1121 contra
1418 1078 1445 1119 l’
1470 1092 1623 1128 usura,
1659 1081 1703 1120 et
1734 1077 1847 1119 nelle
1880 1091 1982 1118 con-

206 1146 384 1189 fessioni
418 1146 610 1196 anche3,
651 1146 728 1187 0116
761 1145 802 1186 (11
836 1145 977 1198 questi
1012 1145 1089 1186 che
1122 1144 1158 1186 si
1190 1145 1347 1187 troban
1381 1143 1561 1186 caricati
1597 1157 1681 1185 non
1714 1157 1845 1184 saran
1877 1141 1983 1184 forsi

207 1216 333 1266 tropo
368 1211 582 1261 contenti,
627 1214 671 1253 et
703 1210 732 1252 li
766 1210 1003 1252 confessori
1037 1210 1138 1252 altri
1172 1224 1257 1252 non
1290 1223 1466 1264 sapemo
1500 1222 1621 1250 come
1654 1208 1688 1250 si
1722 1210 1906 1262 portano
1939 1206 1982 1249 in

208 1280 363 1331 questa
396 1280 543 1331 parte,
586 1291 667 1331 pur
708 1278 856 1318 nostro
899 1276 1072 1329 signore
1114 1275 1221 1317 hara
1263 1289 1365 1316 01113
1408 1275 1476 1316 (161
1518 1288 1595 1316 5110
1637 1287 1784 1327 grege.
1850 1273 1902 1316 V.
1935 1272 1982 1316 P.

208 1342 492 1396 ringratiamo
534 1356 611 1396 per
644 1342 686 1384 13
726 1343 869 1384 buona
908 1355 1118 1395 speranza
1169 1340 1206 1382 01
1249 1340 1304 1382 da
1346 1340 1397 1381 de
1439 1339 1621 1382 mandar
1663 1338 1804 1381 alcuni
1836 1337 1985 1381 lettori

209 1409 250 1450 in
286 1408 530 1457 Germania,
566 1410 610 1449 et
643 1407 912 1449 desider-amo
946 1406 1109 1448 uederli
1141 1406 1276 1448 molto
1294 1407 1322 1448 4.

328 1474 370 1515 ζ11
396 1473 454 1516 Ρ.
480 1472 722 1515 Prouincial
759 1475 781 1513 ἱ)
814 1486 962 1526 spesse
986 1472 1102 1514 nolte
1135 1474 1333 1526 pregato,
1367 1484 1445 1525 per
1476 1470 1546 1512 far
1574 1472 1771 1524 stampar
1802 1469 1829 1511 l’
1854 1482 1984 1523 opere

211 1539 251 1581 di
276 1540 317 1582 S.
342 1539 556 1592 Cipriano,
590 1539 630 1580 16
663 1539 790 1592 quale
824 1539 875 1580 ha
913 1540 1104 1580 00116110
1137 1538 1219 1579 ben
1252 1536 1462 1579 111.1000,
1497 1536 1659 1589 luoghi,
1694 1535 1808 1577 nella
1831 1534 1990 1591 biblio--

208 1605 337 1648 theca
370 1604 585 1646 Vaticana
627 1604 904 1658 adoperando
938 1617 1015 1658 per
1053 1603 1194 1657 quello
1228 1603 1255 1643 l’
1281 1601 1469 1656 esempio
1513 1601 1581 1643 del
1616 1601 1680 1644 .D.
1716 1601 1854 1643 Olaue
1886 1599 1984 1654 piae

210 1670 443 1712 memoriae
482 1670 510 1711 il
553 1670 652 1723 qual
695 1669 829 1711 501156
871 1669 1007 1711 anche
1050 1668 1161 1710 belle
1200 1667 1496 1718 annotationi,
1540 1667 1667 1720 quale
1708 1665 1909 1708 habiamo
1942 1665 1984 1707 in

331 1818 518 1859 Augustae
551 1815 626 1850 Deo
663 1816 810 1849 iuvante
847 1815 987 1849 fructus
1023 1826 1066 1848 ex
1101 1813 1325 1848 contionibus
1360 1812 1532 1846 collectus
1568 1811 1692 1845 multis
1727 1811 1842 1845 modis
1876 1809 1986 1844 mani-

212 1870 387 1904 festatur:
425 1869 568 1914 plurimi
604 1871 678 1903 tam
706 1869 750 1903 ad
778 1868 961 1902 contiones
987 1879 1094 1912 quam
1123 1867 1166 1901 ad
1194 1867 1315 1901 divina
1352 1866 1470 1900 officia
1508 1866 1744 1905 concurrunt,
1780 1866 1888 1908 atque
1924 1863 1985 1897 im-

212 1924 337 1968 primis
363 1923 430 1957 hac
458 1922 678 1956 hebdomade
705 1925 819 1955 morte
848 1921 981 1955 Christi
1018 1932 1119 1955 sacra
1157 1932 1236 1954 cum
1273 1931 1404 1963 magna
1430 1919 1565 1964 pietate
1601 1918 1715 1952 sacris
1751 1916 1986 1957 caerimoniis,

213 1989 304 2021 quae
340 1976 397 2010 hic
432 1978 672 2021 peraguntur.
710 1975 971 2015 intm=f1wrunt;
1008 1986 1071 2008 1160
1108 1974 1183 2008 fieri
1211 1985 1315 2019 posse
1351 1975 1456 2018 puto,
1493 1972 1578 2016 quin
1613 1971 1669 2006 his
1704 1971 1811 2005 rebus
1838 1971 1987 2004 daemon

212 2031 347 2076 pudore
375 2030 573 2071 afficiatur,
607 2028 823 2063 Lutheranis
853 2030 947 2071 (cum
977 2028 1129 2062 ecclesia
1165 2029 1289 2072 aperta
1317 2029 1390 2067 est,
1427 2026 1493 2071 ipsi
1522 2038 1585 2070 per
1611 2037 1688 2059 03111
1716 2025 1862 2070 perinde
1888 2035 1930 2058 ac
1957 2022 1986 2057 si

213 2084 272 2117 via
292 2083 435 2128 publica
462 2085 569 2123 esset,
596 2083 801 2125 transeunt)
830 2094 938 2127 saepe
957 2081 1239 2122 transeuntibus,
1267 2081 1350 2114 dum
1369 2082 1466 2114 totus
1493 2079 1551 2113 1110
1568 2078 1722 2124 populus
1741 2079 1814 2112 Deo
1841 2077 1989 2112 colendo

213 2136 309 2182 piam
337 2148 479 2181 operam
508 2138 630 2170 navat.
682 2135 954 2169 Confessionum
981 2146 1166 2169 sacrarum
1199 2144 1352 2177 magnus
1379 2132 1448 2166 suit
1474 2143 1664 2172 numerus;
1697 2131 1832 2165 multas
1858 2130 1926 2165 duo
1952 2130 1989 2164 hi

214 2192 336 2234 patres
362 2189 476 2224 nostri
503 2192 537 2223 01
566 2191 786 2234 exceperunt
812 2191 848 2222 et
875 2188 1060 2233 excipiunt
1089 2188 1171 2232 (ego
1198 2187 1242 2221 iis
1268 2198 1324 2221 1116
1351 2198 1419 2220 303
1447 2197 1652 2227 annumero,
1679 2185 1762 2229 quia
1783 2184 1862 2229 plus
1881 2195 1988 2228 quam

217 2244 259 2277 10
295 2255 364 2277 non
401 2242 525 2288 excepi
541 2242 578 2286 ¹),
618 2254 660 2276 30
696 2254 758 2287 per
783 2243 925 2276 nostros
953 2241 1127 2276 ecclesiae
1154 2239 1373 2274 reconciliati
1409 2240 1494 2273 sunt
1524 2238 1697 2272 haeretici
1731 2237 1888 2281 aliquot,
1926 2248 1990 2282 per

214 2297 371 2340 reliquos
406 2296 488 2341 plus
524 2307 629 2340 quam
656 2297 720 2335 40,
759 2298 797 2329 nt
823 2295 1024 2329 audimus‘2.
1075 2294 1225 2329 Domino
1261 2296 1383 2327 nostro
1418 2292 1491 2327 sint
1515 2292 1652 2326 laudes.
1707 2291 1823 2325 Unum
1857 2293 1988 2332 tamen,

218 2351 301 2384 dum
329 2350 449 2384 divina
476 2349 595 2393 gratia
621 2349 768 2383 iuvante
794 2349 906 2383 bonos
932 2348 1040 2382 hosce
1076 2347 1288 2391 collegimus
1314 2346 1472 2387 fructus,
1506 2345 1717 2380 metuimus:
1754 2356 1833 2379 cum
1861 2344 1991 2378 civitas

215 2403 305 2437 haec
330 2405 407 2437 tota
433 2403 507 2437 fere
544 2405 783 2436 mercatorum
810 2402 876 2443 sit,
913 2413 1064 2446 cumque
1101 2403 1137 2435 et
1161 2400 1197 2434 in
1225 2400 1449 2434 contionibus
1485 2401 1521 2433 et
1546 2399 1582 2432 in
1609 2397 1892 2432 confessionibus
1918 2408 1990 2439 eos,

217 2468 262 2490 ne
287 2457 548 2498 fenerarentur,
575 2456 819 2490 monuerimus
832 2456 854 2497 ⁸,
881 2455 1095 2496 metuimus,
1123 2454 1285 2498 inquam,
1312 2465 1356 2487 ne
1383 2453 1443 2497 qui
1470 2464 1515 2486 ex
1541 2452 1602 2493 iis,
1629 2451 1690 2496 qui
1717 2463 1757 2485 ea
1784 2451 1819 2485 in
1845 2463 1883 2485 re
1909 2461 1988 2485 con-

217 2510 388 2544 scientiae
415 2509 657 2544 sollicitudine
683 2509 888 2553 agitantur,
923 2508 1019 2542 hand
1046 2508 1095 2542 ita
1122 2507 1203 2542 boni
1231 2507 1265 2541 id
1293 2506 1502 2545 consulant,
1538 2517 1622 2546 nec,
1659 2504 1833 2549 quomodo
1860 2503 1990 2548 reliqui

218 2563 427 2598 confessarii
455 2574 497 2596 63
522 2563 558 2596 13
585 2565 686 2607 parte
713 2575 752 2597 se
779 2563 926 2606 gerant,
961 2561 1107 2596 scimus.
1158 2562 1329 2595 Attamen
1356 2559 1520 2593 dominus
1546 2561 1669 2593 noster
1695 2557 1797 2602 gregi
1823 2569 1886 2592 suo
1912 2568 1991 2602 pro-

218 2617 356 2661 spiciet.
400 2616 439 2650 P.
454 2616 498 2650 V.
525 2616 663 2659 gratias
689 2615 842 2659 agimus,
870 2615 963 2659 quod
990 2615 1118 2649 bonam
1143 2613 1246 2648 nobis
1272 2624 1373 2658 spem
1399 2612 1547 2657 praebet
1573 2611 1827 2655 magistrorum
1854 2609 1991 2654 aliquot

218 2669 254 2703 in
282 2668 511 2703 Germaniam
538 2669 814 2709 mittendorum;
841 2680 931 2713 quos
957 2668 1079 2701 videre
1106 2667 1338 2701 vehementer
1364 2666 1563 2710 cupimus&

338 2722 447 2756 Pater
472 2721 706 2767 provincialis
732 2733 839 2767 saepe
866 2723 1024 2765 rogatur,
1052 2723 1091 2755 ut
1114 2720 1211 2766 typis
1238 2719 1474 2754 exscribenda
1501 2721 1600 2753 curet
1627 2729 1735 2763 opera
1753 2717 1788 2751 S.
1808 2715 1990 2762 Cypriani,

221 2787 311 2820 quae
337 2776 415 2821 ipse
443 2776 534 2810 1000
560 2775 636 2810 fere
662 2775 750 2810 locis
777 2774 995 2816 emendavit,
1022 2774 1058 2808 in
1085 2773 1302 2808 bibliotheca
1327 2772 1495 2806 vaticana
1522 2771 1686 2816 exemplo
1705 2770 1746 2805 D.
1766 2769 1886 2804 Olavii
1911 2769 1990 2814 piae

219 2830 413 2864 memoriae
448 2829 531 2863 huic
565 2829 616 2863 rei
652 2829 830 2869 adhibito;
869 2830 929 2872 qui
966 2828 1075 2862 etiam
1102 2826 1270 2872 pulchras
1306 2826 1574 2866 adnotationes,
1609 2835 1700 2869 quas
1724 2823 1918 2864 habemus,
1953 2822 1990 2856 in

344 2952 354 2971 ¹
372 2951 569 2991 Hurtadus,
584 2951 727 2985 natione
741 2950 926 2995 hispanus,
941 2948 1168 2993 germanicae
1182 2948 1328 2992 linguae
1342 2958 1468 2992 parum
1482 2947 1620 2992 peritus
1633 2945 1746 2979 fuisse
1761 2944 1919 2983 videtum
1935 2953 1990 2977 ac-

223 3004 335 3055 cedit,
348 3004 441 3048 quod
459 3004 622 3038 infirmae
637 3003 856 3038 valetudinis
871 3004 949 3036 erat
964 3001 1071 3045 (Can.
1087 3001 1176 3046 Epp.
1191 3000 1307 3043 11‚42.
1324 3000 1401 3034 144.
1419 3000 1496 3034 199.
1512 2999 1580 3033 639
1595 2999 1673 3040 etc„
1692 2999 1729 3031 et
1742 3008 1851 3042 supra
1865 3008 1898 3041 p.
1914 2995 1989 3039 73).

343 3058 356 3077 2
382 3056 447 3091 Die
474 3057 529 3092 27.
557 3056 693 3102 Aprilis
721 3057 809 3091 1561
838 3055 878 3089 P.
906 3054 1120 3090 Guilielmus
1147 3053 1301 3088 Elderen
1327 3054 1494 3096 Augusta
1520 3051 1702 3086 Coloniam
1737 3049 1893 3084 scribere
1932 3060 1991 3094 po—

223 3109 303 3151 tuit,
335 3110 475 3155 ,plures
503 3110 591 3145 100“
621 3110 665 3144 ad
693 3109 880 3144 ecelesiam
907 3108 1075 3142 reductos
1102 3118 1204 3147 esse‚·
1228 3106 1311 3140 vide
1337 3106 1440 3147 infra,
1466 3116 1622 3139 monum.
1649 3103 1728 3138 231.

345 3164 357 3183 ³
384 3163 436 3197 Cf.
467 3163 553 3197 Can.
581 3163 669 3208 Epp.
697 3163 740 3204 II,
769 3162 847 3197 760.
875 3162 956 3196 763.
982 3161 1063 3195 855.
1209 3161 1222 3180 ‘¹
1248 3159 1339 3209 Vide
1365 3169 1475 3204 supra
1500 3170 1533 3203 p.
1560 3158 1616 3192 94.
