2093 3444
254 242 401 270 XXXIV
810 226 853 260 H.
892 225 1118 260 Prooemium
1144 224 1339 260 voluminis
1364 225 1473 259 tertii.

252 344 376 378 ristiae
402 354 525 383 usum;
563 342 686 377 multis
713 342 939 376 contionibus
966 341 1008 375 de
1034 340 1207 384 Decalogi
1233 340 1434 385 praeceptis
1464 340 1514 384 l.‚
1541 340 1594 382 2.,
1621 340 1673 381 3.,
1700 340 1824 375 multis
1849 341 1958 375 etiam
1984 342 2027 376 de

252 399 413 431 extremo
439 396 590 438 iudicio,
625 407 705 431 cum
732 395 962 441 particulari,
999 394 1092 438 quod
1128 394 1270 434 dicunt,
1305 396 1382 428 tum
1418 393 1615 428 universali
1651 394 1783 438 agebat
1809 394 2025 438 (619—623.

253 449 349 493 652).
402 450 670 488 protestantes,
707 461 856 494 quorum
894 449 1002 482 etiam
1037 447 1193 481 ministri
1228 447 1306 481 sive
1342 446 1604 481 contionatores
1641 459 1907 492 nonnumquam
1934 448 2027 483 inter

251 503 433 537 auditores
468 503 705 537 cernebantur
734 503 805 544 (74.
835 502 888 537 81.
917 502 972 536 87.
1001 500 1079 535 589.
1112 501 1213 544 591),
1249 500 1410 534 modeste
1446 500 1488 534 de
1521 500 1702 535 erroribus
1728 501 2024 536 admonebantur.

250 556 448 590 Fatebatur
475 557 659 597 Canisius,
695 555 939 601 superioribus
966 555 1069 589 annis
1096 553 1286 588 nonnullos
1314 553 1559 597 indulgentias
1584 554 1808 596 vendidisse,
1844 554 2026 600 praelatos

251 609 387 653 aliquot
423 610 517 644 sicut
551 610 675 644 Iudam
712 609 805 643 inter
840 607 1022 654 apostolos
1057 619 1094 642 se
1130 619 1273 651 gerere,
1313 607 1579 642 ecclesiasticos
1618 607 1818 653 complures
1854 608 2026 653 pecuniae

250 662 367 704 nimis,
395 663 527 697 litteris
553 675 678 709 parum
706 663 869 703 studere;
906 664 944 696 at
969 661 1075 696 simul
1102 661 1273 706 populum
1299 661 1392 695 serio
1418 672 1597 706 saepeque
1629 662 1815 702 monebat,
1841 664 1883 696 ut
1907 673 2026 696 sacer-

251 716 394 751 dotibus
421 717 528 751 etiam
556 717 673 751 minus
692 716 793 750 bonis
812 715 1052 750 reverentiam
1080 717 1116 749 et
1134 714 1394 749 oboedientiam
1414 714 1619 755 exhiberet;
1646 715 1890 750 fenerationes
1916 717 2025 760 atque

250 770 402 804 divitum
441 771 477 804 in
513 771 666 811 vestitu,
707 769 884 804 conviviis
919 771 987 803 etc.
1026 768 1206 803 luxuriam
1245 768 1377 802 acriter
1415 768 1663 813 vituperabat;
1703 769 1810 804 simul
1848 771 1968 804 tamen
2004 780 2025 804 a

249 823 438 866 rigorismo
474 824 541 858 sibi
577 824 749 863 cavebat:
786 825 825 857 ut
860 834 941 857 cum
977 822 1208 863 saltationes,
1247 834 1311 867 per
1345 834 1383 856 se
1418 824 1622 867 spectatas,
1658 834 1701 857 ne
1736 823 1849 857 sacris
1880 823 2024 867 quidem

250 877 375 911 diebus
402 878 548 912 illicitas
574 889 653 912 esse
690 877 794 922 plane
830 876 1078 921 pronuntiavit
1107 876 1321 919 (632—635.
1352 876 1429 910 110.
1457 875 1537 910 628.
1565 876 1645 910 645.
1673 877 1752 911 646.
1781 877 1879 920 648).
1931 875 2023 910 Reli-

250 930 390 974 giosum
416 934 551 965 statum
579 931 684 964 valde
711 930 900 971 laudabat,
938 929 988 964 ita
1015 932 1154 971 tamen,
1190 932 1229 963 ut
1255 931 1425 974 parentes
1451 941 1599 974 peccare
1626 930 1842 972 affirmaret,
1874 930 1903 964 si
1930 929 2023 964 filios

249 984 293 1018 ad
320 985 536 1019 caelibatum
563 984 852 1029 amplectendum
880 983 938 1017 vel
965 984 1009 1017 ad
1036 983 1292 1017 monasterium
1328 983 1533 1017 intrandum
1569 986 1739 1027 cogerent
1775 983 1884 1026 (unde
1918 983 2023 1018 facile

249 1040 368 1082 patet,
403 1050 591 1084 perperam
617 1037 809 1072 monialem
836 1037 1015 1082 quandam
1052 1039 1311 1080 augustanam,
1347 1039 1538 1082 postquam
1566 1048 1597 1071 a.
1628 1037 1716 1072 1582
1753 1049 1771 1071 c
1806 1037 2023 1072 monasterio

249 1091 341 1125 clam
370 1092 491 1137 elapsa
519 1092 562 1126 ad
591 1094 835 1137 protestantes
861 1091 1074 1131 transierat,
1101 1090 1155 1125 sui
1183 1090 1381 1124 excusandi
1407 1090 1525 1134 gratia
1552 1091 1771 1125 asseruisse:
1800 1090 1844 1125 Se
1870 1102 1901 1125 a.
1933 1091 2022 1126 1560

249 1147 285 1179 et
314 1146 400 1180 1561
430 1158 450 1180 a
477 1149 601 1187 matre,
630 1157 721 1189 quae
746 1145 889 1179 Canisio
915 1144 1063 1189 pietatis
1090 1144 1264 1187 magistro
1291 1144 1468 1185 utebatur,
1496 1144 1644 1189 ipsoque
1669 1144 1811 1178 Canisio
1838 1145 1881 1178 ad
1908 1144 2021 1178 vitam

248 1200 485 1233 monasticam
514 1200 735 1244 compulsam
763 1210 842 1232 esse
871 1197 963 1242 [370.
992 1199 1100 1232 665-
1112 1196 1226 1241 668]).
1261 1197 1453 1242 Pauperes,
1480 1197 1656 1243 imprimis
1682 1209 1812 1244 pueros
1838 1198 1873 1232 in
1900 1197 2022 1232 schola

248 1252 446 1287 cathedrali
474 1253 606 1288 litteris
633 1253 839 1289 studentes.
867 1252 1039 1286 divitibus
1066 1251 1257 1294 diligenter
1284 1251 1556 1286 commendabat-
1586 1252 1680 1295 (595.
1709 1252 1788 1286 629.
1815 1251 1912 1294 644).
1957 1251 2021 1285 Po-

247 1305 387 1350 pulum,
415 1309 469 1347 nt,
498 1319 578 1340 cum
604 1310 747 1351 tempus
774 1309 807 1340 et
836 1305 1055 1340 consuetudo
1082 1305 1228 1346 ferrent,
1255 1305 1454 1339 cantilenas
1481 1305 1708 1349 germanicas
1735 1305 1769 1339 in
1797 1305 1885 1350 ipsis
1911 1305 2019 1339 etiam

247 1360 392 1405 templis
419 1363 593 1400 cantaret,
621 1360 833 1394 hortabatur
862 1360 974 1403 (650).

367 1443 564 1485 Canisius
597 1442 836 1496 Augustae,
871 1445 919 1484 ut
952 1442 1003 1483 de
1037 1440 1306 1484 contionibus
1340 1441 1581 1495 Oeniponte
1614 1445 1658 1484 et
1683 1441 1911 1495 Elvangae
1943 1441 2020 1484 ha-

246 1508 348 1551 bitis
371 1510 489 1560 (678.
511 1509 615 1562 715)
638 1508 742 1550 nihi]
768 1508 921 1558 dicam,
951 1508 1002 1549 18
1026 1507 1117 1549 fere
1139 1506 1224 1548 illis
1247 1506 1479 1556 mensibus,
1505 1521 1612 1560 quos
1635 1521 1673 1549 a.
1700 1508 1808 1549 1561
1837 1510 1881 1550 et
1906 1508 2018 1549 1562

246 1574 404 1616 ibidem
438 1574 703 1624 morabatur,
740 1575 824 1615 210
855 1573 946 1615 fere
970 1572 1192 1615 contiones
1215 1571 1366 1614 habuit
1389 1571 1527 1625 (623).
1571 1572 1686 1614 Ante
1709 1571 1904 1625 singulas
1927 1572 2019 1615 fere

246 1640 470 1682 contiones
503 1640 557 1681 ad
590 1639 771 1681 multam
798 1641 969 1681 noctem
992 1637 1205 1691 vigilabat
1227 1637 1364 1690 (600).
1411 1636 1661 1680 Accedebat
1684 1638 1884 1692 exceptio
1917 1652 2019 1680 con-

246 1704 481 1747 fessionum
505 1705 802 1759 plurimarum,
837 1718 940 1746 cura
962 1704 1226 1745 infirmorum
1253 1702 1297 1744 in
1319 1717 1558 1757 pauperum
1582 1703 1784 1757 oppidulo
1807 1703 1881 1745 illo
1904 1703 2019 1745 intra

246 1785 392 1812 muros
426 1773 695 1824 augustanos
729 1769 915 1819 condito,
952 1768 1063 1822 quod
1101 1768 1410 1822 „Fuggeriam“
1451 1771 1610 1811 vocant
1643 1768 1730 1821 (72.
1767 1770 1864 1811 596.
1900 1769 2017 1822 604),

246 1836 496 1878 catecheses
530 1850 606 1889 pro
639 1835 921 1889 patriciorum
955 1833 1052 1876 filiis
1084 1834 1127 1875 in
1155 1833 1388 1877 Societatis
1421 1834 1546 1875 domo
1580 1847 1606 1876 a
1637 1833 1807 1876 Canisio
1841 1834 2017 1887 eiusque

245 1901 373 1943 sociis
406 1901 582 1943 habitae
615 1900 733 1953 (596.
769 1902 867 1943 599.
904 1899 1019 1953 608),
1060 1899 1270 1942 exercitia
1302 1899 1546 1954 spiritualia
1577 1898 1725 1942 multis
1757 1901 1802 1941 et
1833 1899 1940 1941 viris
1973 1902 2017 1942 et

245 1966 417 2008 feminis
451 1968 581 2020 atque
616 1966 747 2009 etiam
780 1966 909 2008 valde
941 1965 1155 2007 nobilibus
1189 1965 1409 2019 explicata
1441 1964 1558 2018 (587.
1595 1966 1693 2007 595.
1729 1964 1847 2017 597).

364 2032 525 2081 Quibus
565 2031 787 2073 laboribus
828 2031 1017 2073 fructum
1059 2045 1143 2072 non
1185 2044 1357 2085 semper
1393 2043 1542 2084 parem
1575 2029 1731 2081 fuisse,
1774 2030 1844 2072 vel
1877 2043 1933 2072 ex
1965 2043 2014 2072 eo

245 2096 527 2151 intellegitur.
553 2097 663 2150 quod
684 2096 880 2139 Canisius
898 2110 935 2138 a.
960 2098 1070 2137 1562
1090 2096 1318 2138 Dominica
1334 2095 1556 2137 Passionis
1579 2109 1634 2136 ex
1657 2095 1776 2137 aedis
1798 2095 2015 2137 maximae

245 2166 457 2215 suggestu
490 2162 604 2216 apud
637 2162 858 2204 auditores
891 2164 1069 2214 questus
1103 2165 1189 2204 est:
1224 2161 1373 2214 Usque
1397 2161 1450 2203 ad
1472 2161 1515 2202 id
1537 2165 1710 2214 tempus
1732 2174 1894 2215 paucos
1915 2163 2014 2203 tan—

244 2230 336 2269 tum
375 2242 453 2282 per
485 2230 762 2282 peccatorum
796 2226 1109 2269 confessionem
1142 2226 1340 2281 proximo
1374 2225 1602 2269 Paschatis
1634 2226 1748 2268 festo
1781 2225 2014 2268 christiane

244 2293 412 2346 agendo
454 2307 501 2334 se
533 2306 736 2347 parasse;
780 2292 1146 2345 Quadragesimae
1180 2294 1376 2346 tempore
1408 2305 1570 2346 paucos
1602 2291 1839 2341 ieiunasse,
1883 2293 2013 2344 atque

243 2358 403 2400 multos
445 2357 576 2400 etiam
624 2371 802 2407 „carnes
842 2359 1047 2399 vorasse“
1086 2357 1223 2410 (641).
1277 2356 1486 2399 Attamen
1527 2356 1614 2398 iam
1651 2371 1706 2399 m.
1739 2355 1940 2398 Ianuario
1973 2369 2012 2399 a.

249 2425 358 2465 1561
403 2423 653 2466 cathedrale
695 2422 932 2476 capitulum
972 2422 1134 2464 litteris
1175 2422 1357 2463 Romam
1403 2422 1456 2464 ad
1499 2422 1704 2464 Ottonem
1750 2420 2013 2463 cardinalem

243 2488 482 2530 Truchsess
532 2488 674 2529 missis
725 2487 882 2530 testari
933 2488 1096 2541 potuit:
1152 2487 1369 2529 Canisium
1421 2486 1649 2529 ecclesiam
1704 2485 2010 2536 cathedralem,

248 2556 483 2607 „quantum
516 2554 569 2595 ad
604 2553 893 2606 cognitionem
925 2552 1128 2595 veritatis
1161 2552 1401 2594 catholicae
1433 2551 1663 2602 attineret,
1697 2550 2012 2604 quodammodo

241 2622 562 2667 1'estaurasse“;
606 2618 813 2672 plurimos
853 2618 908 2660 ad
941 2617 1032 2659 eius
1072 2617 1294 2660 contiones
1334 2618 1622 2667 „confluere“;
1672 2616 2010 2665 „conuersiones‚

243 2719 252 2727 .
289 2719 297 2727 .
333 2698 387 2725 ex
419 2683 533 2725 illius
567 2683 647 2724 viri
680 2682 950 2725 contionibus
983 2686 1026 2725 et
1058 2682 1242 2737 priuatis
1280 2682 1526 2736 colloquijs,
1570 2680 1846 2734 quotidianas
1887 2683 2004 2722 esse“

243 2749 380 2802 (589).
423 2748 550 2791 Anno
583 2751 729 2790 autem
765 2749 877 2789 1562
910 2748 1086 2790 ineunte
1120 2748 1303 2789 Romam
1336 2747 1523 2790 relatum
1561 2749 1649 2788 est:
1683 2745 1875 2795 Iubilaei‚
1910 2759 2011 2787 con-

242 2814 327 2856 cilii
373 2813 598 2856 tridentini
645 2813 788 2867 gratia
834 2813 1032 2867 proxime
1080 2813 1308 2863 celebrati,
1363 2815 1557 2866 tempore
1606 2810 1813 2853 maiorem
1863 2809 2010 2864 populi

242 2880 471 2933 pietatem,
506 2893 635 2932 quam
672 2880 753 2920 100
787 2878 1079 2932 superioribus
1112 2878 1236 2919 annis
1268 2891 1471 2930 umquam
1505 2880 1739 2930 conspecta
1771 2877 1900 2925 esset,
1934 2889 2010 2929 ap-

242 2944 437 2997 paruisse
471 2943 589 2996 (602.
624 2943 750 2996 603);
795 2944 955 2986 multos
987 2943 1122 2985 totius
1155 2943 1274 2985 vitae
1306 2945 1487 2996 peccata
1520 2941 1741 2984 confessos
1773 2954 1885 2989 esse;
1931 2954 2009 2994 pu-

242 3009 365 3050 blicis
396 3008 781 3063 supplicationibus
802 3008 1010 3062 plurimos
1032 3007 1305 3057 interfuisse;
1338 3007 1381 3049 in
1404 3006 1578 3061 templis
1601 3005 1804 3048 ornandis
1825 3005 2008 3047 multum

243 3073 499 3126 praestitum
534 3087 651 3121 esse;
694 3087 907 3128 pauperes
945 3073 1182 3115 catholicos
1222 3072 1414 3127 pecuniis
1452 3071 1566 3126 apud
1598 3070 1775 3113 ditiores
1816 3069 2009 3112 collectis

243 3137 414 3179 adiutos
446 3152 562 3188 esse;
596 3139 876 3180 reflorescere
907 3141 1143 3192 perpetuae
1175 3136 1442 3191 virginitatis
1465 3150 1676 3181 amorem:
1710 3134 1825 3176 haud
1846 3148 2008 3188 paucos

241 3203 506 3244 monasteria
557 3203 778 3256 ingressos
826 3217 920 3244 esse
968 3202 1086 3254 (352.
1137 3204 1234 3244 601.
1285 3201 1550 3254 607—608).
1628 3199 1773 3253 Atque
1830 3199 2007 3242 ineunte
