2093 3444
300 178 379 210 (560.
416 175 630 209 Franciscus
658 174 853 209 petrarcha
881 174 1033 209 Canisio.
1073 174 1185 208 Roma
1212 174 1267 207 24.
1296 174 1451 208 Ianuarii
1481 174 1580 208 1502.
1740 176 1823 216 359

873 292 1004 334 (560.

331 391 394 432 P.
427 389 876 433 FRANCISCUS
909 389 1363 432 PETRARCHA
1399 389 1453 431 S.
1487 388 1544 430 J.

159 490 329 533 nomine
361 490 571 544 Alphonsi
607 489 882 540 Salmeronis,
917 489 1066 531 vicarii
1100 488 1318 543 generalis
1352 487 1583 531 Societatis
1616 488 1726 538 Iesu,

805 590 1078 637 CANISIO.

690 697 800 733 Roma
828 697 885 733 24.
912 697 1077 733 Ianuarii
1104 699 1198 734 1562.

178 787 234 822 Ex
252 787 458 832 apographo
477 787 636 820 eiusdem
655 786 845 832 temporis;
873 788 908 820 111
926 787 1098 829 margine.
1126 787 1250 821 eadem
1268 798 1393 821 manu:
1426 786 1612 829 „Augusta
1631 784 1824 819 06111661οἕ

62 840 145 876 cod.
177 841 316 883 „Germ
346 841 455 874 1561*
488 840 512 874 f.
540 840 616 874 36².

183 922 269 956 Cum
299 922 467 955 C'anlsins
493 923 599 954 uineis
625 934 659 955 se
685 922 860 965 (lefcctz'yet,
890 922 1073 955 Samaei-me
1103 925 1291 965 constitnit,
1320 927 1355 955 1(1
1381 923 1513 965 «liquis
1539 922 1570 955 ei
1595 922 1829 963 (ιιῖἱῑιηῃιιΐειν,

63 978 125 1020 qece'
152 977 263 1019 ipsius*
291 976 483 1009 sceletaslini
501 977 712 1018 prospiciat.

180 1064 342 1114 Questa
374 1063 608 1106 settimana
640 1078 726 1104 non
758 1063 958 1106 habiamo
992 1065 1185 1106 riceuuto
1217 1078 1383 1106 nesuna
1416 1063 1457 1104 di
1487 1063 1540 1105 V.
1565 1061 1827 1104 Reuerentia

0 1151 1 1159 ³
59 1129 90 1171 il
123 1129 201 1171 che
232 1128 454 1183 pensiamo
487 1128 552 1170 sia
582 1129 840 1183 procedutto
872 1143 950 1183 per
982 1130 1059 1172 che
1092 1130 1176 1172 ella
1209 1129 1315 1171 deue
1349 1142 1444 1171 eser
1482 1127 1645 1170 andata
1675 1127 1719 1168 in
1751 1128 1829 1169 Jn-

58 1194 345 1248 glostadio³1.
410 1194 573 1243 Questa
614 1194 842 1236 scriuiamo
875 1209 953 1248 per
985 1195 1075 1236 dire
1108 1209 1133 1237 a
1166 1195 1217 1237 V.
1252 1195 1301 1237 R.
1337 1194 1415 1236 che
1448 1193 1717 1248 jntendiamo
1752 1192 1829 1234 che

59 1259 128 1314 leij
164 1259 199 1301 si
240 1259 433 1302 afaticha
474 1262 600 1313 tropo
643 1273 666 1301 6
709 1260 786 1301 0116
827 1260 884 1301 116
915 1261 1052 1314 pocho
1094 1260 1321 1314 risguardo
1363 1260 1450 1302 alla
1483 1273 1561 1301 sua
1593 1258 1757 1301 sanita:
1800 1257 1831 1299 il

59 1325 138 1367 che
171 1325 361 1378 quantob
403 1324 664 1367 detrimento
701 1325 845 1379 potria,
886 1327 1064 1380 portare
1102 1326 1143 1368 al
1184 1326 1280 1367 ben’
1305 1338 1484 1367 comune
1523 1327 1568 1367 et
1608 1324 1650 1366 al
1694 1323 1830 1378 parti-

60 1391 180 1433 colar
211 1391 264 1432 de
280 1390 532 1443 'Alamagna
554 1390 607 1433 V.
632 1390 682 1432 R.
716 1391 756 1431 lo
791 1405 874 1444 puo
902 1391 1011 1433 bene
1034 1391 1307 1433 considerare
1341 1426 1349 1433 .
1382 1393 1587 1445 pertanto
1610 1389 1665 1432 N.
1688 1388 1831 1430 Padre

60 1455 264 1498 Vichario
297 1456 562 1498 racomanda
584 1456 638 1498 V.
667 1456 718 1498 R.
754 1457 831 1497 che
863 1456 992 1498 habia
1025 1471 1128 1498 cura
1161 1457 1274 1499 della
1306 1470 1384 1498 sua
1416 1456 1557 1498 salute
1590 1454 1831 1508 corporalle

61 1524 105 1564 et
137 1520 179 1562 di
210 1521 283 1575 piu
317 1521 394 1562 che
435 1521 505 1563 dia
538 1521 685 1563 ordine
728 1522 770 1563 al
803 1522 943 1564 Padre
975 1522 1126 1576 Lanoy
1167 1522 1339 1575 alquale
1380 1521 1516 1563 anche
1552 1520 1594 1562 di
1627 1534 1712 1573 qua
1744 1533 1831 1561 vna

61 1587 176 1629 altra
206 1587 329 1629 volta
370 1600 416 1628 se
457 1600 569 1640 gene
611 1586 804 1629 scriuera
845 1587 887 1629 di
928 1587 992 1629 cio
1034 1588 1111 1629 che
1149 1588 1262 1630 nella
1304 1601 1382 1629 sua
1422 1585 1645 1641 prouincia
1677 1584 1832 1627 ritroui

61 1651 244 1705 qualche
275 1654 449 1705 sogetto
487 1654 581 1694 atto
616 1654 660 1694 et
692 1653 834 1705 quello
868 1653 938 1695 (116
971 1667 997 1695 6
1028 1653 1080 1696 V.
1116 1653 1165 1696 R.
1201 1652 1292 1695 acio
1334 1652 1395 1706 gli
1426 1652 1541 1694 facia
1573 1650 1831 1705 compagnia

62 1720 106 1760 et
137 1717 180 1759 la
212 1717 319 1759 aiuti
357 1717 404 1770 jn
447 1718 580 1759 molte
622 1731 721 1759 cose
763 1721 807 1760 et
847 1718 976 1760 habia
1018 1719 1156 1760 6116116
1197 1732 1300 1760 cura
1341 1718 1383 1760 di
1415 1718 1468 1760 V.
1501 1717 1552 1759 R.
1588 1716 1697 1758 delle
1733 1729 1831 1757 cose

61 1785 347 1837 apartenente
380 1783 422 1825 61
454 1783 606 1837 Corpo.

179 1847 374 1890 Hauanti
404 1848 497 1890 heri
529 1848 607 1890 6116
638 1848 685 1890 fu
718 1848 853 1890 a112‘>
887 1849 957 1890 (161
978 1852 1180 1903 presente
1203 1848 1239 1890 61
1270 1848 1385 1903 parti
1418 1848 1460 1890 di
1481 1861 1603 1889 roma
1634 1847 1664 1888 il
1696 1846 1831 1901 padre

61 1913 284 1955 valentino
325 1914 493 1957 boemo.
558 1914 803 1969 Sequuntur
845 1915 990 1957 eadem
1028 1915 1141 1970 fere,
1185 1929 1291 1970 (suae
1331 1916 1401 1957 22.
1434 1915 1638 1956 Ianuarii
1674 1913 1832 1968 scripta

64 1984 196 2021 errent.
260 1978 312 2020 Di
347 1993 469 2021 roma
501 1979 576 2021 alli
610 1982 664 2020 24
698 1979 740 2021 di
773 1994 965 2033 ι6361111610
1001 1981 1128 2022 1562.

182 2136 260 2171 Hac
297 2136 516 2171 hebdomade
550 2138 774 2171 reverentiae
801 2140 945 2172 vestrae
980 2137 1122 2172 litteras
1156 2149 1225 2171 non
1261 2137 1485 2182 accepimus;
1521 2136 1556 2170 id
1583 2135 1676 2179 quod
1712 2146 1756 2168 ex
1792 2146 1832 2168 eo

62 2190 200 2224 factum
226 2201 307 2224 esse
325 2190 531 2229 conicimus,
560 2191 653 2235 quod
680 2192 758 2235 ipsa
778 2191 1037 2235 ingolstadium
1056 2191 1217 2236 profecta
1243 2191 1291 2225 sit
1306 2192 1325 2225 ¹.
1364 2190 1467 2224 Hanc
1493 2192 1613 2223 autem
1640 2187 1832 2233 epistulam

62 2243 272 2283 scribimus,
309 2246 350 2277 ut
375 2243 416 2277 R.
436 2244 479 2278 V.
506 2244 574 2278 hoc
600 2245 780 2278 dicamus:
817 2245 937 2289 Ipsam
963 2244 1070 2278 nimis
1096 2256 1135 2278 66
1161 2244 1317 2288 fatigare
1344 2246 1379 2278 et
1405 2244 1447 2277 de
1473 2243 1681 2277 valetudine
1706 2253 1832 2287 parum

62 2297 224 2340 cogitare
250 2296 516 2335 intelleximus:
554 2309 625 2342 qua
652 2309 698 2332 ex
724 2310 762 2332 re
789 2300 962 2342 quantum
989 2297 1196 2332 detrimenti
1222 2300 1258 2332 et
1283 2296 1481 2332 communis
1516 2299 1552 2331 et
1577 2296 1720 2341 privata
1747 2295 1832 2330 Ger-

62 2350 203 2384 maniae
229 2350 328 2384 661116
365 2362 492 2395 capere
518 2351 651 2395 possit,
688 2351 730 2385 R.
748 2351 792 2385 V.
819 2351 909 2385 bene
945 2351 1195 2385 considerabit.
1248 2350 1365 2392 Quare
1391 2353 1493 2395 pater
1527 2351 1649 2384 noster
1674 2349 1833 2383 vicarius

62 2402 104 2438 R.
122 2403 166 2437 V.
194 2406 230 2438 et
255 2405 295 2437 ut
321 2404 482 2448 corporis
508 2404 755 2438 valetudinem
782 2416 888 2438 curae
915 2404 1047 2438 habeat
1073 2407 1109 2438 et
1134 2404 1201 2439 hoc
1227 2404 1471 2446 commendat,
1504 2406 1544 2437 ut
1570 2403 1663 2449 patri
1688 2402 1832 2444 Lanoio,

63 2457 120 2491 cui
146 2456 230 2491 hinc
256 2468 398 2501 quoque
424 2457 514 2491 alias
550 2457 621 2492 ista
647 2458 690 2492 de
716 2469 755 2491 re
781 2458 979 2499 scribetur,
1015 2458 1183 2499 mandat,
1218 2457 1384 2492 idoneum
1410 2457 1567 2501 aliquem
1593 2456 1771 2490 hominem
1796 2457 1831 2490 in

62 2511 176 2555 ipsius
201 2511 387 2555 provincia
422 2512 603 2556 repertum
630 2511 671 2545 R..
691 2511 736 2546 V.
763 2511 841 2552 det,
879 2511 939 2555 qui
964 2511 1081 2556 ipsam
1117 2511 1308 2545 comitetur
1343 2523 1384 2545 ac
1409 2514 1487 2545 tum
1521 2510 1558 2544 in
1593 2510 1717 2544 multis
1751 2509 1832 2544 aliis

62 2564 169 2598 rebus
196 2564 311 2609 ipsam
338 2564 487 2598 adiuvet
512 2566 588 2598 tum
616 2565 652 2598 in
678 2565 786 2599 rebus
813 2565 858 2598 ad
885 2576 1013 2609 corpus
1039 2565 1302 2609 pertinentibus
1328 2564 1369 2598 R.
1388 2564 1432 2598 V.
1459 2564 1664 2609 prospiciat.

180 2617 320 2652 Nudius
345 2618 486 2659 tertius,
514 2618 574 2662 qui
593 2619 668 2652 dies
695 2619 750 2652 22.
770 2618 876 2651 huius
902 2617 1036 2651 mensis
1063 2620 1149 2659 erat,
1177 2618 1289 2652 Roma
1309 2618 1475 2652 discessit
1500 2620 1603 2663 pater
1616 2617 1832 2652 Valentinus

63 2669 254 2705 Bohemus.
305 2672 512 2716 Sequuntur
537 2672 631 2715 [ete.,
660 2676 697 2705 ut
721 2671 866 2714 supra).
918 2671 1031 2705 Roma
1057 2671 1112 2705 24.
1139 2671 1296 2705 Ianuarii
1325 2671 1426 2706 1562.

181 2808 194 2823 ἃ
220 2803 352 2837 andata
379 2804 426 2838 Jn
452 2803 605 2838 lostadio
631 2815 687 2847 (Q).
786 2803 800 2823 b
827 2804 968 2848 quando
995 2816 1050 2848 (Q).

186 2938 195 2958 ¹
222 2937 407 2979 Canisius,
442 2937 706 2980 Ingolstadium
731 2937 776 2971 ab
803 2937 941 2972 Alberti
969 2937 1012 2972 V.
1039 2938 1217 2973 Bavariae
1243 2938 1345 2973 ducis
1377 2939 1590 2974 consiliariis
1625 2937 1830 2979 arcessitus,

62 2991 129 3025 sub
163 2990 321 3025 medium
355 3003 402 3026 m.
437 2990 643 3025 Ianuarium
677 3002 708 3024 a.
745 2990 836 3025 1562
870 2991 1003 3025 ibidem
1039 2994 1075 3025 et
1109 2992 1152 3026 de
1185 2992 1426 3027 universitate
1460 2992 1688 3026 reformanda
1723 2994 1758 3026 et
1788 2991 1831 3026 de

63 3043 215 3087 collegio
241 3043 481 3086 Straubingae
507 3043 690 3077 condendo
716 3055 798 3078 cum
823 3044 912 3089 ipsis
939 3044 1014 3088 egit
1048 3056 1090 3079 ac
1123 3045 1226 3080 varia
1260 3048 1338 3080 tum
1371 3057 1435 3091 pro
1471 3045 1622 3089 collegio
1659 3045 1831 3089 ingolsta-

63 3096 288 3185 gie3115i29t211m
322 3109 386 3142 pro
421 3097 640 3142 pauperibus
673 3096 880 3131 litterarum
915 3097 1087 3132 studiosis
1121 3099 1342 3144 impetravit.
1402 3099 1493 3134 Vide
1527 3099 1640 3140 infra,
1675 3109 1830 3132 monum.

89 3151 119 3185 9·
137 3177 144 3184 .
245 3177 252 3184 .
