2093 3444
213 160 295 200 714
601 155 757 189 Monuni.
788 153 975 200 (oenipot.)
1005 154 1084 190 336.
1115 155 1294 199 (Exeunte
1321 155 1410 190 Iulio
1438 155 1557 200 1562.)

327 272 367 304 In
393 271 525 305 litteris
552 270 712 314 graecis:
745 270 941 313 „Homerus
968 282 1049 304 011111
1075 270 1376 304 commentariis“.
1430 271 1607 312 „Fabulae
1634 273 1764 318 Aesopi
1792 285 1920 316 graece
1947 275 1983 308 et

209 324 353 358 latine“.
409 323 619 366 „Orationes
651 323 820 358 Isocratis
856 335 984 367 graece
1015 327 1051 358 et
1085 324 1231 358 latine“.
1287 324 1567 365 „Demosthenes
1601 337 1730 369 graece
1766 329 1802 360 et
1835 326 1982 361 latine“.

213 377 526 421 „Aristophanes“.
582 376 720 422 „Opera
747 376 895 411 Luciani
926 377 1205 420 graecolatina“.
1262 377 1422 421 „Dialogi
1448 377 1597 412 Luciani
1633 381 1669 412 et
1696 378 1742 423 [P]
1774 391 1855 413 cum
1890 392 1981 414 com-

208 430 403 471 mentariis,
431 430 462 464 si
489 432 653 464 exstant*
670 436 693 464 ἢ.
738 430 948 472 „Orationes
975 429 1112 474 aliquot
1139 429 1374 464 Chrisostomi
1401 433 1564 473 graece“.
1604 432 1771 473 „Suidas“
1788 433 1813 467 b.
1859 432 1982 467 Gram-

209 484 363 517 maticae
395 495 547 527 graecae
579 484 753 526 „Urbani“
785 483 955 517 Bolsamii
986 484 1020 526 (†
1047 484 1113 517 sub
1142 483 1248 527 1545)
1279 483 1318 517 Ο.
1346 483 1431 517 Μ111.
1462 484 1627 527 (Parisiis
1660 486 1765 529 1543)
1804 488 1839 520 et
1865 487 1983 521 Iacobi

214 536 444 582 „Caeporinff
477 536 795 580 (VViesendanger)
824 537 1039 580 zwingliani,
1067 548 1097 570 a.
1128 537 1217 570 1525
1245 536 1368 580 Tiguri
1397 537 1554 581 (Zurich)
1584 539 1725 573 mortui.
1767 538 1978 583 „Syntaxis“

211 590 356 634 linguae
382 602 535 633 graecae
563 602 583 624 a
610 591 741 624 Ioanne
768 589 972 624 Varennioss
997 590 1245 624 mechliniensi
1276 592 1310 633 (†
1336 590 1402 624 sub
1432 591 1536 633 1536)
1566 592 1711 636 scripta.

329 644 369 677 In
404 643 536 678 litteris
571 643 713 678 latinis:
756 643 878 685 „Titus
913 643 1038 677 Livius
1074 643 1109 677 in
1148 643 1281 677 maiore
1319 643 1433 677 forma
1472 656 1552 678 cum
1591 645 1780 679 Glareani“
1821 645 1983 690 (Henrici

212 696 332 733 Loriti.
360 697 574 742 professoris
599 696 850 730 universitatis
877 696 1124 740 friburgensis,
1152 698 1172 738 †
1201 696 1306 739 1563)
1340 697 1633 740 „castigationeffl
1686 697 1978 740 „Commentarii“

212 750 247 784 in
274 750 506 791 Sallustium,
544 750 733 791 Ovidium,
770 750 970 784 Horatium.
1026 749 1229 793 „Vergilius
1265 762 1345 783 cum
1382 750 1648 785 commentariis
1684 751 1818 786 Seruii“
1853 752 1985 795 (Mauri

213 803 329 837 Servii
348 803 552 847 Honoratii)
584 806 639 845 „et
665 804 850 837 aliorum“.
886 803 1016 837 Petrus
1039 803 1212 845 7,11ε1111115“
1244 803 1388 846 (gallus,
1415 803 1604 838 Aristoteli
1630 804 1805 847 inimicus,
1833 817 1864 839 a.
1894 806 1984 840 1562

214 856 472 890 Calvinismum
508 857 713 901 professus,
749 858 769 899 †
804 856 909 899 1572)
951 856 1006 898 „in
1041 857 1227 890 Bucolica“
1268 857 1430 900 Vergilii.
1486 857 1687 899 „Ciceronis
1727 871 1835 904 opera
1870 859 1983 904 philo-

213 909 360 954 sophica
395 922 475 944 cum
511 910 811 944 connnentariis“.
868 909 1172 952 „Castigationes“
1214 909 1320 943 Marii
1350 910 1564 952 „Victorini“
1603 911 1756 946 rhetoris
1797 912 1852 954 „in
1878 925 1985 957 opera

216 963 431 998 Cice1·onis“.
483 963 634 998 Iacobus
660 963 863 997 Ludovicus
899 963 1111 1005 „Strebeus“
1150 963 1270 1006 gallus
1308 964 1417 1007 (saec.
1445 964 1558 1008 XVI.)
1595 964 1631 998 in
1660 965 1841 999 Ciceronis
1876 966 1986 1000 libros

216 1016 423 1051 rhetoricos.
478 1016 732 1051 commentarii
759 1018 795 1050 et
819 1017 1067 1050 adnotationes
1093 1017 1128 1050 in
1157 1016 1361 1050 Ciceronem
1393 1017 1548 1062 scriptae
1575 1029 1595 1052 a
1621 1019 1894 1053 Bartholomaeo
1921 1018 1985 1052 La-

216 1072 311 1104 tomo
337 1070 633 1113 luxemburgensi
662 1070 697 1114 (†
726 1070 831 1111 1570)
866 1072 902 1103 et
927 1081 948 1104 a
973 1070 1110 1104 famoso
1136 1070 1197 1104 illo
1223 1071 1353 1104 Ioanne
1381 1070 1536 1105 Sturmio
1563 1071 1775 1113 calviniano,
1805 1072 1987 1117 gymnasii

216 1123 523 1166 argentoratensis
549 1126 687 1158 rectore
716 1123 751 1167 (†
779 1123 899 1167 1589).
954 1123 1181 1166 „Thesaurus
1208 1124 1422 1158 Ciceronis“.

336 1177 530 1211 Praeterea
556 1177 592 1211 in
618 1189 656 1211 re
674 1176 853 1211 rhetorica
879 1179 915 1210 et
933 1177 1188 1220 grammatica:
1219 1177 1446 1219 „Aristotelis
1464 1178 1655 1212 Rhetorica
1674 1190 1754 1212 cum
1773 1179 1981 1213 comment.“

216 1229 313 1264 Petri
357 1230 500 1271 „Ranff‘
550 1230 608 1273 (de
649 1241 717 1274 quo
758 1229 882 1274 supra)
932 1230 1232 1272 „Observationes
1274 1231 1310 1264 in
1345 1230 1604 1272 Quintilianum
1648 1234 1684 1266 et
1717 1232 1985 1266 Aristotelem“.

219 1283 385 1326 „Georgii
413 1283 625 1318 Cassand1·i“
657 1283 847 1317 erasmiani
877 1283 912 1326 (†
942 1284 1046 1326 1566)
1076 1283 1234 1318 Tabulae
1261 1284 1390 1318 breves
1415 1284 1451 1318 in
1478 1285 1749 1330 praeceptiones
1775 1285 1987 1320 Rhetoricas

217 1336 401 1381 (Coloniae
430 1338 520 1371 1550
547 1337 642 1381 etc.).
682 1337 897 1379 „Audomari
924 1336 1117 1371 Rhetorica
1144 1349 1224 1371 cum
1246 1336 1391 1381 Georgii
1410 1338 1529 1372 Arasii
1555 1339 1843 1383 partitionibus“.
1883 1338 1986 1381 „Cor-

214 1390 298 1424 nelii
334 1390 488 1424 Valerii“
531 1390 784 1433 (ultraiectini,
821 1390 1035 1435 professoris
1069 1390 1320 1425 universitatis
1355 1391 1593 1431 lovaniensis,
1629 1393 1648 1433 †
1681 1392 1787 1435 1578)
1830 1391 1988 1434 „Tabula

214 1443 457 1478 Rhetorices“.
518 1443 764 1488 Christophori
804 1443 1006 1487 „Longolffl
1049 1443 1318 1478 mechliniensis
1357 1444 1392 1487 (†
1424 1445 1489 1478 sub
1526 1445 1631 1488 1522)
1676 1446 1894 1487 „orationes“
1935 1445 1986 1489 (in

218 1497 468 1539 „Luterianos“
501 1497 597 1540 etc.).
653 1497 776 1539 „Aonii
803 1497 1022 1531 Palaearici“
1057 1497 1238 1541 (Palearii,
1265 1497 1363 1539 itali,
1390 1509 1420 1531 a.
1451 1499 1541 1533 1570
1568 1498 1702 1532 Romae
1728 1499 1771 1533 ob
1798 1498 1986 1540 haeresim,

214 1553 449 1584 retractatam
474 1552 614 1591 tamen,
643 1550 766 1594 occisi)
800 1550 1033 1592 „orationes“.
1088 1551 1274 1593 „Andreae
1300 1551 1516 1595 Navagerii‘*
1551 1552 1706 1595 (veneti,
1737 1553 1757 1594 †
1784 1552 1849 1586 sub
1878 1552 1983 1596 1529)

219 1603 417 1646 „orationes
445 1606 480 1637 et
513 1604 706 1638 cai-inina“.
757 1604 969 1638 Bel-nardini
1000 1604 1246 1646 „Parthenion
1280 1604 1491 1647 (Parthenii,
1521 1605 1724 1647 friulensis‚
1752 1617 1846 1640 saec.
1874 1605 1986 1649 XVI.)

221 1657 419 1700 „orationes
454 1669 517 1702 pro
552 1657 677 1701 lingua
711 1657 858 1692 latina“.
915 1657 1033 1692 Caroli
1073 1657 1249 1700 „Sigoniff
1285 1657 1498 1692 mutinensis
1536 1658 1571 1703 (†
1606 1659 1710 1702 1584)
1754 1659 1987 1701 „orationes“.

219 1710 366 1753 „Jacobi
392 1711 582 1745 Brocardi“
616 1710 849 1755 (GrocardiP)
883 1711 1116 1756 „partitiones
1152 1711 1387 1745 01*at0riae“¹.
1443 1711 1646 1754 „Gerardus
1671 1712 1912 1747 Buccolianus
1945 1712 1988 1746 de

215 1764 420 1798 inventione
457 1767 493 1798 et
527 1764 805 1809 amplificatione
841 1765 1030 1798 oratoria“.
1081 1765 1260 1799 Antonius
1300 1765 1577 1807 „Mancinellus“
1616 1765 1726 1800 italus
1763 1765 1872 1809 (saec.
1908 1765 1986 1800 XV.

215 1818 396 1860 exeuntis)
430 1818 491 1859 „de
518 1817 795 1852 schematibus“.
839 1818 1026 1852 Per-ionius
1053 1818 1093 1852 O.
1121 1818 1155 1852 S.
1183 1818 1222 1852 B.
1261 1818 1320 1862 (de
1347 1831 1415 1862 quo
1442 1830 1551 1863 supra
1577 1831 1609 1863 p.
1639 1819 1721 1861 713)
1756 1819 1818 1860 „de
1854 1819 1987 1864 optimo

215 1883 346 1914 genere
373 1871 668 1916 inte1·pretandi“.
705 1871 949 1906 Grammatica
984 1871 1096 1905 latina
1123 1871 1266 1905 Ioannis
1284 1872 1513 1917 Despauterii
1538 1872 1667 1906 flandri
1689 1873 1724 1916 (†
1742 1873 1808 1907 sub
1827 1884 1857 1907 a.
1879 1872 1986 1916 1526)

220 1924 381 1968 „integra
416 1924 603 1968 Lugdun“.
665 1923 909 1959 Grammatica
943 1925 1056 1958 latina
1088 1924 1184 1958 Helii
1220 1925 1364 1960 Antonii
1402 1925 1670 1967 „Neb1·ice11sis“
1713 1925 1987 1969 (Nebrissensis,

216 1978 369 2022 hispani,
396 1979 417 2019 †
443 1978 509 2012 sub
536 1989 566 2012 a.
598 1978 716 2022 1522).
755 1978 970 2023 „Calepinus
996 1981 1176 2023 postremo
1203 1979 1428 2022 recognitus“
1462 1978 1499 2022 (i.
1527 1991 1556 2013 e.
1588 1978 1872 2023 „Cornucopiae“
1902 1980 1988 2013 Am-

215 2031 324 2066 brosii
352 2030 512 2076 Calepini
537 2031 776 2075 bergomatis,
816 2032 900 2066 Ord.
928 2032 986 2066 Er.
1015 2032 1049 2067 S.
1075 2032 1180 2075 Aug„
1208 2032 1311 2076 Regii
1340 2033 1439 2073 1502,
1470 2032 1631 2066 Venetiis
1659 2032 1760 2066 1506.
1790 2032 1880 2066 1513
1907 2033 1986 2074 etc.,

217 2083 379 2118 Basileae
408 2085 498 2118 1512
525 2087 592 2119 etc.
620 2085 656 2119 in
681 2085 798 2119 lucem
825 2086 998 2127 emissae,
1035 2097 1056 2119 a
1082 2085 1212 2129 quibus
1237 2085 1389 2119 latinum
1417 2085 1505 2119 illud
1531 2085 1671 2120 lexicon
1699 2084 1986 2119 forcellinianum

217 2138 391 2181 originem
418 2138 586 2183 accepit).

338 2191 378 2225 In
411 2191 580 2232 historia,
616 2191 868 2235 archaeologia
894 2194 981 2226 etc.:
1018 2191 1204 2236 Polybius.
1254 2191 1430 2226 Diodorus
1465 2191 1616 2226 Siculus.
1667 2191 1863 2236 Dionysius
1888 2191 1986 2225 Hali-

217 2256 431 2278 carnasseus
460 2244 578 2287 (cuius
609 2243 792 2290 ,,Ῥωμαϊχὴ
821 2245 1076 2290 ἀρχαιολογία“
1108 2245 1259 2279 Parisiis
1284 2256 1315 2279 a.
1346 2245 1436 2279 1530
1462 2257 1525 2290 per
1543 2245 1738 2279 Robertum
1765 2244 1986 2289 Stephanum

216 2297 370 2342 primum
405 2298 500 2332 edita
534 2299 639 2341 erat).
691 2298 818 2332 Strabo
847 2325 853 2332 .
882 2297 1075 2342 Eutropius
1112 2325 1118 2331 .
1152 2298 1348 2342 Procopius
1378 2298 1666 2341 (Caesareensis,
1703 2299 1835 2343 partim
1870 2298 1987 2332 editus

216 2362 279 2395 per
306 2351 455 2385 Beatum
483 2351 695 2385 Rhenanum
723 2351 756 2396 [†
785 2351 919 2395 1547]).
971 2351 1195 2396 Nicephorus
1225 2350 1392 2394 (Callisti,
1423 2351 1524 2385 cuius
1555 2351 1714 2385 Historia
1741 2351 1987 2385 ecclesiastica

216 2404 380 2438 Basileae
406 2415 437 2438 a.
467 2405 557 2439 1553
583 2404 737 2449 primum
763 2405 861 2450 typis
888 2404 1071 2449 exscripta
1098 2404 1202 2447 erat).
1243 2404 1386 2446 „Berosi
1410 2404 1589 2438 Historia“
1622 2404 1729 2448 (liber
1754 2404 1820 2438 sub
1845 2405 1986 2438 nomine

216 2457 340 2491 Berosi
360 2457 532 2491 Chaldaei
551 2457 658 2502 [saec.
678 2458 740 2492 IlI.
760 2470 790 2492 a.
812 2457 908 2501 Cim]
928 2458 972 2492 ab
990 2457 1107 2491 Annio
1122 2457 1341 2491 Viterbiensi
1360 2457 1400 2491 Ο.
1421 2458 1478 2492 Ρ1·.
1499 2457 1533 2502 [†
1552 2458 1618 2492 sub
1640 2458 1743 2501 1502]
1764 2457 1986 2501 evulgatus).

220 2510 462 2552 „Fenestella“
496 2511 602 2563 (liber
629 2511 671 2545 de
697 2511 973 2555 magistratibus
999 2513 1035 2544 et
1061 2510 1273 2544 sacerdotiis
1294 2510 1534 2545 Romanorum
1560 2511 1626 2545 sub
1652 2512 1794 2545 nomine
1819 2510 1858 2545 L.
1877 2510 1985 2544 Fene-

215 2563 343 2598 stellae
370 2564 404 2607 [†
425 2564 467 2598 19
493 2576 528 2609 p.
548 2563 644 2608 chin]
673 2576 693 2598 a
711 2564 838 2599 Flocco
866 2563 900 2608 [†
918 2576 1012 2598 saec.
1030 2563 1124 2608 XV.]
1152 2563 1298 2607 editus).
1334 2564 1449 2598 Flavii
1470 2564 1597 2598 Blondi
1622 2564 1701 2598 itali
1730 2564 1765 2607 (†
1790 2564 1856 2598 sub
1879 2563 1983 2607 1463)

221 2616 419 2659 „Historia⁴‘
450 2629 608 2651 romana.
660 2617 814 2661 Sigonii,
843 2618 885 2652 de
912 2629 981 2662 quo
1008 2629 1126 2662 supra,
1158 2618 1295 2660 „Fasffl
1328 2620 1363 2651 et
1393 2618 1456 2660 „de
1481 2617 1683 2652 nominibus
1710 2617 1984 2651 Romanorum“.

217 2670 398 2704 Guilielmi
423 2670 560 2704 Budaei
585 2682 671 2713 sen„
707 2670 796 2714 galli
825 2671 860 2714 (1-
886 2671 952 2705 sub
982 2671 1106 2714 1540),
1148 2682 1274 2715 „opera
1299 2670 1335 2704 in
1362 2671 1600 2705 Pandectas“.
1654 2670 1784 2713 „Coelii
1811 2670 1985 2713 Rodogini

216 2723 454 2758 collectanea“
481 2723 668 2768 (Ludovici
689 2724 799 2759 Caelii
818 2724 976 2758 Richerii
1002 2724 1181 2768 rhodigini
1200 2723 1385 2769 [platonici
1408 2723 1496 2765 itali,
1523 2725 1543 2765 †
1562 2723 1627 2758 sub
1649 2723 1753 2768 1520]
1785 2723 1985 2767 „Antiquae

217 2776 422 2811 Lectiones“
454 2777 495 2811 de
530 2778 637 2812 rebus
671 2777 906 2821 theologicis,
942 2777 1120 2819 iuridicis,
1156 2777 1355 2819 historicis,
1391 2777 1554 2821 criticis).
1607 2777 1782 2811 Chronica
1809 2775 1985 2820 sigeberti

334 2906 348 2920 ὃ
373 2901 496 2934 exstat
520 2912 577 2944 ap.
674 2900 690 2921 b
716 2899 857 2934 Smidas
883 2911 940 2944 ap.
1039 2906 1051 2921 ⁰
1076 2899 1244 2934 Varemio
1274 2911 1331 2944 ap.

338 3026 502 3061 ¹Nescio
536 3039 621 3061 num
655 3028 714 3062 hic
749 3028 798 3062 sit
831 3028 925 3062 idem
960 3039 1002 3062 ac
1041 3028 1210 3071 „lacobus
1237 3028 1459 3062 Brocardus“
1489 3027 1598 3062 italus
1624 3027 1704 3069 ille,
1740 3038 1844 3072 quem
1885 3038 1981 3071 „pro—

217 3078 377 3123 phetica⁴⁴
409 3081 584 3124 quaedam
611 3083 648 3115 et
673 3081 828 3126 mystica
854 3080 1044 3126 scripsisse
1071 3083 1106 3115 et
1131 3083 1213 3126 post
1236 3092 1266 3116 a.
1288 3081 1378 3116 1593
1404 3081 1482 3115 vita
1508 3081 1660 3116 cessisse
1686 3080 1818 3114 asserit
1835 3081 1982 3124 Paquot,

217 3132 408 3167 Memoires
434 3135 501 3168 etc.
529 3133 589 3177 [cf.
617 3145 725 3179 supra
751 3146 784 3179 p.
813 3134 910 3178 211¹]
937 3134 981 3176 II,
1010 3135 1088 3168 617.
