2093 3444
103 201 181 235 730.
219 199 304 234 Can.
333 199 456 234 Ottoni
475 199 623 234 Truchs.
652 200 693 234 de
713 200 926 245 Waldburg.
964 201 1057 245 Aug.
1076 201 1181 235 vind.
1208 201 1274 235 sub
1300 201 1376 235 init.
1404 213 1448 236 m.
1468 202 1552 236 Dec.
1575 203 1674 237 1562.
1731 205 1813 245 545

869 318 998 360 730.

788 411 1084 459 CANISIUS

268 507 541 550 OTTONI
573 508 995 553 TRUCHSESS
1029 511 1126 553 DE
1159 510 1601 563 WALDBURG,

363 588 535 623 cardinali
563 592 598 623 et
624 590 790 635 episcopo
817 593 1017 634 augustano
1044 594 1152 636 atque
1178 592 1319 638 imperii
1344 592 1506 638 principi.

354 669 523 717 Augusta
549 670 822 708 vindelicorum
849 671 914 707 sub
941 671 1088 708 initium
1114 683 1160 709 ιιι.
1186 672 1393 709 Decembris
1419 672 1514 709 1562.

173 752 228 786 Ex
250 755 367 798 Goon-³,
393 753 563 796 Beitrage
589 766 621 799 p.
641 755 749 794 2532;
777 755 838 798 qui
859 754 1001 788 Ottonis
1027 755 1230 799 epistulam,
1257 756 1300 790 de
1326 767 1396 800 qua
1422 756 1527 799 infra,
1554 756 1813 801 autographam

54 805 146 839 vidit
172 806 351 841 Monachii
376 807 411 840 in
438 807 584 841 archivo
611 808 712 852 regni
738 808 909 850 bavarici‚
942 808 1109 849 „Hochst
1136 809 1332 853 Augsburg
1357 822 1390 843 n.
1419 810 1473 851 90,
1500 810 1525 844 f.
1553 810 1655 844 233⁴&

172 859 360 905 Epistulae
378 861 592 895 mentionem
621 862 779 906 aliquam
806 862 898 895 idem
921 863 1026 895 Goetz
1044 862 1130 896 fecit
1156 863 1264 896 etiam
1290 863 1326 896 in
1357 863 1622 904 „Maximilians
1640 863 1684 897 Π.
1704 863 1812 897 Wah]

54 923 134 946 zum
159 914 360 948 romischen
387 914 526 958 Konige
555 915 664 949 1562*
697 914 918 958 (XViirzburg
947 914 1052 959 1891)
1080 927 1113 960 p.
1139 917 1245 957 196¹;
1272 916 1332 950 ubi
1358 918 1478 950 tamen
1508 917 1563 960 (ut
1588 917 1663 962 ipse
1690 919 1814 962 postea

53 966 208 1007 notavit)
236 967 360 1012 lapsus
385 970 450 1009 est,
477 980 558 1002 cum
585 968 776 1013 epistulam
800 967 895 1002 infra
920 969 1185 1002 memorandam
1212 969 1255 1003 ab
1282 969 1430 1004 Alberto
1457 969 1500 1005 V.
1527 970 1571 1004 ad
1598 970 1815 1005 cardinalem

54 1019 223 1054 Ottonem
249 1021 368 1055 datam
396 1032 474 1055 esse
501 1021 707 1055 affirmavit.

173 1092 466 1125 Maximile’annm
493 1092 563 1136 IL,
590 1093 833 1125 Romanormn
862 1104 992 1135 mys-m,
1020 1092 1226 1125 catholicum
1252 1098 1281 1126 et
1308 1097 1519 1127 constantem
1544 1106 1578 1127 se
1597 1095 1814 1137 praebuisse.

174 1175 263 1217 Otto
291 1176 531 1229 Truclzsess,
563 1176 800 1218 cardinalis
825 1181 860 1217 et
882 1178 1097 1231 episcopus
1121 1181 1382 1230 ciziyzistcmus
1406 1183 1528 1231 (itque
1546 1179 1814 1231 qemimzicae

55 1242 240 1282 nationis
270 1243 386 1296 apud
418 1243 554 1283 sedem
585 1243 849 1296 apostolicam
878 1240 1148 1296 „protector-‘2
1181 1242 1316 1283 Roma
1340 1243 1408 1284 19.
1433 1243 1676 1284 Decembris
1700 1245 1813 1285 1562

57 1306 224 1348 Alberto
257 1307 302 1348 V.
336 1307 554 1348 Raecio-iae
587 1308 685 1348 duci
717 1308 908 1361 scripsit:
946 1307 1002 1348 Et
1033 1308 1210 1349 Romam
1243 1312 1278 1348 et
1310 1312 1436 1348 totam
1468 1307 1638 1348 Italiam
1673 1308 1814 1349 stlaxi-

56 1373 223 1413 miliani
254 1372 545 1414 Romanoru‘ni
586 1374 696 1428 ‘replis
730 1373 849 1414 modo
892 1373 1032 1414 eiecti1
1073 1372 1274 1414 laudibus
1305 1387 1525 1425 resonare,
1572 1374 1688 1426 „mid
1718 1372 1814 1426 fiir-

54 1437 255 1479 iiembliclt
301 1438 372 1479 hat
415 1439 499 1479 mii·
539 1439 630 1480 mid
673 1438 860 1479 wedercn
905 1439 980 1479 der
1018 1438 1157 1490 froml)
1193 1438 1391 1479 Canisius
1431 1437 1695 1492 yescliriben,
1742 1440 1815 1480 secie

53 1502 102 1543 [ν
142 1503 217 1545 Mt.
263 1504 351 1545 sicli
398 1505 441 1545 in
486 1505 784 1558 capitulatione
827 1518 871 1545 so
915 1504 1071 1558 ‹lap-fei·
1112 1504 1201 1544 mid
1243 1503 1436 1544 catholice
1474 1504 1687 1557 qelicclten,
1736 1504 1815 1545 clas:

55 1567 97 1611 S.
122 1569 199 1610 Mt.
225 1569 342 1610 nieles
375 1569 455 1610 hab
490 1570 628 1611 wellen
662 1569 847 1623 beqebeii,
881 1569 971 1610 ‘timi
1005 1569 1084 1609 <las
1116 1570 1153 1609 si
1189 1570 1294 1610 icelle
1328 1570 1368 1610 in
1404 1569 1707 1623 besteizcii9k¹ait
1740 1570 1816 1611 der

55 1634 160 1675 cath.
205 1635 380 1689 reliyion
423 1634 580 1677 bleiben
628 1635 717 1676 und
760 1636 802 1676 ili
846 1635 914 1675 <lie
952 1633 1196 1688 fecestapfeii
1237 1635 1373 1674 &einer
1415 1634 1613 1686 vorfawen
1654 1639 1812 1688 tretten,

58 1699 199 1740 welche
230 1701 620 1754 praeclarissimum
662 1701 939 1742 testimoninm
974 1704 1059 1740 tam
1091 1700 1227 1741 sancti
1267 1700 1350 1740 viri
1384 1699 1547 1740 Canisii
1586 1701 1690 1741 aller
1727 1701 1816 1741 weit

50 1764 292 1819 yutlzerziye
320 1767 532 1820 yemietter
565 1763 789 1821 erqziiclct.“
806 1766 823 1792 2

172 1855 442 1892 Maximilianus
468 1858 511 1892 ΙΙ.
540 1870 624 1892 vere
651 1870 682 1892 a.
712 1858 821 1896 1562,
858 1869 938 1892 cuin
974 1858 1016 1891 de
1043 1856 1218 1900 dignitate
1253 1856 1349 1900 regis
1375 1856 1615 1890 Romanorum
1642 1858 1673 1891 ei
1699 1858 1814 1902 provi-

54 1909 168 1944 denda
195 1910 343 1945 consilia
369 1911 626 1954 conferrentur,
653 1923 774 1946 coram
802 1911 1024 1946 Ferdinando
1050 1911 1075 1944 I.
1103 1912 1214 1956 patre,
1241 1910 1424 1952 fratribus,
1451 1910 1598 1944 consilio
1624 1912 1816 1945 secretiore

53 1962 275 1998 sollemniter
291 1964 550 2008 affirmaverat,
568 1977 607 2000 se
625 1966 661 2000 in
680 1965 858 2000 catholica
875 1964 1047 2008 religione
1065 1975 1282 2005 mansurum,
1301 1975 1468 1998 romanae
1486 1963 1658 1998 ecclesiae
1676 1975 1817 2009 semper

53 2016 310 2059 oboediturum,
336 2019 510 2053 maiorum
536 2020 693 2063 vestigia
719 2021 755 2053 et
780 2019 816 2053 in
842 2019 918 2053 vita
953 2020 989 2052 et
1022 2018 1058 2052 in
1084 2019 1198 2052 morte
1223 2018 1430 2051 secuturum
1457 2028 1546 2051 esse.
1598 2016 1714 2058 Quare
1740 2018 1816 2052 Ma-

52 2069 148 2105 thias
176 2070 381 2115 Cythardus
409 2071 450 2107 O.
476 2072 536 2108 Pr.
563 2072 828 2107 ecclesiasticos
854 2072 992 2117 imperii
1020 2071 1194 2105 electores
1220 2071 1367 2111 monuit,
1402 2082 1446 2104 ne
1473 2071 1515 2104 de
1542 2070 1618 2104 eius
1644 2071 1816 2115 religione

52 2123 222 2158 timerent
249 2123 415 2167 (Janssen
443 2126 467 2161 1.
494 2138 524 2161 c.
550 2126 611 2168 IV,
638 2127 718 2161 215.
769 2127 861 2160 Mor.
882 2127 1007 2169 Ritter,
1033 2123 1215 2158 Deutsche
1243 2122 1459 2157 Geschichte
1485 2123 1533 2157 im
1559 2123 1728 2157 Zeitalter
1754 2125 1816 2158 der

54 2175 412 2220 Gegenreformation
439 2181 507 2215 etc.
533 2180 549 2214 I
576 2180 775 2225 [Stuttgart
803 2178 918 2223 1889]‚
944 2177 1160 2221 254—255).
1212 2178 1265 2211 Ac
1291 2189 1372 2210 cum
1397 2176 1624 2211 Francofurti
1651 2177 1694 2211 ad
1720 2177 1815 2212 Moe-

51 2241 136 2264 num
163 2231 218 2265 24.
245 2231 460 2268 Novembris
487 2234 578 2268 1562
604 2234 844 2268 Romanorum
879 2244 944 2266 rex
970 2232 1107 2266 electus
1142 2232 1257 2273 esset,
1291 2230 1422 2264 ibidem
1449 2230 1503 2265 30.
1530 2224 1744 2265 Novembris
1778 2231 1814 2265 in

57 2284 353 2329 „capitulatione“
383 2287 508 2329 solita,
544 2287 776 2331 quantumvis
803 2286 977 2320 electores
1003 2286 1245 2330 protestantes
1271 2283 1571 2325 intercessissent,
1610 2284 1676 2318 hoc
1702 2285 1815 2329 primo

50 2337 128 2371 loco
163 2339 422 2384 spoponderat:
464 2341 577 2383 „Dass
611 2341 676 2374 wir
703 2367 710 2374 .
739 2367 745 2374 .
774 2366 781 2374 .
809 2339 864 2373 die
892 2338 1136 2373 Christenheit
1169 2338 1241 2371 und
1277 2337 1345 2371 den
1371 2336 1475 2371 Stuhl
1509 2349 1552 2371 zu
1578 2337 1687 2380 Rom,
1723 2339 1815 2373 auch

53 2390 259 2426 Pabstliche
285 2393 485 2437 Heiligkeit
509 2394 581 2428 und
608 2394 664 2428 die
691 2392 908 2428 Christliche
934 2392 1100 2434 Kirchen,
1136 2391 1191 2426 als
1216 2390 1403 2425 derselben
1428 2390 1603 2433 Advocat,
1629 2391 1666 2425 in
1692 2393 1815 2435 gutem

53 2444 181 2479 Befehl
207 2444 340 2480 Schutz
367 2447 439 2481 und
466 2447 606 2482 Schirm
632 2447 748 2482 haben
776 2474 783 2480 .
811 2474 817 2480 .
847 2473 854 2480 .
881 2445 994 2480 sollen
1020 2445 1091 2479 und
1118 2444 1265 2478 wollen“
1300 2444 1396 2488 (Joh.
1427 2445 1556 2478 Christ.
1584 2445 1715 2489 Liim'y,
1742 2444 1815 2480 Des

53 2498 257 2533 Teutschen
275 2499 579 2535 Reichs-Archivs
597 2500 718 2535 Partis
738 2499 924 2535 Generalis
944 2498 1171 2533 Continuatio
1198 2497 1358 2543 [Leipzig
1387 2496 1491 2541 1713]
1518 2497 1623 2532 Erste
1641 2498 1813 2533 FortsetZ.

51 2563 85 2596 p.
113 2552 168 2586 94.
220 2554 364 2588 Friedr⁷
386 2555 527 2597 Walter,
554 2553 619 2587 Die
637 2553 748 2587 Wahl
774 2551 1020 2586 Maximilians
1046 2551 1089 2585 II.
1117 2550 1350 2595 [Heidelberg
1378 2549 1482 2594 1892]
1508 2561 1542 2595 p.
1571 2549 1644 2593 65).
1694 2550 1815 2595 Atque

53 2617 134 2639 cum
161 2605 290 2639 ibidem
317 2606 441 2640 eodem
467 2607 522 2641 die
541 2607 596 2641 30.
615 2605 830 2640 Novembris
857 2606 1098 2645 coronaretur,
1124 2603 1271 2638 solitum
1296 2602 1529 2648 praestiterat
1546 2602 1813 2645 iusiurandum

52 2659 89 2692 in
107 2670 187 2703 quo,
206 2661 349 2704 praeter
367 2659 447 2702 alia,
466 2659 555 2694 haec
573 2663 674 2694 sunt:
706 2658 958 2702 „Sanctissimo
977 2668 1123 2691 romano
1140 2655 1301 2701 pontifici
1319 2658 1356 2690 et
1373 2655 1545 2690 ecclesiae
1563 2668 1732 2691 romanae
1751 2684 1757 2691 .
1779 2685 1785 2692 .
1807 2685 1813 2692 .

53 2712 267 2756 condignum
295 2715 331 2746 et
356 2713 566 2747 canonicum
592 2713 762 2747 honorem
787 2712 868 2746 volo
895 2711 1084 2746 exhibere“
1116 2710 1161 2753 (Ι.
1188 2711 1252 2744 Fr.
1280 2710 1461 2753 Boehmer,
1487 2709 1646 2753 Regesta
1671 2710 1815 2755 Imperii

52 2765 134 2800 inde
153 2766 196 2799 ab
215 2777 306 2799 anno
324 2765 539 2801 MCOXLVI
564 2777 678 2810 usque
705 2766 747 2800 ad
776 2776 909 2800 annum
926 2763 1142 2799 MCCCXHI
1166 2762 1363 2807 [Stuttgart
1384 2762 1487 2807 1844]
1514 2774 1547 2808 p.
1567 2774 1605 2797 vr
1618 2763 1665 2807 *).
1700 2762 1813 2804 Quam

175 2867 184 2886 ¹
212 2865 380 2901 Ottonem
407 2866 501 2901 haud
527 2867 640 2901 multo
667 2868 768 2908 ante,
806 2877 851 2900 ne
877 2864 1148 2899 Maximilianus
1175 2863 1368 2907 eligeretur
1393 2862 1453 2896 vel
1478 2873 1499 2896 a
1533 2863 1700 2908 pontifice
1735 2875 1814 2897 con-

52 2919 266 2961 firmaretur,
293 2920 466 2965 impedire
491 2922 658 2955 conatum
684 2931 764 2954 esse
789 2919 911 2953 ferunt
938 2918 1081 2961 (Sic-luel,
1107 2916 1232 2951 Trient
1256 2928 1289 2961 p.
1317 2916 1397 2951 403.
1423 2915 1523 2959 409).

173 2973 186 2994 ²
211 2973 237 3008 l.
265 2985 314 3008 e.:
341 2975 460 3018 Atque
485 2973 661 3018 imprimis
688 2975 724 3007 et
748 2973 835 3007 mihi
861 2975 898 3006 et
923 2971 1005 3006 aliis
1029 2971 1110 3016 pius
1135 2970 1196 3004 ille
1216 2969 1380 3004 Canisius
1406 2969 1561 3014 scripsit,
1587 2969 1814 3004 maiestatem

53 3038 154 3061 suam
180 3026 214 3060 in
244 3027 500 3072 capitulatione
526 3027 631 3061 valde
657 3026 800 3061 fortiter
826 3028 862 3060 et
887 3024 1063 3060 catholice
1089 3035 1128 3058 se
1154 3023 1332 3067 gessisse;
1359 3034 1474 3066 neque
1501 3023 1595 3056 enim
1621 3022 1813 3067 quicquam

53 3081 279 3115 maiestatem
305 3093 407 3115 suam
433 3080 636 3123 indulsisse,
664 3091 814 3124 eamque
840 3079 876 3113 in
902 3077 1080 3113 catholica
1105 3076 1278 3120 religione
1305 3078 1512 3110 constanter
1537 3087 1746 3121 permanere
1772 3088 1814 3112 ac

53 3134 227 3169 maiorum
262 3134 428 3178 vestigiis
461 3134 630 3168 insistere
663 3134 855 3174 statuisse;
891 3144 960 3176 quo
994 3129 1282 3176 praeclarissimo
1317 3131 1391 3163 tam
1426 3129 1543 3163 sancti
1577 3129 1645 3164 viri
1681 3129 1813 3165 Canisii

52 3188 258 3223 testimonio
283 3188 464 3230 bonorum,
491 3188 553 3232 qui
578 3187 710 3232 ubique
736 3188 829 3227 sunt,
857 3185 963 3220 animi
990 3186 1208 3219 recreantur.

121 3253 430 3284 Braunsberger‚
450 3253 561 3278 canisii
574 3252 732 3283 Epistulae
749 3252 779 3276 et
793 3253 876 3277 Acta.
895 3252 961 3276 111„
1495 3244 1537 3275 35
