2093 3444
256 190 336 225 590.
373 188 539 224 Canisius
565 189 689 223 Ioanni
715 188 856 223 Rethio.
899 188 993 232 Aug.
1020 187 1163 222 Vindel.
1191 188 1222 221 9.
1250 187 1472 232 Septembris
1502 189 1605 223 1561.
1737 194 1820 234 209

39 311 288 351 nostrorum
312 307 503 361 consilijs
536 310 581 349 et
603 321 736 361 opera
758 307 924 348 Romae
959 340 967 348 .
1002 305 1168 348 Deinde
1197 306 1331 347 habet
1353 307 1613 348 auunculum
1636 309 1688 350 D.
1713 309 1823 350 Can-

42 373 267 417 cellarium
298 372 568 423 Bauariae1,
609 371 683 425 qui
715 372 768 413 de
800 371 962 413 nostris
994 372 1103 413 bene
1136 373 1351 421 meretur,
1395 373 1439 413 et
1472 371 1544 424 qui
1577 373 1704 415 ualde
1737 375 1823 416 sol-

40 439 186 481 licitus
219 440 287 480 est
318 451 396 492 pro
429 437 512 479 hoc
545 451 622 479 suo
656 438 838 490 nepote⁷
882 450 1008 489 quem
1042 438 1220 478 veretur
1259 435 1304 477 in
1342 436 1690 490 desperationem
1722 453 1824 492 pro-

41 504 288 558 lapsurum,
331 502 413 544 sibi
455 502 630 555 suisque
671 500 1006 553 ignominiosum
1050 514 1219 554 quoque
1260 500 1478 551 futurum,
1520 501 1602 555 nisj
1645 517 1670 544 a
1708 503 1824 545 votis

43 569 310 612 absoluatur.
384 567 484 608 Non
529 566 721 609 ostendit
765 580 870 608 sane
916 565 1107 608 animum
1148 565 1377 617 redeundi,
1422 580 1562 620 neque
1603 567 1824 621 ingenium

42 635 176 676 habet
208 636 285 676 aut
317 633 573 682 doctrinam,
609 634 686 673 aut
718 632 842 673 dotes
875 631 1133 684 singulares.

162 697 348 740 Promisi
371 700 517 740 autem
550 711 619 738 me
641 711 719 751 pro
745 696 819 738 illo
843 699 1042 739 acturum
1069 696 1219 738 sedulo
1243 697 1358 750 apud
1380 696 1430 739 R.
1456 697 1504 739 Τ.
1529 700 1578 739 ut
1609 701 1827 741 tractetur

46 764 249 814 comiter,
291 777 371 805 nec
413 762 697 804 dubitandum
735 776 831 803 esse
864 761 976 812 dixi,
1020 761 1122 815 quin
1164 761 1223 804 sit
1262 761 1577 816 impetraturus
1618 777 1729 816 quae
1771 764 1826 806 ad

45 829 254 872 maiorem
286 828 367 870 Dei
399 827 584 882 gloriam
618 831 662 870 et
695 827 882 869 salutem
915 826 1086 868 animae
1118 826 1338 881 pertinere
1376 827 1640 871 uiderentur.
1704 830 1827 872 Haec

46 909 215 937 summa
247 896 315 936 est
346 893 524 948 negotij.
590 892 761 935 Sentiat
794 906 955 945 quaeso
990 894 1034 934 et
1066 891 1171 945 ipse,
1209 894 1253 934 et
1284 893 1336 934 D.
1372 892 1667 936 Cancellarius
1698 895 1828 936 fidem

45 960 108 1003 illi
140 962 361 1002 seruatam
395 973 504 1009 esse,
538 960 798 1011 nostrosque
821 957 986 999 Romae
1019 957 1098 999 tali
1121 960 1301 1011 aegroto
1334 971 1420 999 non
1444 958 1634 1001 defuisse
1648 965 1674 1010 ἢ,
1709 960 1828 1013 quic-

47 1026 148 1080 quid
181 1026 358 1068 tandem
392 1025 445 1066 de
476 1024 550 1066 illo
584 1023 826 1065 definietur.
871 1022 995 1064 Vixit
1028 1024 1159 1065 antea
1188 1023 1353 1065 Romae
1386 1026 1430 1066 et
1461 1038 1546 1066 non
1578 1024 1728 1079 paucis
1761 1028 1830 1068 est

47 1090 246 1145 cognitus
260 1090 288 1133 ¹³.
335 1089 545 1132 Dominus
572 1091 770 1131 errantes
803 1102 907 1130 oues
939 1088 1148 1130 restituat
1180 1088 1295 1139 ouili,
1329 1102 1493 1142 nosque
1526 1091 1741 1143 gubernet
1773 1091 1829 1133 ad

47 1170 171 1199 suam
204 1156 401 1210 gloriam.
446 1154 806 1197 Commendamus
838 1168 916 1195 nos
949 1153 1000 1196 R.
1025 1153 1072 1195 T.
1108 1157 1152 1196 et
1184 1153 1372 1196 fratrum
1405 1154 1596 1197 omnium
1627 1156 1828 1210 precibus

47 1221 93 1264 in
125 1222 296 1264 Christo
328 1221 458 1263 JESV
491 1220 675 1262 Domino
707 1222 871 1262 nostro.
935 1218 1164 1273 Augustae
1198 1220 1222 1260 6
1258 1219 1525 1274 Septembris
1561 1222 1688 1264 1561.

959 1302 1119 1343 Seruus
1150 1300 1194 1342 in
1227 1301 1397 1344 Christo
1430 1302 1523 1345 Pet.
1558 1303 1768 1347 Canisius

928 1400 955 1452 ἢ.

171 1485 418 1527 Admodum
447 1484 703 1526 Reuerendo
735 1483 780 1525 in
802 1483 972 1526 Christo
1004 1483 1122 1538 patri
1143 1484 1200 1527 M.
1225 1484 1382 1527 Iacobo
1404 1485 1578 1539 Laynez
1610 1486 1832 1541 preposito

51 1551 247 1606 generali
281 1549 514 1593 Societatis
546 1549 700 1600 JESV,
738 1549 856 1604 patri
889 1549 1116 1592 colendiss.
1592 1551 1769 1595 Romae.

175 1644 359 1679 Canisium
384 1644 450 1678 has
475 1643 617 1677 litteras
643 1655 714 1676 non
740 1655 803 1687 per
829 1642 1059 1677 tabellarium
1086 1643 1238 1677 Romam
1272 1643 1416 1678 misisse
1453 1644 1564 1688 (sicut
1598 1645 1740 1679 litteras
1775 1657 1832 1679 su-

54 1698 252 1744 periores),
289 1698 352 1732 sed
388 1697 456 1742 ipsi
483 1696 595 1731 Eckio
630 1696 825 1731 tradidisse
860 1696 984 1730 eodem
1011 1696 1262 1742 perferendas,
1297 1697 1394 1731 haud
1420 1697 1571 1732 obscure
1607 1699 1834 1743 significatur

55 1752 216 1786 eiusdem
251 1751 386 1786 Canisii
420 1750 553 1785 litteris
590 1751 645 1785 13.
682 1749 904 1795 Septembris
943 1750 1031 1784 1561
1069 1750 1218 1784 Romam
1257 1750 1390 1785 missis.
1442 1750 1509 1793 Qui
1547 1752 1631 1796 quia
1667 1752 1833 1786 Lainium

55 1805 207 1840 Romam
238 1805 359 1848 „brevi
385 1804 586 1839 rediturum
621 1804 721 1838 esse“
751 1803 923 1848 sperabat
951 1803 1050 1847 (vide
1076 1815 1185 1848 supra
1210 1816 1244 1848 p.
1272 1803 1378 1847 207),
1414 1804 1503 1849 ipsi,
1538 1817 1608 1839 non
1635 1805 1834 1840 Salmeroni

55 1859 210 1899 vicario,
246 1859 313 1893 has
338 1858 482 1892 litteras
507 1857 737 1902 inscripsisse
762 1857 926 1899 videtur,
962 1857 1014 1891 ita
1039 1859 1180 1899 tamen,
1206 1859 1268 1899 ut,
1306 1858 1336 1892 si
1363 1858 1511 1893 Lainius
1537 1859 1652 1893 Roma
1678 1860 1833 1901 abesset,

55 1912 192 1947 vicario
219 1924 280 1947 eas
306 1912 446 1957 aperire
471 1911 608 1946 lic-eret.
661 1910 830 1944 Ceterum
855 1909 949 1951 vide,
981 1921 1074 1955 quae
1099 1910 1326 1956 inscriptioni
1351 1911 1556 1946 litterarum
1585 1913 1638 1947 11.
1667 1913 1834 1947 Octobris

59 1966 147 2001 1561
185 1977 206 2000 a
231 1965 365 2000 Lanoio
401 1965 535 1999 Canisii
569 1964 670 1999 iussu
696 1964 847 1998 Romam
872 1964 1065 1998 missarum
1101 1964 1369 1999 adnotabuntur
1380 1978 1388 2006 3
1426 1965 1516 2000 haec
1550 1967 1664 2008 enim,
1702 1967 1835 2012 partim

57 2019 198 2061 saltem,
226 2020 268 2054 de
295 2019 363 2053 hac
389 2030 532 2063 quoque
557 2017 792 2062 inscriptione
819 2017 971 2052 dicenda
997 2029 1076 2052 esse
1103 2017 1285 2052 videntur.

883 2153 1014 2195 590.

797 2253 1095 2301 CANISIUS

508 2373 573 2414 P.
605 2371 868 2415 IoANNI
898 2370 1186 2414 RETHIO
1221 2370 1277 2414 S.
1310 2371 1386 2423 J.⁷

442 2460 624 2506 gymnasii
649 2460 759 2494 trium
785 2470 998 2494 coronarum
1024 2458 1240 2493 coloniensis
1264 2458 1406 2501 regenti
1421 2458 1445 2492 ².

498 2545 669 2593 Augusta
694 2543 971 2581 Vindelicorum
998 2544 1031 2580 9.
1058 2543 1285 2591 Septembris
1311 2543 1398 2580 1561.

182 2637 239 2671 Ex
276 2636 474 2681 archetypo
511 2635 584 2680 (2⁰3
614 2636 631 2670 1
659 2648 714 2680 p.;
748 2634 786 2669 in
820 2646 853 2679 p.
881 2634 913 2668 2.
948 2634 1055 2668 inser.
1093 2635 1130 2667 et
1163 2644 1249 2678 pars
1283 2633 1390 2676 sig),
1430 2632 1525 2677 quod
1551 2631 1591 2667 P.
1623 2633 1836 2667 Guilielmus

62 2691 220 2725 Elderen
245 2689 280 2724 S.
305 2690 350 2731 J„
378 2688 522 2724 Oanisio
549 2689 718 2730 dictante,
745 2687 935 2732 scripsisse
960 2687 1124 2728 videtur3
1160 2685 1327 2720 Canisius
1353 2686 1430 2730 ipse
1455 2697 1585 2720 nomen
1610 2685 1836 2731 subscripsit.

65 2743 149 2778 eod.
177 2743 290 2778 colon.
323 2743 431 2788 „Epp.
459 2743 504 2777 ad
529 2742 655 2777 Reth.“
686 2742 710 2776 f.
740 2742 819 2776 131.

182 2796 350 2842 Epistula
374 2807 462 2830 usus
489 2798 545 2830 est
568 2797 685 2830 Krb'ss
709 2795 732 2829 l.
760 2806 790 2829 0.
817 2806 850 2839 p.
880 2794 958 2828 146.

183 2942 198 2958 ³
224 2936 377 2971 defrisse
403 2947 461 2980 ap.
557 2935 574 2956 ¹³
599 2934 765 2979 cognitas
791 2946 848 2979 ap.

187 3071 199 3091 ¹
225 3069 406 3105 Simonem
431 3069 664 3104 Thaddaeum
690 3067 853 3102 Eckium.

186 3124 201 3145 ²
225 3124 294 3158 Hic
318 3126 405 3158 tunc
421 3123 633 3167 Moguntiae
657 3133 716 3156 res
741 3121 896 3166 parabat
921 3119 1083 3163 collegio,
1111 3119 1205 3164 quod
1223 3119 1353 3153 Daniel
1371 3118 1527 3153 Brendel
1545 3117 1837 3163 archiepiscopus

68 3178 104 3211 et
130 3177 264 3212 elector
288 3177 452 3223 proxime
476 3176 526 3211 ibi
551 3175 787 3210 instituturus
813 3176 901 3215 erat,
926 3172 1172 3215 necessarias3
1198 3173 1282 3207 vide
1307 3183 1417 3217 supra
1442 3184 1476 3217 p.
1502 3171 1605 3206 2002.

137 3242 446 3273 Braunsbergen
466 3243 577 3267 canisii
591 3241 749 3272 Epistulae
767 3241 798 3265 et
811 3240 895 3264 Acta.
918 3240 971 3264 111.
1518 3234 1559 3264 14
