2093 3444
271 186 435 228 Augusta
460 184 730 219 Vindelicorum
758 184 823 218 sub
850 184 957 218 finem
983 184 1107 218 Martii
1134 184 1192 218 vel
1218 184 1359 219 initium
1386 184 1523 230 Aprilis
1552 185 1652 219 1561.
1797 188 1851 228 99

198 306 250 346 ,1.
286 303 620 346 Commendatas
643 303 834 345 habeant
857 303 937 344 sibi
969 303 1158 356 regulas,
1192 302 1235 343 in
1259 302 1413 356 quibus
1435 302 1635 345 Hectoris
1663 303 1849 345 officium

76 370 194 412 clare
227 369 493 423 descriptum
526 371 570 410 et
593 368 857 422 explicatum
892 368 1053 418 uident,
1089 368 1449 421 quemadmodum
1475 382 1529 410 ex
1552 369 1669 410 Vrbe
1696 368 1853 410 missas

75 435 251 477 easdem
284 434 460 488 regulas
494 436 800 488 acceperunt1.

198 502 250 543 .2.
285 500 441 541 Preter
472 500 551 541 has
584 500 760 552 regulas
784 499 894 540 scire
928 514 978 541 ac
1011 498 1184 553 saepius
1208 498 1454 540 meminisse
1479 499 1637 541 debent
1669 513 1853 541 examen

77 566 314 620 generale2
355 568 400 607 et
441 579 690 606 communes
732 565 960 618 regulas3,
1005 564 1337 606 constitutiones
1378 564 1422 605 in
1457 567 1538 606 .10.
1572 567 1720 619 partes
1762 568 1854 607 tam

76 634 228 674 sancte
261 645 390 684 quam
432 630 600 673 utiliter
633 630 909 680 distributas,
954 636 1032 671 aca
1072 632 1272 684 preterea
1310 629 1499 671 officium
1531 630 1809 684 prouincialis
1825 631 1853 681 4,

78 697 192 750 quod
231 711 314 738 non
357 696 494 738 multo
526 698 627 750 post
668 695 979 750 transcriptum
1013 696 1067 737 ad
1110 710 1257 737 omnes
1291 695 1512 746 mittetur,
1555 699 1648 737 tum
1680 696 1857 749 regulas

76 762 175 804 illas
209 762 261 803 de
294 761 420 804 modo
454 761 670 804 scribendi
686 762 714 811 5,
750 775 799 802 ac
823 761 1007 814 denique
1031 760 1331 803 concessiones
1359 763 1403 802 et
1425 760 1667 815 priuilegia,
1702 761 1855 814 quibus

77 842 155 883 pro
189 827 315 869 huius
347 827 557 882 temporis
591 829 635 869 et
668 826 856 868 nationis
898 826 1067 868 ratione
1100 826 1352 880 frequenter
1388 825 1644 879 indigemus.
1709 826 1856 868 Vellet

77 896 225 936 autem
268 893 328 936 .P.
371 895 418 935 ut
453 892 665 935 Rectores
707 906 855 933 omnes
897 906 974 946 per
1015 891 1096 933 hoc
1142 891 1283 946 ipsum
1325 891 1640 945 quadrimestre
1684 891 1727 932 in
1771 891 1856 933 illis

80 958 274 1012 quotidie
296 958 492 1012 legendis
514 958 671 1000 saltem
694 971 772 1011 per
795 957 1014 999 dimidiam
1037 957 1186 999 horam
1210 971 1305 999 sese
1329 961 1597 1007 exercerent,
1633 960 1763 1010 atque
1795 957 1858 999 ita

75 1023 193 1066 inter
233 1024 464 1078 legendum
508 1023 560 1065 de
602 1037 811 1076 germano
845 1022 1000 1076 spiritu
1042 1026 1218 1065 nostrae
1260 1022 1485 1065 societatis
1527 1023 1770 1064 imbibendo
1814 1025 1857 1065 et

77 1089 390 1132 exercitandob
424 1087 484 1143 [P]
519 1088 659 1142 magis
692 1088 918 1142 magisque
952 1090 1169 1131 curarent.

201 1157 254 1198 ,3.
299 1155 473 1196 Habeat
513 1153 808 1207 vnusquisque
851 1154 1012 1196 Rector
1053 1153 1209 1195 librum
1251 1153 1494 1208 proprium,
1541 1168 1624 1207 quo
1667 1153 1858 1208 exjipiat

77 1220 231 1262 literas
263 1219 604 1273 quadrimestres
637 1225 687 1261 a⁰
722 1218 782 1274 [P]
817 1233 863 1260 se
896 1219 1073 1268 missas,
1117 1221 1162 1261 et
1206 1222 1442 1274 praecepta
1479 1219 1749 1273 superiorum
1781 1233 1859 1273 per

78 1286 231 1328 literas
262 1285 417 1334 missa,
458 1288 501 1328 et
535 1285 634 1336 alia,
669 1299 779 1338 quae
813 1285 866 1326 ad
900 1284 1078 1339 Collegij
1113 1284 1179 1326 sui
1210 1287 1302 1326 tum
1336 1284 1731 1335 conseruationem,
1766 1286 1859 1326 tum

79 1350 442 1405 gubernationem
475 1353 520 1392 et
551 1350 796 1405 profectum
820 1350 965 1392 facere
998 1350 1280 1392 uidebuntur:
1315 1349 1377 1391 ita
1409 1351 1498 1400 fiet,
1531 1353 1579 1393 ut
1601 1364 1687 1391 non
1720 1350 1859 1391 solum

82 1418 143 1460 .P.
188 1416 449 1458 Prouinciali
493 1416 537 1457 in
582 1415 832 1458 uisitatione
878 1416 954 1457 sed
1002 1415 1134 1457 etiam
1180 1414 1340 1458 futuris
1384 1415 1642 1457 Rectoribus
1688 1415 1731 1456 in
1780 1429 1859 1457 sua

80 1481 332 1524 functioned
373 1482 535 1524 rectius
569 1484 741 1524 constet
774 1482 826 1523 de
859 1483 980 1524 statu
1014 1480 1205 1522 eiusdem
1239 1480 1432 1534 collegij,
1477 1481 1568 1522 siue
1600 1480 1857 1535 spiritualia,

81 1547 174 1590 siue
206 1548 466 1602 temporalia
499 1549 763 1602 spectentur.

205 1616 258 1656 .4.
301 1614 533 1656 Praestent
579 1613 790 1655 Rectores
839 1608 1149 1654 reuerentiam>
1180 1625 1284 1665 erga
1332 1612 1603 1653 consultores
1652 1611 1711 1654 .P.
1754 1611 1860 1653 Pro-

82 1679 314 1722 uincialis6
346 1693 443 1721 cum
476 1679 631 1732 quibus
656 1678 801 1728 etiam,
835 1677 970 1720 ueluti
994 1676 1175 1731 Angelis
1207 1676 1560 1731 prouinciarum7
1592 1677 1726 1719 libere
1760 1691 1861 1718 con-

82 1744 200 1787 ferre
232 1744 401 1799 possint
443 1745 495 1786 de
526 1744 594 1786 his
636 1758 747 1797 quae
781 1744 834 1786 ad
869 1743 1047 1797 Collegij
1090 1742 1155 1784 sui
1193 1743 1438 1797 profectum
1479 1745 1702 1797 spectant,
1746 1742 1861 1784 Nam

84 1811 136 1853 D.
156 1811 361 1864 Lanoyus
383 1811 516 1852 habet
538 1809 619 1851 sibi
637 1809 946 1851 demandatam
962 1808 1235 1850 Prouinciam
1254 1808 1544 1851 Austriacam.
1574 1809 1625 1851 D.
1650 1808 1860 1850 Cunillon.

84 1876 347 1927 Boemicam,
382 1876 433 1918 D.
457 1875 558 1918 Pisa
581 1875 870 1917 Bauaricam8
897 1874 970 1928 qui
991 1876 1198 1928 poterunt
1221 1874 1374 1915 deinde
1396 1873 1591 1916 rationee
1616 1872 1676 1928 [P]
1702 1874 1861 1916 Recto-

85 1956 181 1983 rum
225 1941 378 1995 (sicubi
411 1941 467 1983 sit
501 1940 653 1996 opus)f
690 1940 1000 1995 prouincialem
1043 1940 1276 1982 admonere
1319 1941 1363 1981 et
1404 1953 1560 1993 urgere
1606 1939 1768 1992 magis,
1808 1952 1862 1981 ne

82 2007 158 2049 ille
190 2007 420 2060 quicquam
462 2006 576 2060 quod
617 2007 682 2061 suj
717 2008 785 2048 est
827 2005 957 2060 officij
1000 2005 1044 2047 in
1084 2005 1389 2059 promouendis
1422 2004 1624 2058 Collegijs
1665 2006 1862 2059 praeter-

83 2073 236 2115 mittat
252 2074 280 2114 9.

205 2202 219 2217 a
247 2208 267 2230 a
293 2208 350 2240 ap.
459 2197 473 2217 b
501 2197 579 2239 Say
603 2197 663 2230 sed
688 2196 809 2229 malim
839 2196 948 2237 leym-e
973 2194 1177 2228 excitando.
1292 2200 1303 2213 ⁰
1329 2195 1412 2236 85⁶3·
1436 2194 1496 2227 sed
1521 2193 1644 2227 malim
1669 2194 1780 2236 Zeyere
1806 2192 1861 2227 ad.

207 2251 222 2270 d
247 2250 418 2284 fruitione
445 2262 503 2294 ap.
601 2256 613 2270 θ
641 2250 701 2283 Sic
727 2260 808 2292 ap.;
834 2249 976 2282 nomine
996 2250 1013 2281 .?
1110 2248 1120 2267 f
1146 2246 1277 2291 (sicubi
1302 2246 1365 2291 sit)
1395 2258 1484 2292 opus
1510 2258 1566 2290 ap.

211 2375 221 2394 ¹
250 2374 303 2408 Cf.
331 2386 441 2419 supra
468 2386 500 2419 p.
527 2373 681 2408 49—50.
828 2373 840 2392 ²
867 2372 919 2406 De
945 2371 1013 2406 11οο
1038 2371 1122 2406 vide
1152 2372 1240 2406 Can.
1267 2371 1357 2416 Epp.
1384 2371 1427 2413 11,
1455 2371 1552 2406 375⁴.
1579 2372 1647 2406 556
1659 2372 1681 2405 ⁶.

209 2428 222 2448 ³
246 2427 337 2462 Vide
363 2427 386 2462 1.
415 2439 444 2462 0.
472 2427 515 2468 ΙΙ,
544 2427 624 2461 589.
651 2426 731 2461 590.
878 2427 890 2445 4
917 2425 1009 2459 Vide
1035 2425 1058 2459 l.
1087 2437 1114 2459 c.
1143 2425 1186 2466 ΙΙ,
1215 2424 1414 2459 687—688.
1443 2425 1511 2459 692
1539 2427 1605 2459 ete.

209 2482 221 2501 ⁵
247 2481 340 2515 Vide
367 2481 390 2516 1.
418 2492 447 2515 0.
476 2481 518 2523 ΙΙ,
546 2480 651 2519 5824;
680 2480 724 2514 cf.
753 2491 863 2524 supra
889 2491 922 2524 p.
951 2480 1007 2513 60.

210 2535 223 2555 ⁶
249 2535 301 2568 De
333 2534 615 2576 „consultorum“
647 2545 794 2567 munere
820 2532 902 2567 vide
934 2533 1020 2567 Can.
1048 2531 1137 2577 Epp.
1167 2532 1208 2574 H,
1237 2532 1332 2566 7535.

210 2588 222 2608 ⁷
250 2587 302 2622 Cf.
330 2588 420 2623 Dan.
450 2588 502 2629 10,
534 2587 586 2621 13.
638 2587 747 2631 Apoc.
778 2587 808 2625 1,
836 2585 899 2627 203
928 2586 960 2627 2,
990 2586 1005 2620 1
1035 2588 1102 2620 etc.

211 2642 223 2661 ²³
249 2641 338 2676 Tres
363 2643 485 2686 partes
512 2640 718 2685 provinciae
743 2639 933 2673 Societatis
964 2639 1200 2682 „Germaniae
1226 2637 1456 2683 superioris“,
1483 2650 1552 2671 non
1571 2637 1761 2672 Societatis
1787 2649 1864 2682 pro-

88 2694 228 2729 vincias
254 2695 473 2729 austriacam
501 2696 569 2728 etc.
596 2693 654 2727 hic
680 2692 898 2736 significari,
934 2693 993 2726 vel
1030 2704 1075 2726 ex
1102 2704 1142 2727 eo
1169 2693 1281 2737 patet,
1318 2692 1411 2735 quod
1439 2691 1629 2726 Societatis
1660 2690 1865 2736 „provincia

88 2748 279 2782 bavariea“
311 2760 403 2782 anno
425 2748 515 2781 1770
542 2747 741 2781 constituta
768 2748 804 2780 et
830 2758 849 2780 a
876 2746 1063 2791 provincia
1093 2745 1329 2788 „Germaniae
1355 2744 1572 2789 superioris“
1603 2746 1771 2789 separata
1798 2745 1865 2778 est.

210 2804 222 2821 ⁹
250 2801 288 2835 ln
315 2802 496 2844 *„Officio
523 2800 781 2834 Provincialis“
816 2798 1031 2844 (recognito)
1061 2811 1091 2834 a.
1121 2799 1211 2833 1560
1239 2799 1351 2833 Roma
1377 2799 1422 2832 ad
1449 2798 1631 2833 Canisium
1657 2798 1766 2831 misso
1793 2799 1865 2832 sta—

87 2855 223 2889 tuitur:
250 2854 489 2889 Provincialis
515 2853 782 2888 consultoribus
813 2853 1039 2898 „prouinciae
1065 2855 1204 2898 partem
1232 2852 1414 2895 assignet,
1450 2853 1490 2885 ut
1515 2862 1602 2885 suae
1630 2851 1780 2895 quisque
1806 2863 1865 2896 pe-

89 2908 261 2942 culiarem
289 2907 555 2942 solicitudinem
582 2908 728 2950 gerat“;
755 2907 838 2940 vide
864 2906 959 2940 infra
984 2918 1017 2952 p.
1047 2907 1125 2941 102.
1163 2906 1284 2950 Atque
1311 2905 1420 2939 etiam
1447 2905 1482 2938 in
1509 2906 1526 2924 ‘¹‘
1542 2906 1691 2948 „Officio
1718 2904 1865 2938 Prouin-

88 2961 211 2996 cialis“
254 2961 401 3006 (iterum
436 2960 635 3005 recognito)
674 2972 704 2995 a.
745 2961 834 2994 1566
861 2959 974 2994 Roma
1002 2960 1145 2995 Oanisio
1183 2959 1313 2994 misso:
1352 2958 1592 2992 Provincialis
1635 2958 1705 3000 „eis
1744 2968 1866 2991 curam

89 3015 270 3060 partiatur
304 3015 335 3050 si
361 3015 578 3049 indicauerit
613 3014 781 3059 expedire
820 3014 979 3048 locorum
1014 3025 1100 3048 suae
1126 3013 1336 3048 Prouintiae
1372 3013 1417 3046 ad
1444 3023 1523 3046 eum
1551 3011 1705 3052 modum,
1733 3022 1803 3055 quo
1829 3010 1866 3044 in

91 3071 206 3103 const.
244 3071 280 3103 et
314 3069 446 3103 declar.
484 3069 534 3102 9³²
569 3080 644 3113 par.
685 3079 762 3113 cap.
801 3068 846 3101 6⁰.
883 3079 1031 3101 numero
1066 3066 1145 3101 X.⁰“
1187 3069 1253 3101 etc.
1292 3066 1392 3110 (God.
1428 3064 1535 3107 „Can
1561 3064 1595 3098 X
1621 3064 1686 3098 Sa“
1717 3064 1741 3098 f.
1770 3063 1865 3107 96³).

91 3120 191 3163 Quae
216 3123 337 3156 tamen
370 3122 554 3167 „partitio“
586 3123 711 3167 postea
737 3124 811 3155 tum
847 3133 891 3155 ex
918 3120 1115 3165 praepositi
1147 3119 1381 3165 provincialis
1422 3118 1577 3161 ,offi0i0“
1618 3117 1695 3152 sive
1730 3117 1866 3162 regulis

89 3174 302 3220 reliquoque
322 3174 512 3210 Societatis
539 3174 716 3217 instituto.
743 3176 819 3208 tum
847 3186 892 3208 ex
919 3174 1079 3208 eiusdem
1105 3185 1202 3208 more
1232 3173 1378 3217 (saltem
1405 3171 1598 3215 communi)
1628 3171 1771 3206 sublata
1798 3173 1865 3205 est.

1543 3234 1559 3242 .-

1549 3243 1556 3263 ‘
1574 3231 1589 3248 ’Β
