2093 3444
209 183 291 223 7315
576 178 732 211 Monuni.
764 177 989 221 (tridentina)
1019 178 1097 212 361.
1128 177 1216 221 (Sub
1242 190 1287 212 m.
1315 178 1455 212 lunium
1485 179 1602 222 1562.)

328 297 416 337 (mo
459 298 697 337 cardinalis
738 298 1015 351 Anyusz‘unus
1057 297 1192 338 Roma
1237 299 1303 339 14.
1339 295 1441 338 Iulia·
1477 300 1589 339 1:302
1629 299 1876 339 Trislentmn
1919 300 1978 341 scd

207 363 469 404 ,S't‹cm‘.s·lmma
514 362 777 402 cardinalem
822 362 1024 413 Hosium,
1083 377 1210 403 mmm
1262 377 1309 402 ea:
1356 364 1521 404 concilii
1563 364 1838 417 praesidibus
1883 365 1978 418 (per

205 428 362 469 Iulium
396 426 653 481 Pessimum)
686 428 878 480 scripsit:
910 426 1126 468 Probatur
1159 426 1261 467 mihi
1295 428 1339 468 et
1370 426 1773 469 Reuerendissimae
1803 429 1855 471 D.
1889 429 1975 478 T.³‚

206 495 250 533 et
282 491 439 545 Canisij
482 491 593 534 ratio
638 491 816 533 docendi
858 491 999 545 prius,
1044 506 1171 544 quam
1215 491 1468 542 execrandi,
1511 506 1651 545 neque
1693 492 1734 534 id
1769 493 1977 547 impedire

206 557 334 599 debet
357 557 521 610 aliquot
554 556 719 598 dierum
741 571 863 598 mora
897 591 905 599 .
941 557 1085 598 Habet
1118 555 1229 598 enim
1253 570 1322 597 res
1346 557 1625 609 aequitatem,
1660 561 1703 600 et
1726 558 1974 609 utilitatem,

206 622 399 676 proderit
443 623 497 663 ad
542 621 883 664 reconciliandos
931 621 1097 663 animos
1141 622 1396 671 multorum,
1445 636 1529 663 non
1577 625 1644 664 est
1690 623 1976 676 praeferenda

207 688 384 741 uirgae
417 687 667 736 austeritas,
701 687 777 728 sed
810 686 1080 741 spiritusb
1112 686 1408 739 benignitatis,
1443 690 1488 729 et
1519 688 1973 739 mansuetudinis1,

207 766 303 794 cum
336 752 609 794 erudiueritis
643 755 691 794 ut
725 752 899 802 Patres,
932 751 1210 794 institueritis
1244 755 1290 793 61
1322 751 1546 804 Magistri,
1582 755 1673 794 tum
1707 753 1890 807 denique
1923 754 1975 795 ad

205 817 309 859 illud
353 818 641 859 accedendum
688 821 776 867 est,
822 817 935 870 quod
981 816 1287 859 necessitatem
1328 816 1490 870 magis,
1535 832 1663 870 quam
1705 819 1976 861 uoluntatem

206 882 366 924 habere
398 883 611 925 uideatur.
659 883 708 924 In
740 882 821 924 hac
854 882 1006 936 opinor
1038 896 1133 924 esse
1166 882 1384 924 sententia
1418 882 1746 924 Sanctissimum
1778 884 1829 926 D.
1855 883 1973 927 N.⁰2.

207 948 347 1001 Agam
381 962 477 989 cum
510 948 601 989 eius
634 948 871 990 sanctitate
886 947 912 997 d,
947 947 1050 989 item
1085 961 1180 988 cum
1213 947 1441 989 Cardinale
1475 948 1722 990 Borromeo.

326 1056 414 1090 Cum
441 1057 483 1091 de
518 1058 675 1101 quinque
701 1057 773 1091 illis
803 1057 1004 1100 „articulis“
1035 1058 1079 1091 ad
1114 1058 1399 1092 communionem
1433 1058 1500 1091 sub
1535 1060 1688 1102 utraque
1723 1058 1843 1103 specie
1870 1060 1906 1093 et
1932 1060 1975 1093 ad

206 1110 489 1144 communionem
514 1111 748 1156 parvulorum
774 1111 1023 1156 spectantibus
1049 1111 1207 1154 theologi
1234 1111 1387 1145 minores
1415 1123 1435 1145 a
1462 1111 1517 1145 die
1539 1112 1592 1146 10.
1620 1112 1663 1145 ad
1691 1112 1745 1146 23.
1766 1112 1857 1146 Iunii
1886 1113 1975 1147 1562

205 1163 459 1208 disputassent,
487 1176 531 1198 ex
557 1164 611 1206 iis,
639 1176 730 1208 quae
754 1164 846 1198 inter
871 1164 951 1198 illos
970 1166 1222 1205 convenerant,
1250 1164 1436 1209 compositi
1462 1167 1546 1199 sunt
1573 1167 1609 1198 et
1627 1165 1682 1199 24.
1712 1165 1800 1209 (23.)
1821 1166 1913 1199 Iunii
1940 1166 1976 1200 in

205 1217 484 1260 congregatione
510 1218 669 1261 generali
695 1218 857 1262 patribus
883 1218 1056 1263 propositi
1081 1218 1104 1251 4
1136 1220 1344 1259 „canones“,
1380 1218 1509 1261 quibus
1541 1218 1689 1252 totidem
1715 1218 1974 1253 haereticorum

205 1282 343 1304 errores
370 1271 476 1304 solita
502 1271 563 1305 illa
589 1271 761 1315 brevique
788 1272 903 1305 forma
931 1271 1212 1306 damnabantur:
1244 1271 1298 1314 „Si
1324 1271 1404 1315 quis
1428 1272 1586 1306 dixerit.
1608 1300 1613 1306 .
1636 1299 1642 1306 .
1662 1272 1854 1307 anathema
1879 1272 1946 1307 sit‘
1964 1274 1976 1293 ³

209 1323 431 1366 (illas-sorelli
448 1325 539 1358 Acta
566 1325 658 1369 apud
683 1326 845 1369 Themer,
874 1327 965 1359 Acta
983 1325 1026 1365 Π,
1054 1325 1109 1359 39.
1146 1326 1236 1358 Acta
1255 1326 1403 1358 Paleottz?
1421 1325 1552 1358 ibidem
1570 1325 1614 1365 H,
1642 1325 1739 1367 562).
1776 1325 1828 1359 De
1847 1326 1976 1370 quibus

207 1378 341 1411 Hosius
379 1379 576 1421 reliquique
610 1380 751 1411 concilii
770 1380 954 1422 praesules
980 1378 1149 1412 Tridento
1176 1378 1230 1412 29.
1258 1378 1350 1411 161111
1381 1378 1470 1412 1562
1497 1378 1645 1412 Romam
1677 1378 1720 1412 ad
1748 1378 1780 1413 S.
1810 1378 1974 1413 Carolum

207 1430 481 1472 Boi-minaeum,
517 1431 735 1465 cardinalem
763 1435 799 1465 et
825 1432 878 1465 Pii
907 1431 968 1466 IV.
995 1433 1181 1476 nepotem,
1216 1431 1458 1476 scripserunt:
1498 1431 1667 1473 „Domani
1703 1432 1975 1466 cominciaremo

207 1484 249 1518 ad
277 1484 453 1518 ascoltare
480 1485 561 1528 quel
581 1484 645 1518 che
671 1485 703 1519 si
721 1487 829 1519 voi-ra
856 1485 930 1519 dire
957 1497 1064 1530 sopra
1090 1485 1099 1519 i
1121 1485 1248 1519 canoni
1274 1485 1452 1530 p1·0posti;
1482 1513 1488 1519 .
1509 1512 1515 1519 .
1537 1513 1543 1519 .
1572 1484 1603 1519 ci
1630 1488 1648 1519 6
1667 1487 1762 1519 stato
1788 1485 1975 1527 ricordato,

205 1549 324 1572 essere
350 1538 563 1579 necessarioy
590 1550 654 1583 per
680 1539 913 1572 conformarsi
940 1551 1004 1573 con
1032 1538 1082 1582 gli
1108 1538 1190 1572 altri
1218 1538 1358 1572 concilii
1385 1538 1418 1572 di
1443 1538 1574 1572 Trento
1591 1540 1613 1580 4,
1641 1538 1672 1573 d‘
1691 1550 1975 1584 accompagnare

208 1591 217 1624 i
245 1591 371 1625 canoni
399 1603 462 1625 con
489 1591 641 1635 qualche
668 1592 843 1633 dottrina;
879 1604 949 1626 non
982 1592 1156 1626 bastando
1182 1591 1562 1626 l’a1mtematizatione
1588 1591 1806 1633 solamente,
1841 1604 1880 1626 se
1906 1604 1975 1626 non

206 1643 243 1677 vi
270 1647 288 1678 6
315 1656 361 1678 un
387 1656 474 1689 poco
501 1645 536 1678 di
563 1645 720 1679 dotti-ina
746 1645 873 1683 inanzi‚
904 1646 939 1680 la
966 1646 1070 1690 quale
1097 1646 1212 1680 faccia.
1237 1645 1391 1679 icanoni
1410 1646 1471 1690 pin
1489 1645 1620 1679 chiari¹⁴
1646 1646 1970 1689 (Layomarsz'm‘ns,

209 1697 359 1741 Pogiani
385 1698 567 1743 Epistolae
594 1699 664 1739 111,
701 1699 795 1741 982¹).
849 1699 1014 1733 Canisius
1049 1711 1136 1733 sane
1166 1700 1219 1733 15.
1247 1699 1338 1732 Iunii
1368 1699 1458 1733 1562
1493 1699 1529 1733 in
1564 1699 1843 1742 congregatione
1876 1699 1974 1733 theo-

207 1757 368 1794 logorum
395 1752 571 1786 minorum
598 1753 640 1786 de
667 1752 906 1787 eucharistiae
932 1765 999 1786 usu
1026 1753 1206 1787 disserens
1232 1754 1357 1797 optare
1383 1764 1432 1793 66,
1463 1754 1502 1786 61
1527 1764 1548 1786 a
1574 1752 1722 1787 concilio
1753 1752 1976 1794 „traderetur

207 1804 399 1849 explicatio
424 1805 531 1850 hujus
557 1806 807 1847 saei·anienti“,
835 1806 1104 1850 significaverat
1132 1806 1252 1849 (infra,
1278 1818 1432 1840 monum.
1453 1806 1549 1849 367).
1586 1807 1637 1840 Ac
1665 1806 1769 1839 valde
1792 1805 1975 1851 probabile

208 1861 272 1898 est,
301 1870 381 1892 eum
407 1859 500 1892 idem
527 1859 637 1893 Hosio
663 1860 772 1894 etiam
798 1859 1040 1903 singulariter,
1069 1859 1126 1893 vel
1144 1859 1307 1893 Tridenti
1333 1871 1451 1893 coram
1481 1859 1542 1899 (m.
1562 1859 1657 1893 Maio
1684 1858 1742 1893 vel
1760 1859 1889 1902 Iunio),
1916 1859 1975 1893 vel

207 1911 339 1945 litteris
366 1911 563 1957 Oeniponte
589 1913 709 1947 missis
736 1913 1015 1948 commendasse.
1053 1913 1156 1947 Certe
1182 1913 1253 1946 iam
1280 1915 1362 1947 ante
1389 1913 1420 1946 3.
1448 1912 1527 1946 Iulii
1555 1912 1687 1946 Hosius
1715 1915 1751 1946 et
1777 1912 1975 1946 Simonetta

208 1965 319 2008 legati
339 1977 419 1999 cum
434 1966 571 2010 aliquot
589 1966 670 2000 aliis
688 1967 852 2012 patribus
871 1966 1044 2001 eiusmodi
1062 1966 1286 2008 „doctrinae“
1305 1966 1581 2000 conscribendae
1600 1977 1722 2000 curam
1741 1967 1975 2010 susceperant

212 2018 527 2062 (Lemonum-sindus
551 2019 573 2054 l.
602 2020 669 2063 c.);
706 2032 796 2064 quae
831 2032 912 2054 cum
938 2019 1087 2054 concilio
1114 2019 1296 2064 proposita
1331 2019 1374 2053 ab
1402 2031 1512 2063 eoque
1540 2030 1693 2053 excussa
1720 2021 1756 2053 et
1781 2018 1975 2053 reformata

209 2075 305 2106 esset
333 2072 554 2116 (Massarella‘
589 2076 624 2107 et
650 2075 799 2107 Paleottr'
824 2075 916 2107 Acta
947 2073 969 2107 l.
998 2085 1027 2108 6.
1056 2073 1107 2115 II,
1143 2074 1295 2107 45--55,
1324 2072 1541 2115 564-571),
1578 2072 1723 2106 tandem
1752 2072 1805 2106 16.
1832 2072 1913 2106 Iulii
1938 2072 1973 2106 in

208 2127 366 2160 sessione
394 2125 488 2161 XXI.
516 2126 736 2161 sollemniter
761 2127 911 2172 probata
938 2129 974 2161 et
1004 2126 1237 2169 „canonibus“
1269 2126 1474 2171 praeposita
1505 2129 1570 2160 est.

327 2301 341 2315 ³
368 2294 545 2329 Probatur
570 2295 655 2329 mihi
683 2298 720 2329 61
744 2297 807 2329 tua
833 2297 948 2339 Lay.,·
974 2297 1036 2339 qm?
1061 2296 1292 2339 archetypmn
1320 2296 1435 2328 ridere
1461 2306 1531 2328 non
1550 2295 1679 2338 potnit.

328 2348 342 2368 ¹³
368 2348 496 2392 spiritu
523 2350 565 2382 L.
664 2356 675 2369 ⁰
701 2349 881 2383 sententia
906 2349 1112 2393 pontificem
1138 2348 1334 2382 maximum
1362 2349 1404 2382 L.

328 2402 342 2421 '¹
368 2413 449 2436 66111
476 2414 516 2435 60
543 2403 585 2436 L.

334 2571 341 2589 ¹
371 2571 386 2604 l
417 2570 496 2604 Cor.
523 2571 555 2611 4,
582 2570 638 2604 21.
1504 2608 1508 2612 ,

329 2623 342 2642 ²
369 2622 517 2657 Concilii
544 2635 684 2667 quoque
710 2623 873 2668 patribus
899 2622 1063 2657 omnibus
1089 2622 1123 2655 id
1142 2621 1321 2666 placuisse
1340 2620 1498 2655 affirmat
1514 2621 1757 2654 Pallae-eomas
1773 2620 1795 2655 1.
1816 2632 1844 2655 c.
1871 2620 1894 2655 1.
1918 2621 1969 2662 17,

211 2687 238 2709 c.
268 2676 297 2717 7,
325 2687 358 2710 n.
388 2677 442 2710 11.

331 2730 343 2749 3
368 2731 437 2764 Ios.
456 2731 648 2764 Mendlzsam
674 2730 717 2764 ad
746 2729 857 2764 verba
882 2729 962 2764 illa:
991 2757 998 2763 .
1027 2757 1033 2762 .
1063 2756 1070 2763 .
1101 2727 1268 2771 „docendi
1294 2727 1404 2772 prius,
1432 2738 1539 2771 quam
1565 2727 1775 2761 execrandi‘
1807 2727 1972 2761 adnotat:

214 2781 308 2823 „The
334 2783 525 2817 execrandi
553 2810 559 2816 .
589 2810 595 2817 .
622 2783 783 2826 signifies
808 2783 869 2817 the
896 2794 1029 2817 canons
1059 2782 1145 2815 with
1180 2781 1274 2815 their
1307 2780 1508 2814 anathema.
1560 2780 1651 2814 How
1686 2779 1802 2825 coolly
1838 2780 1880 2813 do
1907 2779 1973 2814 Ro-

210 2835 362 2870 manists
396 2836 474 2870 talk
509 2837 549 2870 of
580 2837 726 2879 cursing
761 2836 864 2870 those
899 2836 1015 2870 whom
1050 2835 1138 2880 they
1173 2834 1354 2869 esteemed
1388 2833 1582 2868 heretics!“
1625 2833 1809 2877 (Memoirs
1844 2832 1883 2867 of
1911 2833 1972 2867 the

212 2887 360 2923 Council
386 2890 424 2923 of
447 2889 558 2924 Trent
584 2889 744 2934 [London
772 2889 876 2934 1834]
903 2901 936 2934 p.
965 2889 1087 2932 227*).
1130 2889 1180 2922 Α1
1205 2887 1405 2922 sententias
1430 2886 1512 2921 fidei
1538 2886 1736 2921 contrarias
1762 2898 1783 2920 a
1809 2886 1972 2931 patribus

210 2941 414 2977 tridentinis
441 2944 629 2977 damnatas
655 2954 725 2978 non
753 2954 851 2984 esse,
887 2945 1082 2986 antequam
1108 2942 1186 2983 diu,
1222 2940 1432 2984 diligenter,
1466 2950 1732 2983 nonnumquam
1760 2939 1870 2973 etiam
1903 2939 1972 2972 fer-

211 2995 355 3030 ventius
381 3008 556 3030 excussae
582 2998 715 3039 essent,
741 2996 819 3041 ipsa
845 2995 987 3030 concilii
1013 2998 1094 3029 acta
1120 2995 1324 3028 ostendunt.

331 3050 343 3068 ‘¹
370 3048 461 3090 Quia
488 3050 678 3084 concilium
703 3049 938 3083 tridentinum
965 3051 1001 3083 et
1027 3060 1058 3083 a.
1081 3048 1169 3082 1547
1197 3050 1233 3081 et
1259 3058 1289 3081 a.
1311 3046 1401 3081 1552
1427 3045 1693 3091 interpellatum
1713 3044 1971 3079 intermissum-

213 3112 281 3143 que
307 3104 344 3135 et
368 3105 492 3146 postea
518 3114 644 3137 rursus
669 3102 911 3137 instauratum
937 3103 1003 3144 est,
1028 3102 1141 3145 legati
1167 3101 1209 3135 de
1245 3112 1285 3134 eo
1320 3102 1505 3144 tamquam
1540 3099 1583 3133 de
1617 3098 1778 3144 pluribus
1813 3097 1972 3132 conciliis

212 3153 420 3197 loquuntur.
