2093 3444
222 158 304 198 708
681 154 837 189 Monuni.
868 154 1078 200 (oenipont.)
1108 156 1186 191 332.
1217 157 1264 200 (8.
1292 157 1374 192 Iulii
1403 157 1519 203 1562.)

216 270 399 323 (scflicet
433 273 534 312 ante
559 270 884 324 queniiusslus)
917 276 1147 325 sequutun]
1181 277 1372 316 estrnox
1405 278 1449 317 et
1481 275 1597 317 ahud
1624 290 1985 330 sacruniinagno

215 339 431 389 apparatu
464 339 507 377 et
541 337 817 379 solennutate
851 337 1152 386 decantatun1‚
1196 339 1308 392 quod
1342 340 1579 383 antecefflnt
1610 341 1796 394 hyunnus
1827 341 1900 383 flle
1933 342 1986 383 de

215 400 370 454 sphdtu
403 403 578 451 sancto,
623 401 939 444 issffln.creat0r
971 403 1201 456 sphfitus1,
1245 407 1289 446 et
1329 404 1547 446 orafflones
1580 406 1635 447 ad
1667 405 1984 460 unpetranduni

214 465 419 507 diuinitus
466 466 601 508 foelix
648 466 817 509 initium
871 469 916 509 et
966 467 1230 510 foeliciorem
1282 468 1408 511 huius
1460 470 1560 511 noui
1609 470 1833 524 Gymnasij
1885 485 1985 525 pro-

212 544 411 583 gressuui
455 566 463 574 .
508 532 649 573 Fffruto
684 534 832 574 auten]
863 532 944 574 hoc
976 546 1099 575 sacro
1132 548 1242 575 iuius
1284 534 1576 587 professorunu
1608 538 1852 578 nostrorun]
1887 550 1985 578 ora-

212 595 375 637 tionem
407 597 558 638 habuit
589 597 633 637 in
667 597 817 638 eodem
849 597 943 639 loco
966 598 1124 651 partim
1158 599 1210 640 de
1232 599 1478 653 primordijs
1509 602 1552 642 et
1575 614 1777 642 successu
1809 603 1985 642 nostrae

213 661 457 711 &mnetaffls,
494 661 655 715 parfflni
689 676 792 703 uero
826 662 879 703 de
911 662 1110 704 laudibus
1143 664 1353 705 bonarurn
1387 665 1567 714 arthnn3
1602 667 1702 718 post
1735 665 1855 706 cuius
1888 678 1985 707 ora-

211 725 342 768 tionis
375 728 502 768 finem
527 726 731 769 adhibitis
762 729 812 768 ut
843 727 962 781 prius
986 728 1160 781 organis
1184 729 1418 771 decantata
1448 732 1515 771 est
1537 729 1683 771 diuina
1715 732 1759 772 et
1781 729 1985 771 solemnis

212 791 400 833 laus'Te
434 792 844 842 deunilaudarnus‚
888 796 1098 835 concentu
1132 794 1186 835 ad
1220 794 1468 835 ununsiere
1501 793 1633 836 horae
1666 794 1854 848 spathnn
1886 808 1984 848 per-

211 859 355 898 tracto
391 891 399 899 .
433 859 653 911 postremo
686 858 730 899 in
763 858 913 899 eodem
949 856 1152 912 [templo]
1188 859 1455 900 celebratum
1489 861 1556 901 est
1593 859 1804 900 submisse
1835 861 1984 901 tamen

210 921 389 963 tertium
432 926 475 964 et
518 922 716 964 ultimum
758 936 951 973 sacrum,
996 923 1062 965 cui
1103 927 1151 966 ut
1193 927 1236 966 et
1278 923 1455 977 reliquis
1487 924 1652 966 duobus
1692 923 1984 966 interfuerunt

212 986 399 1040 quinque
440 987 523 1029 iste
564 987 891 1030 Illustrissimae
923 988 1170 1042 Reginae2,
1216 1003 1311 1031 cum
1349 988 1544 1031 Dominis
1577 989 1857 1032 Senatoribus
1897 988 1983 1031 iam

211 1050 391 1101 dictis3‚
442 1055 486 1094 et
533 1052 630 1106 alijs
677 1052 890 1095 nobilibus
938 1053 1043 1095 uiris
1091 1056 1223 1108 atque
1271 1054 1379 1097 satis
1423 1068 1582 1108 magna
1624 1053 1884 1096 scholarium
1931 1068 1983 1096 ac

209 1117 459 1170 plebeorum
503 1117 722 1159 hominum
770 1121 949 1160 caterua
994 1153 1002 1161 .
1049 1119 1266 1162 Postridie
1311 1120 1462 1161 eodem
1509 1119 1658 1161 ordine
1706 1133 1757 1161 ac
1803 1133 1982 1161 numero

209 1182 437 1224 missarum
471 1186 646 1225 seruato
680 1183 816 1235 (nulla
838 1187 986 1226 tamen
1019 1184 1215 1236 cantata)
1240 1184 1379 1226 oratio
1413 1185 1563 1226 habita
1586 1187 1653 1226 est
1684 1185 1736 1226 de
1769 1183 1982 1237 dignitate

210 1249 254 1289 et
285 1262 365 1289 usu
388 1248 965 1302 necessarh31flnlosophiae.
1011 1249 1219 1292 Shnther
1251 1252 1295 1292 et
1327 1249 1616 1303 dhesequenti
1648 1250 1724 1291 sed
1754 1263 1779 1292 a
1801 1249 1981 1303 prandio

207 1312 361 1366 ijsdem
394 1327 563 1366 quoque
595 1313 863 1356 auditoribus
896 1314 1081 1357 recitata
1114 1317 1181 1356 est
1224 1315 1362 1357 oratio
1399 1315 1450 1357 de
1481 1314 1755 1369 praestantia
1787 1317 1831 1357 et
1863 1314 1980 1356 utili-

208 1380 302 1420 tate
335 1378 651 1432 eloquentstua.
685 1379 780 1420 Iloc
813 1381 959 1421 auten]
992 1380 1262 1433 praeludiunn
1295 1383 1445 1423 secuta
1484 1383 1551 1422 est
1584 1380 1651 1422 die
1682 1379 1879 1434 proxune
1911 1393 1979 1421 se-

209 1443 359 1496 quenti
392 1443 481 1496 (qui
506 1444 743 1485 dominicus
767 1445 880 1497 erat)
908 1445 1126 1487 schedulis
1157 1459 1235 1499 per
1266 1446 1362 1487 loca
1384 1445 1556 1500 publica
1588 1445 1732 1487 affixis
1763 1444 1979 1488 intimatio

209 1507 715 1558 schokoe½‹fiebuS1nox
748 1510 996 1562 sequutuffis
1029 1510 1328 1564 appefflendae

328 1606 383 1640 Ex
410 1605 465 1640 his
491 1606 623 1641 litteris
654 1607 714 1651 (cf.
742 1607 851 1642 etiam
877 1620 987 1653 supra
1012 1621 1044 1654 p.
1074 1609 1157 1652 703)
1186 1608 1422 1652 intellegitur,
1450 1610 1656 1652 Ayrc'colam
1684 1608 1721 1652 (l.
1744 1620 1773 1643 c.
1792 1608 1817 1650 I,
1844 1607 1928 1642 Dec.
1948 1608 1979 1650 3,

207 1671 240 1693 n.
259 1659 334 1703 47),
361 1661 434 1693 Fel.
462 1661 538 1695 Josu
566 1662 756 1705 Lipozcslcy
786 1661 1019 1704 (Geschichte
1046 1662 1107 1696 der
1134 1662 1297 1697 Jesuiten
1324 1663 1361 1696 in
1379 1662 1488 1707 Tyrol
1508 1661 1702 1706 [Miinchen
1722 1661 1826 1706 1822]
1852 1673 1886 1706 p.
1907 1661 1978 1705 14),

211 1714 335 1747 Irobst
365 1713 402 1757 (l.
430 1725 458 1747 c.
487 1725 519 1758 p.
540 1714 613 1757 68),
641 1715 716 1748 ιῙο3.
744 1716 929 1758 Siebz'nyer
957 1715 1190 1759 (Geschichte
1217 1716 1279 1750 des
1307 1715 1544 1760 Gymnasium
1570 1727 1613 1749 zu
1638 1715 1839 1749 Innsbruck
1865 1714 1978 1759 [Inns-

207 1766 322 1800 bruck
350 1766 454 1811 1858]
482 1778 515 1811 p.
545 1767 602 1809 6),
639 1769 753 1801 Boero
782 1768 940 1811 (Canisio
967 1780 1000 1813 p.
1027 1769 1134 1812 250),
1170 1771 1271 1803 Riess
1299 1769 1337 1811 (1.
1368 1781 1397 1803 c.
1421 1781 1454 1814 p.
1483 1768 1567 1813 334)
1604 1769 1725 1814 lapsos
1764 1779 1862 1809 esse,
1898 1779 1978 1802 cum

207 1819 262 1854 24.
289 1819 382 1854 Iunii
410 1821 500 1854 1562
530 1820 762 1866 (Lipowskyz
791 1821 897 1865 1561)
926 1822 1069 1866 collegii
1096 1822 1322 1868 oenipontani
1358 1823 1482 1856 ludum
1507 1822 1722 1857 litterarium
1758 1821 1979 1856 sollemniter

207 1875 371 1918 apertum
407 1885 486 1907 esse
521 1874 720 1909 scriberent
735 1876 757 1909 4.
810 1875 877 1917 Qui
909 1887 1008 1909 error
1043 1876 1078 1910 in
1104 1876 1182 1921 ipsa
1209 1876 1318 1910 etiam
1345 1876 1493 1920 antiqua
1527 1876 1590 1910 illa
1617 1875 1808 1910 *Historia
1834 1874 1977 1918 collegii

206 1927 435 1971 oenipontani
480 1926 572 1971 (cod.
617 1928 789 1969 „Jnitium
833 1930 869 1962 et
911 1940 1126 1973 progressus
1162 1928 1312 1974 Collegij
1348 1929 1540 1964 Societatis
1574 1929 1663 1963 Jesv
1694 1928 1973 1973 Oenipontanj“)

205 1980 349 2014 saeculo
374 1980 468 2016 XVI.
496 1981 555 2014 vel
582 1983 678 2015 certe
696 1981 809 2015 XVII.
836 1981 1005 2016 incohata
1031 1984 1215 2026 comparet
1242 1982 1291 2027 (p.
1319 1982 1356 2025 2)
1384 1984 1493 2027 atque
1523 1983 1604 2016 inde
1630 1982 1785 2016 fortasse
1811 1982 1847 2015 in
1873 1982 1977 2024 Agri-

205 2033 304 2068 colae
339 2034 560 2078 aliorumque
595 2034 706 2068 libros
740 2035 895 2069 transiit.
955 2035 1056 2077 Quod
1091 2038 1212 2069 autem
1250 2035 1360 2080 aliqui
1399 2036 1435 2069 in
1471 2036 1623 2070 ecclesia
1657 2035 1975 2070 Franciscanorum

205 2087 393 2121 sollemnia
418 2087 481 2121 illa
507 2089 589 2121 acta
616 2099 694 2122 esse
721 2088 901 2127 scribunt,
937 2089 1131 2123 notandum
1160 2091 1233 2130 est,
1270 2089 1534 2123 Ferdinandum
1571 2086 1975 2123 caesarem‘ecclesiam

205 2139 357 2175 Sanctae
377 2140 502 2175 Crucis
527 2141 605 2175 sive
631 2141 796 2182 aulicam,
823 2154 905 2176 cum
931 2142 1119 2176 canonicos
1142 2142 1357 2184 saeculares,
1385 2143 1514 2186 quibus
1540 2154 1619 2176 eam
1644 2143 1814 2183 traderet,
1840 2142 1977 2176 frustra

205 2194 415 2238 quaesisset,
443 2206 473 2228 a.
503 2194 593 2228 1563
620 2194 734 2228 ordini
760 2195 940 2229 Minorum
965 2195 1158 2230 tradidisse
1188 2196 1303 2239 (Hirn
1328 2195 1351 2229 l.
1379 2207 1408 2230 c.
1435 2196 1460 2237 Ι,
1488 2196 1568 2230 228.
1595 2196 1692 2239 248).

325 2248 508 2291 Ξίθῦἱηῃεν
527 2248 565 2291 (l.
585 2259 614 2282 c.
633 2260 665 2292 p.
686 2249 717 2282 6.
738 2248 774 2291 9)
804 2249 943 2290 asserit,
973 2248 1156 2283 Canisium
1182 2249 1300 2283 triduo
1326 2249 1386 2283 illo
1406 2249 1585 2283 celebrato
1612 2248 1755 2293 collegii
1782 2247 1975 2293 discipulos

204 2300 240 2334 in
266 2301 288 2334 4
315 2301 541 2335 distribuisse
567 2301 710 2335 scholas
745 2301 823 2335 sive
850 2302 986 2336 classes
1012 2301 1140 2346 hisque
1165 2302 1255 2336 haec
1281 2302 1394 2337 fuisse
1423 2303 1586 2337 nomina:
1628 2303 1832 2346 „Elementa
1857 2299 1974 2336 latini-

204 2353 302 2395 tatis,
330 2353 585 2396 Grammatica,
613 2354 797 2400 Syntaxis,
825 2355 1050 2389 Rhetorica.“
1105 2355 1277 2390 Similiter
1303 2356 1430 2390 scribit
1457 2357 1580 2390 Probst
1605 2356 1627 2390 l.
1655 2368 1683 2390 c.
1711 2368 1744 2401 p.
1772 2356 1828 2390 29.
1875 2353 1973 2396 Quae

205 2407 298 2440 unde
324 2407 455 2442 hausta
481 2407 564 2449 sint,
590 2407 721 2442 nescio.

1024 2489 1154 2531 332.

958 2579 991 2615 8.
1017 2578 1103 2615 Iulii
1128 2578 1224 2616 1562.

323 2667 378 2702 Ex
395 2667 602 2712 apographo
619 2667 766 2709 recenti,
789 2679 902 2711 eoque
920 2667 1102 2712 exscripto
1121 2680 1167 2702 ex
1185 2668 1391 2713 apographo
1410 2668 1555 2712 antiquo
1577 2668 1752 2713 (eiusdem
1769 2668 1970 2714 temporis),

203 2721 297 2764 quod
323 2723 445 2755 exstat
471 2721 669 2766 Oeniponte
704 2721 740 2754 in
775 2721 922 2755 archivo
957 2721 1207 2766 praefecturae
1233 2733 1442 2764 caesareae,
1478 2722 1554 2756 cod.
1586 2721 1689 2767 „Cop.
1715 2722 1756 2757 B.
1782 2722 1972 2757 Embieten

203 2774 276 2808 und
302 2774 461 2808 Bevelch
490 2775 597 2809 1562“
629 2775 652 2809 f.
679 2775 781 2809 4162.

326 2920 335 2939 ¹
362 2919 598 2953 Notissimum
624 2919 725 2953 illum
751 2919 926 2965 hymnum
952 2920 1058 2962 dicit,
1095 2920 1155 2964 qui
1185 2920 1221 2954 in
1247 2920 1433 2955 Breviario
1467 2932 1613 2955 romano
1647 2920 1786 2965 positus
1821 2922 1877 2954 est
1900 2920 1969 2954 Do-

204 2971 335 3006 minica
361 2973 605 3013 Pentecostes‚
631 2973 667 3007 in
694 2973 867 3018 vesperis.

325 3026 337 3045 ²
363 3025 587 3068 Magdalena,
614 3026 824 3070 Margarita,
853 3026 1023 3068 Barbara,
1050 3027 1199 3069 Helena,
1226 3027 1370 3068 Ioanna,
1397 3025 1613 3061 Ferdinandi
1630 3026 1657 3061 Ι.
1684 3026 1841 3060 caesaris
1859 3026 1966 3061 filiae.

325 3078 337 3098 3
367 3079 555 3120 „Dominos
582 3079 624 3112 de
651 3079 844 3123 regimine“
876 3081 912 3114 et
942 3080 1004 3122 „de
1031 3081 1193 3114 camera“
1224 3080 1329 3122 dicit;
1356 3080 1439 3114 vide
1464 3091 1574 3125 supra
1599 3092 1633 3124 p.
1662 3079 1740 3114 703.
1769 3079 1846 3114 707.

324 3132 336 3150 4
364 3131 416 3165 Cf.
444 3131 552 3166 etiam
579 3134 677 3177 „Der
702 3132 989 3176 szstfrezmd‘¹.
1039 3133 1140 3167 Neue
1166 3133 1286 3177 Folge.
1338 3133 1369 3168 6.
1397 3133 1524 3177 Jahrg.
1555 3133 1688 3177 (Bozen
1716 3132 1822 3176 1890)
1853 3144 1884 3177 p.
1909 3133 1966 3167 26.
