2093 3444
195 184 282 226 474
460 180 539 215 703.
577 179 743 214 Canisius
769 179 950 214 Stanislao
976 179 1098 214 Hosio.
1138 179 1337 226 Oeniponte
1366 181 1397 215 3.
1425 181 1581 225 Augusti
1610 182 1711 217 1562.

312 297 516 343 Epistulam
551 309 595 331 ex
631 296 827 341 archetypo
863 297 1000 341 primus
1036 297 1147 332 edidit
1186 299 1390 342 Cyprianus
1422 298 1502 334 1.0.
1538 311 1571 344 p.
1599 300 1798 334 240—241.
1849 299 1964 333 Parti-

194 351 311 386 culam
336 352 458 396 posuit
483 352 795 395 Layomarse'nius,
822 350 974 394 Pogiani
1000 350 1183 396 Epistolae
1210 352 1272 394 ΙΙΙ,
1299 352 1379 387 80¹³.

317 423 500 465 Scriptum
526 422 567 455 de
592 422 758 455 abusibus
784 423 911 454 missac
935 422 1051 455 mittit.
1094 423 1202 455 Brevi
1227 424 1427 465 Achustam
1451 424 1590 457 redibit.
1641 423 1771 457 Lainii
1796 425 1863 457 iter
1885 435 1964 468 yer-

199 476 378 508 manicum
405 480 434 508 et
461 476 630 508 adrentus
655 476 702 508 ad
728 475 925 508 concilium.

404 551 525 593 Paxa
557 551 716 593 Christi
748 551 970 592 nobiscum
1002 551 1307 594 <illustrissime
1338 552 1522 594 Domine
1553 553 1755 596 Patrone.

311 629 376 670 De
409 627 613 670 abusibus
646 627 806 669 Missae
848 626 1001 681 scripsi
1039 627 1222 681 aliquid,
1266 628 1342 669 sed
1383 630 1431 670 ut
1471 643 1624 682 parum
1664 629 1821 671 fecisse
1862 629 1966 672 mihi

191 692 344 735 uidear
375 693 418 734 in
449 692 531 734 1100
564 693 707 746 amplo
741 696 1022 745 argumentO,
1066 693 1179 746 quod
1220 693 1358 735 uoluit
1398 695 1544 735 tamen
1579 694 1798 736 Celsitudo
1830 697 1907 737 tua
1939 708 1965 736 a

191 772 260 800 me
294 772 461 812 quoque
494 757 688 800 tractari.
744 757 878 806 Quale
911 758 1037 810 quale
1069 758 1175 799 illud
1209 758 1418 812 scriptum
1451 761 1531 808 est,
1564 759 1665 801 boni
1698 773 1830 812 queso
1864 773 1965 801 con-

192 823 374 865 sulatur.
447 821 697 865 Doctissimi
741 822 951 875 Theologi
996 837 1177 876 quorum
1221 823 1375 876 ingens
1424 827 1490 865 est
1537 823 1665 866 isthic
1710 827 1963 876 conuentus,

192 888 373 930 meliora
406 888 678 930 conscribent
711 887 1012 941 proculdubio,
1058 888 1094 929 si
1127 888 1456 930 admoneantur.
1513 889 1607 942 Ego
1641 889 1847 943 defugere
1880 903 1965 932 non

192 953 309 995 uolui
340 967 508 1003 munus,
544 953 657 1006 quod
690 967 882 994 summus
915 953 1130 995 Patronus
1163 953 1350 996 iniunxit
1381 953 1609 997 imbecillo.

311 1018 441 1059 Breui
486 1018 733 1071 Augustam
779 1018 998 1060 rediturus
1042 1018 1202 1061 uideor.
1276 1018 1390 1060 Nam
1439 1033 1534 1060 cum
1580 1022 1696 1062 esset
1739 1020 1966 1073 Augustae

193 1083 475 1138 Praepositus
518 1086 692 1134 noster,
741 1083 822 1125 hoc
864 1083 1145 1137 impetratum
1194 1083 1342 1134 audio,
1397 1086 1445 1126 ut
1490 1084 1575 1127 cito
1620 1085 1854 1127 cathedrae
1896 1099 1966 1127 re-

193 1149 412 1191 stituerer.
466 1148 621 1191 Aderit
652 1148 724 1190 ille
756 1149 837 1191 hoc
869 1149 975 1199 loco,
1010 1148 1046 1190 si
1077 1149 1286 1190 Dominus
1319 1149 1490 1200 faueat,
1525 1149 1641 1192 intra
1673 1149 1964 1203 quatriduum.

195 1213 449 1256 Tridentum
482 1213 649 1265 ueniet,
683 1213 727 1255 ni
758 1214 909 1264 fallor,
945 1216 1047 1256 ante
1084 1216 1135 1255 13
1169 1213 1280 1255 diem
1312 1214 1500 1267 Augusti
1518 1216 1545 1258 1.
1608 1215 1696 1257 Res
1729 1215 1889 1257 multas
1922 1218 1966 1258 et

194 1279 446 1333 praeclaras
477 1278 521 1320 in
552 1278 709 1321 itinere
742 1280 795 1320 ab
828 1279 900 1320 illo
935 1293 1030 1320 esse
1064 1278 1285 1321 confectas
1318 1279 1438 1320 breui
1471 1294 1792 1333 cognoscemus

314 1344 583 1386 Reuerenter
605 1358 673 1385 me
696 1344 946 1386 commendo
970 1358 1066 1385 cum
1088 1343 1406 1386 -Jllustrissimis
1429 1344 1728 1387 Cardinalibus
1755 1345 1964 1396 omnibus,

194 1411 287 1451 tum
309 1409 595 1463 Amplitudini
627 1412 742 1459 tuae,
778 1411 930 1464 utpote
953 1410 1143 1451 Patrono
1177 1409 1230 1451 de
1261 1423 1330 1451 n1e
1363 1409 1524 1464 optime
1546 1410 1713 1454 meritc.
1758 1409 1966 1452 Dominus

194 1474 239 1516 in
283 1489 404 1516 suam
449 1474 634 1527 gloriam
675 1477 847 1517 nostros
892 1476 1039 1516 uertat
1084 1477 1288 1525 conatus,
1334 1477 1377 1517 et
1419 1475 1460 1518 S.
1504 1475 1678 1529 Synodo
1719 1489 1967 1517 successum

195 1542 393 1594 optatum
425 1539 603 1583 tribuat.
668 1540 898 1594 Oeniponti
934 1542 972 1582 ‚3
1006 1539 1207 1593 Augusti,
1246 1541 1372 1582 Anno
1407 1575 1415 1582 .
1454 1542 1565 1583 1562
1580 1540 1607 1583 b.

1145 1616 1304 1658 Seruus
1336 1616 1379 1658 in
1413 1616 1582 1659 Christo
1614 1617 1661 1659 P.
1695 1616 1904 1659 Canisius

314 1698 692 1740 Reuerendissimo
716 1699 758 1740 111
781 1698 952 1741 Christo
974 1697 1096 1740 Patri
1123 1701 1164 1741 et
1187 1699 1492 1742 Jllustrissimo
1516 1699 1699 1742 Domino
1723 1700 1773 1742 D.
1798 1698 1966 1742 Stanis-

195 1764 264 1806 lao
300 1764 434 1805 Hosio
463 1764 681 1806 Cardinali
714 1766 758 1806 et·
781 1763 994 1818 Episcopo
1018 1764 1276 1815 Varmiensi,
1311 1765 1470 1807 Sacrae
1493 1764 1653 1819 Synodi
1688 1764 1967 1807 Tridentinae

196 1829 403 1879 Praesidi,
437 1828 628 1871 Patrono
661 1829 940 1883 amplissimo.
1004 1829 1211 1872 Tridenti.

316 1904 545 1949 Inscriptioni
571 1916 678 1938 manu
706 1904 865 1938 eiusdem
892 1904 1064 1949 temporis
1085 1904 1248 1949 (Hosii‘?)
1278 1905 1487 1939 adnotatum
1513 1907 1588 1940 est:
1620 1904 1751 1948 „Redd.
1770 1904 1790 1939 8
1810 1904 1966 1949 Augusti

200 1958 302 1992 1562.
329 1958 436 2003 Resp.
464 1957 514 1991 XI
541 1958 696 2002 Augusti
725 1958 846 1992 1562*

318 2034 499 2079 Scriptum
526 2035 569 2068 de
596 2035 768 2069 abusibus
794 2035 937 2076 missae,
965 2035 1058 2079 quod
1078 2034 1245 2069 Canisius
1271 2046 1350 2069 011111
1377 2035 1433 2069 his
1459 2035 1591 2069 litteris
1618 2035 1662 2069 ad
1681 2035 1831 2069 Hosium
1858 2035 1966 2077 misit,

196 2087 233 2122 in
259 2088 380 2122 codice
406 2087 564 2131 gothano
591 2100 659 2122 non
688 2090 819 2122 exstat.
859 2090 978 2132 Atque
1004 2089 1039 2122 in
1066 2089 1187 2122 codice
1214 2088 1357 2132 quidem
1389 2087 1551 2133 „Scripta
1569 2089 1608 2123 B.
1628 2088 1667 2123 P.
1689 2088 1822 2122 Canisii
1840 2088 1882 2123 X.
1903 2088 1962 2122 Β.’ι

199 2140 260 2184 (cf.
292 2142 379 2175 Can.
407 2141 496 2186 Epp.
522 2142 557 2183 I,
594 2140 700 2185 692),
738 2141 773 2174 111
800 2153 869 2186 quo
896 2141 1062 2176 Canisius
1088 2154 1151 2186 per
1176 2141 1308 2175 multos
1335 2153 1465 2183 annos,
1501 2141 1701 2187 incipiendo
1737 2142 1781 2176 ab
1816 2154 1848 2176 a.
1877 2141 1967 2176 1550

195 2194 255 2228 vel
282 2194 390 2228 etiam
418 2194 536 2239 prius,
563 2195 736 2228 materias
762 2194 986 2238 theologicas
1012 2195 1048 2228 in
1074 2206 1162 2229 usus
1188 2194 1424 2236 academicos,
1450 2194 1694 2237 homileticos,
1720 2195 1810 2229 alios
1835 2194 1967 2239 partim

196 2247 272 2292 ipse
298 2247 454 2293 scripsit,
487 2249 618 2292 partim
645 2260 709 2293 per
734 2248 824 2282 alios
851 2248 1059 2282 scribendas
1086 2248 1237 2289 curavit,
1265 2248 1477 2283 *Indiculus
1504 2248 1649 2292 quidam
1675 2250 1798 2283 exstat
1827 2248 1866 2292 (f.
1892 2247 1967 2291 41),

195 2312 304 2335 manu
331 2302 454 2345 ignota
483 2301 538 2345 (P.
563 2301 707 2335 Ioannis
725 2301 879 2346 Dyrsii?
915 2301 954 2336 P.
983 2301 1202 2346 Sigismundi
1230 2301 1355 2345 Ilsung
1366 2302 1400 2345 Ῥ)
1429 2303 1587 2347 scriptus
1614 2304 1650 2336 et
1675 2302 1727 2336 sic
1754 2301 1968 2347 inscriptus:

200 2355 368 2396 „Abusus
396 2354 491 2389 circa
518 2355 668 2389 Missam
696 2355 898 2398 corrigendi
925 2355 1120 2389 secundum
1154 2355 1358 2389 sanctiones
1384 2355 1583 2399 antiquas.“
1637 2355 1686 2389 At
1710 2355 1850 2396 nescio,
1881 2365 1967 2389 num

194 2407 253 2441 hic
279 2407 458 2442 indiculus
486 2407 580 2442 idem
614 2408 663 2442 sit
689 2410 798 2452 atque
825 2409 875 2450 is,
911 2420 1018 2452 quem
1044 2408 1154 2442 Hosio
1182 2408 1348 2442 Canisius
1373 2409 1492 2449 misit;
1527 2408 1563 2442 in
1590 2408 1711 2443 codice
1744 2409 1838 2442 enim
1863 2407 1966 2441 modo

194 2463 391 2494 memorato
418 2461 597 2495 indiculus
624 2461 684 2495 ille
702 2463 840 2506 partem
860 2461 1080 2496 constituere
1098 2461 1243 2495 videtur
1261 2461 1506 2496 commentarii
1534 2461 1576 2495 de
1602 2461 1716 2496 sacris
1742 2460 1967 2496 caerimoniis

195 2514 321 2559 scripti
351 2514 389 2557 (f.
418 2514 634 2557 39b—42b),
662 2514 721 2558 qui
748 2516 845 2548 certe
872 2514 981 2548 Hosio
1008 2515 1142 2549 missus
1168 2527 1237 2549 non
1263 2517 1329 2549 est.
1380 2514 1532 2549 Indiculi
1558 2514 1678 2560 capita
1703 2526 1814 2559 pono:

320 2567 500 2609 „Primum
526 2579 570 2601 ne
597 2567 732 2601 Missae
759 2568 803 2601 ab
829 2568 982 2602 indoctis
1008 2570 1043 2602 et
1069 2568 1326 2613 mysteriorum
1353 2568 1429 2602 eius
1455 2567 1591 2612 ignaris
1617 2567 1853 2602 celebrentur.

317 2620 479 2654 Secundo
505 2632 549 2654 ne
576 2620 695 2654 desint
719 2621 902 2654 adiutores
928 2620 1191 2655 sacrificantib:

317 2673 439 2707 Tertio
464 2685 509 2707 ne
537 2673 655 2708 desint
680 2676 843 2708 astantes
869 2674 906 2708 in
931 2674 1054 2708 Missa.

316 2726 451 2768 Quarto
477 2739 522 2761 ne
540 2729 661 2761 astent
687 2729 723 2761 et
739 2727 945 2761 ministrent
970 2727 1014 2761 ad
1041 2726 1155 2761 altare
1173 2727 1361 2768 faeminae,
1387 2728 1427 2761 ut
1452 2727 1493 2761 fit
1509 2727 1723 2772 praesertim
1749 2728 1785 2761 in
1810 2725 1965 2762 ruralib:

198 2780 374 2826 ecclesijs.

317 2885 332 2899 ²²
358 2880 436 2913 Hoc
460 2891 490 2914 v.
517 2884 547 2913 et
573 2882 594 2913 5
619 2892 692 2925 sqq.
719 2892 741 2914 α
772 2881 877 2925 Cypr.
906 2882 1035 2914 omissa
1061 2885 1153 2915 sunt.
1252 2880 1267 2901 b
1296 2880 1401 2924 Cypr.
1430 2891 1494 2914 om.
1521 2892 1570 2915 vv.
1595 2893 1668 2925 sqq.

630 2997 792 3041 „Arguta
815 2997 1004 3032 meretrice
1030 2999 1132 3042 potes
1158 2996 1332 3040 Davoque
1360 2996 1551 3032 Chremeta

627 3049 804 3084 Eludente
830 3061 952 3084 senem
979 3051 1090 3085 comis
1116 3049 1254 3094 garrire
1280 3049 1463 3084 libellos:“

988 3105 1175 3148 Horatius,
1203 3102 1403 3137 Satirarum
1428 3103 1451 3137 1.
1482 3103 1510 3145 1,
1537 3105 1605 3138 sat.
1635 3103 1687 3145 10,
1713 3115 1748 3137 v.
1774 3103 1831 3137 40.
1857 3103 1914 3138 41.

323 3161 332 3181 ¹
359 3161 425 3195 Die
454 3162 507 3196 13.
535 3162 691 3205 Augusti
716 3162 926 3197 Tridentum
953 3163 1072 3203 venit;
1099 3162 1181 3196 vide
1206 3173 1316 3206 supra
1342 3173 1375 3207 p.
1400 3162 1483 3196 472.
