2093 3444
239 223 296 250 LX
440 207 483 240 V.
510 205 711 251 Descriptio
738 204 898 240 codicum
925 215 1032 238 manu
1058 204 1222 248 scriptor.
1250 203 1285 237 in
1311 203 1376 237 hoc
1403 203 1535 238 volum.
1563 203 1814 239 adhibitorum.

356 323 556 366 Continet
589 325 644 365 94
687 323 917 377 epistulas.
962 336 1121 375 easque
1162 321 1254 363 fere
1287 335 1434 363 omnes
1477 321 1738 375 archetypas
1770 321 1840 363 vel
1873 320 2004 364 etiam

238 389 557 443 autographas,
601 402 627 430 a
661 390 697 431 7.
732 387 923 429 Ianuarii
955 401 993 430 a.
1033 388 1143 429 1562
1178 400 1313 439 usque
1346 386 1401 428 ad
1437 388 1503 429 13.
1538 386 1788 429 Decembris
1821 400 1859 428 a.
1894 388 2006 429 1563

237 456 291 497 ad
325 454 590 497 Stanislaum
624 453 887 495 cardinalem
920 452 1124 501 Hosium,
1159 452 1406 506 episcopum
1441 451 1729 493 varmiensem
1763 454 1806 494 et
1838 450 2007 505 imperii

235 519 487 574 principem,
522 519 593 572 qui
626 521 729 560 tunc
762 517 958 561 Tridenti
991 531 1100 559 unus
1133 531 1188 559 ex
1221 516 1387 559 concilii
1427 516 1632 569 „legatis“
1672 516 1764 558 sive
1797 515 2007 570 praesidi-

235 586 314 626 bus
347 587 455 630 erat.
491 584 618 626 datas
651 598 675 626 a
710 584 870 626 Sancto
903 583 1056 625 Carolo
1089 583 1353 624 Borromaeo
1387 581 1606 623 cardinale
1640 581 1705 623 Pii
1726 582 1800 623 IV.
1835 583 2006 636 nepote,

234 651 373 693 Beato
406 651 536 692 Petro
570 648 763 698 Canisio,
809 647 1100 690 cardinalibus
1132 647 1294 689 Ioanne
1326 647 1528 694 Morono.
1564 646 1723 689 Ottone
1756 647 2006 690 Truehsess.

236 715 392 757 Iacobo
426 716 584 764 Puteo,
630 714 817 756 Henrico
851 713 1023 755 Infante
1056 712 1330 762 Lusitaniae,
1374 711 1681 766 Christophoro
1714 715 1759 754 et
1790 711 2008 754 Ludovico

238 780 481 830 Madrutiis,
517 781 570 822 ab
592 779 754 822 Ioanne
776 779 1026 832 Kolosvary
1049 779 1250 833 episcopo
1274 777 1544 820 csanadiensi
1568 777 1788 830 (Csanad),
1820 777 2008 820 Martino

238 846 416 888 Cromer
448 845 653 887 canonico
687 844 954 887 cracoviensi
987 846 1031 887 et
1054 843 1259 885 Poloniae
1291 842 1407 895 regis
1438 843 1552 897 apud
1575 856 1796 885 caesarem
1820 845 2007 887 oratore.

241 912 403 953 Ioanne
435 911 667 953 Francisco
700 910 956 959 Lombardo,
991 910 1177 952 Caesare
1209 908 1437 951 Ferrantio
1472 911 1553 951 etc,

361 1005 533 1038 Ernes-tns
560 1006 728 1038 Salomon
759 1004 982 1047 Cyprianus,
1023 1001 1258 1045 „Theologiae
1293 1000 1600 1045 [protestantium]
1637 1001 1787 1041 Doctor,
1824 1002 1860 1035 et
1894 1001 2010 1045 proto-

243 1058 401 1103 synedrii
429 1058 584 1092 Gothani
610 1069 757 1102 praeses
783 1057 973 1092 vicarius⁴‘.
1010 1056 1200 1101 plerasque
1234 1067 1279 1089 ex
1305 1055 1361 1088 his
1388 1055 1552 1100 epistulis
1580 1066 1650 1089 una
1675 1066 1755 1089 cum
1781 1054 1904 1088 multis
1931 1053 2012 1088 aliis

245 1112 403 1146 eiusdem
430 1111 574 1155 generis
600 1112 736 1156 primus
763 1123 807 1145 ex
833 1109 1041 1155 archetypis
1067 1109 1256 1152 evulgavit
1282 1109 1317 1142 in
1343 1108 1433 1142 libro
1465 1108 1714 1150 ,Tabularium
1741 1107 1926 1142 Ecclesiae
1944 1107 2009 1141 Ro-

244 1176 371 1199 manae
397 1164 509 1199 seculi
535 1164 663 1198 decimi
689 1164 820 1205 sexti“,
846 1163 1073 1197 Francofurti
1099 1165 1133 1196 et
1162 1162 1300 1206 Lipsiae
1330 1162 1429 1195 1743.

365 1225 567 1270 Cyprianus
593 1224 628 1258 in
654 1223 760 1258 huius
786 1223 866 1257 libri
898 1222 1053 1268 epistula
1080 1221 1314 1262 dedicatoria,
1350 1221 1392 1255 ad
1421 1221 1639 1255 Fridericum
1668 1221 1728 1255 III.
1756 1221 1882 1255 ducem
1908 1230 2012 1254 saxo-

242 1277 439 1321 gothanum
467 1278 560 1318 data,
587 1277 731 1311 scribit:
763 1276 984 1318 „Fridericus
1011 1276 1052 1310 II.
1079 1275 1266 1310 Gothanus
1286 1302 1292 1309 .
1313 1302 1319 1308 .
1341 1302 1348 1308 .
1367 1274 1604 1309 bibliothecae
1630 1277 1713 1309 tuae
1733 1302 1740 1309 .
1760 1302 1766 1309 .
1788 1301 1795 1308 .
1815 1272 2011 1308 Hosianum

243 1331 429 1365 literarum
457 1331 728 1365 commercinm“
759 1330 890 1364 adiecit
917 1330 957 1373 (f.
985 1330 1052 1364 bb).
1097 1329 1299 1363 Fridericus
1326 1329 1369 1363 ll.
1397 1328 1440 1362 ab
1467 1339 1498 1362 a.
1529 1328 1613 1362 1691
1645 1328 1687 1362 ad
1718 1328 1807 1362 1732
1834 1327 2012 1371 regnavit.

244 1386 284 1419 In
319 1385 400 1419 libri
435 1388 555 1419 autem
583 1385 806 1430 praefatione
832 1384 923 1418 idem
953 1384 1155 1428 Cyprianus
1181 1382 1224 1416 de
1255 1381 1532 1424 ,monumentis“
1565 1393 1584 1415 a
1611 1393 1649 1415 se
1676 1381 1773 1427 typis
1800 1380 2010 1425 exscriptis:

247 1438 529 1482 „Collegeram“,
558 1438 682 1482 inquit.
714 1449 775 1480 „ac
802 1449 932 1481 magno
959 1437 1073 1482 pretio
1101 1464 1107 1470 .
1136 1463 1142 1470 .
1171 1463 1178 1470 .
1207 1436 1424 1470 coemeram“
1460 1436 1500 1473 (f.
1528 1435 1548 1468 b
1568 1436 1638 1478 3³¹).

364 1500 498 1532 Franc.
519 1500 647 1542 Hiplet·
665 1500 701 1532 et
721 1499 816 1531 Vinc.
837 1498 1076 1540 Zalerzewske,
1104 1496 1337 1541 epistularum
1359 1495 1457 1529 Hosii
1477 1495 1642 1537 editores,
1669 1494 1814 1529 dubium
1842 1506 1909 1528 non
1934 1504 2013 1528 esse

245 1555 421 1592 asserunt,
442 1552 527 1596 quin
545 1551 612 1586 hae
634 1551 810 1596 epistulae
830 1562 901 1584 una
918 1562 997 1585 cum
1017 1550 1098 1584 aliis
1115 1549 1208 1583 haud
1228 1549 1353 1594 paucis
1371 1548 1455 1583 olim
1474 1560 1495 1583 a
1513 1548 1636 1583 Suecis
1654 1547 1786 1583 bellum
1805 1547 2014 1591 gerentibus

245 1618 289 1639 ex
309 1605 456 1639 vai-mia
474 1607 598 1650 raptae
616 1605 697 1639 sint.
735 1606 854 1648 Atque
872 1605 940 1649 ipsi
959 1603 1101 1648 quidem
1120 1603 1154 1637 in
1175 1602 1411 1638 bibliothecae
1429 1602 1608 1646 gothanae
1627 1602 1702 1636 cod.
1727 1601 1807 1644 „Nix
1826 1600 1913 1635 384“
1943 1600 2013 1646 epi-

244 1659 360 1693 stulas
395 1661 540 1693 exstare
572 1658 753 1699 scribunt,
790 1670 835 1692 ex
867 1658 996 1702 quibus
1023 1656 1272 1700 intellegatur,
1307 1656 1401 1690 hunc
1429 1656 1585 1690 codicem
1616 1655 1672 1698 (E.
1699 1655 1743 1690 H.
1771 1654 1807 1698 2)
1837 1666 1905 1688 una
1933 1665 2010 1688 cum

246 1712 345 1746 codd.
369 1712 449 1753 „Nn
465 1712 552 1747 381²
576 1714 611 1746 et
633 1712 713 1752 „Nr.
730 1712 816 1746 383“
841 1723 872 1746 a.
890 1711 980 1745 1722
999 1710 1142 1745 Stettini
1164 1722 1226 1755 pro
1246 1709 1424 1743 Friderico
1443 1710 1487 1743 ΙΙ.
1508 1709 1597 1743 duce
1615 1707 2012 1743 anhaltino-zerbstensi

245 1769 367 1810 empta
393 1777 472 1799 esse
503 1765 686 1802 (Stanislai
719 1765 819 1799 Hosii
847 1764 1028 1810 Epistolac
1056 1764 1070 1798 Ι
1097 1763 1307 1808 [Cracoviae
1336 1762 1460 1807 1879]‚
1488 1763 1632 1801 xv11*);
1662 1763 1810 1796 Ioannes
1840 1763 2015 1805 Georyius

247 1820 499 1853 Schelhorm'tcs
528 1820 724 1861 („seni0r“)
754 1821 875 1854 autem
910 1818 986 1862 (qui
1012 1817 1253 1861 Memmingae
1288 1817 1563 1862 protestantium
1595 1816 1868 1858 „ecclesiastem
1900 1817 1935 1849 et
1966 1815 2014 1850 bi-

245 1872 516 1906 bliothecarium
552 1873 698 1916 agebat»
728 1873 762 1906 in
790 1872 879 1906 libro
910 1872 1176 1913 „Amoenitates
1206 1871 1378 1905 historiae
1405 1870 1672 1905 ecclesiasticae
1707 1872 1743 1904 et
1768 1868 1968 1903 literariae“
2000 1868 2013 1901 l

250 1926 491 1963 (Francofurti
519 1928 554 1960 et
573 1926 715 1971 Lipsiae
736 1926 855 1964 1737).
885 1925 1090 1960 iss—189:
1122 1924 1346 1966 „Narravit“,
1373 1923 1498 1968 inquit,
1531 1922 1741 1967 „aliquando
1767 1922 1854 1956 mihi
1873 1923 1929 1956 vir
1946 1922 2014 1956 fide

248 1980 388 2023 dignus.
417 1979 581 2013 Carolum
601 1979 678 2014 XII.
707 1979 901 2014 Suecorum
920 1979 1055 2022 Regem
1083 1978 1364 2022 gloriosissimae
1391 1978 1592 2017 memoriae,
1619 1988 1699 2011 cum
1727 1976 1761 2010 in
1789 1975 2014 2021 expeditione

250 2032 418 2067 Polonica
444 2033 679 2078 Heilspergae
706 2034 741 2067 in
768 2032 958 2073 Borussia,
989 2042 1080 2076 quae
1107 2032 1210 2066 sedes
1237 2031 1318 2065 olim
1347 2034 1383 2065 et
1408 2030 1626 2065 domicilium
1653 2030 1753 2064 Hosii
1780 2031 1868 2070 erat,
1894 2040 2014 2064 versa-

249 2089 367 2127 retur,
404 2089 546 2131 praeter
581 2087 650 2121 alia
681 2086 932 2121 commercium
957 2085 1064 2130 hujus
1091 2084 1291 2119 Cardinalis
1317 2084 1542 2129 epistolicum
1569 2095 1610 2118 ac
1636 2083 1807 2117 nonnulla
1832 2082 2014 2117 volumina

252 2141 496 2185 manuscripta
518 2140 599 2185 jure
626 2141 709 2175 belli
735 2141 803 2175 sibi
830 2140 1044 2179 vindicasse,
1075 2139 1208 2183 iisque¹⁴
1240 2139 1406 2173 Ioannem
1434 2137 1652 2172 Fridericum
1683 2136 1901 2182 „Mayerum,
1927 2135 2015 2170 mul-

251 2196 328 2227 tum
363 2194 456 2238 apud
492 2205 571 2228 eum
608 2195 725 2238 gratia
753 2194 964 2239 valentem„
989 2192 1320 2227 munificentissime
1347 2192 1528 2226 donasse.⁴‘
1582 2190 1721 2237 Mayeri
1753 2192 1872 2225 autem
1898 2189 2014 2229 huius,

256 2247 447 2290 „Theologi
471 2247 665 2292 Gryphici“
690 2247 973 2289 (Greifswalde)‚
1005 2245 1240 2288 ,bibliotheca
1260 2273 1266 2280 .
1287 2274 1294 2280 .
1315 2273 1322 2280 .
1342 2245 1495 2279 Berolini
1516 2245 1556 2279 A.
1577 2243 1808 2279 MDCCXVI.
1834 2242 1915 2288 plus
1940 2242 2015 2277 lici-

252 2301 413 2335 tantibus
440 2301 642 2335 divendita“
676 2301 713 2337 (l.
741 2313 770 2335 c.
798 2301 831 2341 Ι,
862 2300 961 2341 188),
993 2300 1083 2342 „tria
1109 2299 1308 2340 volumina,
1336 2298 1507 2344 epistolas
1534 2297 1636 2333 Card.
1664 2296 1766 2332 Hosii
1792 2296 2014 2340 aliorumque

252 2353 546 2398 complectentia“
586 2366 671 2388 cura
702 2354 803 2395 ἨΕῑῐι.
832 2354 903 2388 Sal.
931 2353 1101 2398 Cypriani
1136 2353 1168 2387 in
1207 2352 1467 2387 Bibliothecam
1502 2351 1674 2386 Ducalem
1701 2350 1902 2385 Gothanam
1938 2361 2015 2395 per-

252 2408 417 2447 venere“,
443 2409 483 2441 ut
509 2408 651 2451 quidem
678 2408 771 2442 idem
791 2408 1044 2442 Schelhorm'us
1069 2407 1228 2440 affirmat
1254 2406 1287 2439 in
1313 2406 1401 2440 libro
1423 2404 1656 2447 „Commercii
1674 2403 1877 2449 epistolaris
1896 2403 2014 2438 Uffen-

251 2460 415 2495 bachiarii
451 2460 619 2501 selecta“‚
656 2461 694 2495 P.
731 2461 780 2495 1V
824 2460 966 2497 (Ulmae
1002 2462 1037 2494 et
1072 2459 1312 2503 Memmingae
1341 2460 1470 2497 1755).
1506 2471 1538 2504 p.
1566 2457 1771 2496 343—346;
1811 2456 1870 2491 ubi
1905 2456 2013 2490 etiam

254 2513 292 2551 (l.
321 2526 350 2548 c.
378 2514 437 2554 IV,
465 2514 548 2550 345)
587 2514 712 2549 scribit
746 2514 781 2548 in
808 2514 982 2557 Catalogo
1007 2513 1246 2547 bibliothecae
1272 2513 1501 2557 mayerianae
1527 2524 1559 2557 p.
1588 2511 1655 2545 726
1682 2521 1887 2555 comparere
1913 2509 2014 2544 Hosii

251 2566 472 2611 aliorumque
499 2567 542 2601 ad
570 2567 719 2602 Hosium
746 2570 781 2602 et
808 2567 897 2601 alios
924 2567 1099 2612 epistulas
1125 2566 1343 2611 archetypas
1368 2566 1412 2600 ab
1439 2577 1470 2600 a.
1499 2566 1589 2599 1545
1615 2565 1659 2598 ad
1689 2564 1779 2598 1610
1805 2564 1927 2603 datas,
1963 2565 2014 2597 at-

251 2631 320 2664 que
345 2621 439 2654 inter
463 2620 530 2655 has
556 2620 589 2655 S.
619 2620 736 2655 Caroli
763 2620 970 2661 Borromaei
988 2621 1042 2657 52.
1069 2620 1168 2654 Petri
1196 2619 1329 2654 Canisii
1349 2620 1403 2659 33,
1430 2618 1574 2653 Ottonis
1600 2617 1792 2652 cardinalis
1811 2616 2014 2661 Augustani

252 2673 307 2711 53.
339 2673 456 2714 ,Petri
483 2673 587 2708 Fabri
613 2675 654 2708 4“
687 2676 753 2708 etc.

772 2794 795 2809 po

779 2811 812 2838 s.
857 2793 1013 2837 Codex
1045 2794 1500 2848 guelpherbytanus.

372 2894 684 2950 Guelpherbyti
716 2895 1084 2948 (Wolfenbiittel,
1130 2894 1172 2935 in
1217 2893 1376 2936 ducatu
1420 2891 1736 2945 brunsvicensi)
1776 2890 1819 2932 in
1860 2889 2012 2932 biblio-

252 2960 380 3002 theca
412 2960 566 3002 ducali.
1123 2962 1128 2967 '
1417 2962 1420 2966 “

374 3046 466 3100 „36.
489 3045 558 3090 24.
581 3047 720 3103 Aug.“
775 3027 1008 3102 Signatura
1040 3062 1190 3090 recens
1222 3047 1265 3089 in
1299 3047 1446 3089 dorso:
1485 3047 1579 3096 „36.
1615 3047 1682 3087 24.
1712 3040 1716 3099 1
1747 3027 1884 3097 Aug.“
1942 3042 2012 3084 In-

255 3112 379 3165 cipit:
402 3114 470 3165 v,‚†
493 3128 532 3167 p.
559 3116 597 3156 2.
628 3113 834 3167 Aegidius
857 3114 1009 3164 Faber.
1040 3114 1166 3156 1556.
1193 3113 1469 3164 Messanae&
1502 3109 1782 3165 terminatur:
1815 3106 2013 3161 „sagittis

255 3177 421 3228 gratias
454 3180 675 3230 egerunt.“
715 3180 781 3224 20:
825 3178 983 3220 codicis
1013 3178 1119 3219 folia
1151 3177 1363 3231 duplicem
1395 3175 1555 3218 habent
1595 3173 1906 3227 signationem,
1949 3172 2012 3214 al-
