2093 3444
556 156 714 191 Monum.
744 156 955 202 (oenipont.)
985 156 1064 190 335.
1094 155 1166 199 (23.
1193 154 1275 189 Iulii
1303 155 1421 199 1562.)
1792 156 1875 197 711

105 271 263 306 Jesuiter
288 271 444 306 buecher
469 285 540 306 von
567 273 674 307 Petro
702 273 966 318 Kirchpuchler
991 272 1168 307 erkaut't.“
1224 272 1431 316 Sequuntur
1460 272 1541 317 plus
1568 283 1675 316 quam
1703 271 1770 306 100
1796 271 1879 306 libri

104 325 163 359 vel
188 324 307 369 potius
332 325 531 367 volumina;
570 326 685 360 multa
711 328 806 360 enim
832 326 1015 360 volumina
1042 326 1244 371 complures
1270 326 1379 360 libros
1415 326 1618 366 continent;
1655 326 1774 359 omnia
1802 325 1878 359 fere

104 378 287 412 volumina
305 378 553 422 conglutinata
571 382 674 419 sunt;
702 380 865 423 singulis,
892 380 1016 424 paucis
1035 380 1208 424 exceptis,
1235 379 1391 424 pretium
1417 380 1627 413 adnotatum
1648 380 1714 413 est.
1749 378 1878 413 Totum

104 431 256 465 indicem
282 443 413 476 ponere
448 432 595 475 longum
631 436 704 473 ests
741 433 862 476 aliqua
893 445 984 478 pono
1021 445 1063 466 ex
1097 433 1305 478 apographo
1340 433 1494 474 recenti,
1531 444 1574 466 ex
1611 432 1759 466 archivo
1786 432 1879 466 oeni-

104 486 259 530 pontano
286 485 329 519 ad
357 497 413 519 me
439 485 559 520 misso.
595 486 743 531 Incipit:
776 486 894 528 „Sacri
923 486 1006 520 libri
1034 487 1069 520 in
1088 486 1428 530 Haeb1·ealingua.“
1469 486 1605 520 Deinde
1623 485 1660 519 hi
1679 487 1880 529 sequuntur

103 538 203 572 libri:
235 537 365 581 „Sacra
384 538 501 572 Biblia
524 542 558 573 et
578 540 742 574 Haebrea
765 540 928 573 Venetiis
958 540 1134 584 impressa
1156 540 1193 580 (4
1210 539 1275 582 fi.).
1295 560 1339 563 —
1359 539 1620 573 Dictionarium
1638 539 1879 573 Hebreaicum

104 592 214 626 Joan:
242 591 430 626 Reuchlini
459 592 495 635 (2
513 592 578 632 fl.).
600 614 641 617 —
663 593 921 627 Dictionarium
948 593 1119 636 trilingue
1137 592 1341 627 Sebastiani
1358 592 1538 627 Munsteri
1563 593 1600 626 in
1626 592 1722 633 folio,
1749 592 1880 635 viginti

105 644 359 688 quaterniones
386 646 573 680 continens
603 646 635 689 (1
657 646 723 687 fis).
752 666 794 669 —-
822 645 874 680 De
910 646 1118 680 accentibus
1153 648 1188 680 et
1216 646 1473 691 orthographia
1506 646 1653 689 linguae
1679 645 1880 680 Hebraicae

104 698 294 736 Reuchlini
320 698 403 732 libri
430 701 524 739 tres;
560 711 630 733 una
658 711 737 733 cum
764 699 942 733 Psalterio
969 711 989 733 a
1015 699 1134 733 Felice
1161 699 1357 744 interprete
1393 700 1436 733 ad
1463 700 1614 734 verbum
1641 699 1818 733 translato
1843 699 1879 733 in

104 752 313 786 membrana
342 752 402 793 (30
430 752 654 796 crucigerisL
682 773 724 776 —
752 753 842 787 Rabi
870 753 968 786 Mose
1004 752 1146 793 Kimhi,
1183 752 1428 787 Grammatica
1454 753 1616 794 Hebrea,
1651 753 1741 787 Item
1772 752 1879 786 Rudi-

105 807 226 839 menta
252 804 453 840 Haebraica
480 806 573 840 Mosi
599 806 719 839 Kimhi
757 818 777 840 a
804 806 967 840 Johanne
994 806 1239 840 Kochenstain
1275 818 1355 840 cum
1391 806 1658 841 introductorio.
1709 806 1880 840 Eiusdem

106 857 312 892 Erotemata
339 858 563 893 Chi-isolorae
591 858 752 893 Graecea
781 859 827 903 [2³]
864 871 943 893 cum
980 859 1048 893 alio
1084 859 1341 893 introductorio
1371 860 1431 902 (30
1458 859 1582 903 cruc).
1616 881 1652 885 -—
1681 859 1880 894 Proverbia

105 911 305 946 Salamonis
322 911 426 946 iuxta
444 912 682 946 Haebraicam
701 913 890 947 veritatem
909 913 1088 946 translata
1107 915 1143 946 et
1160 913 1449 947 annotationibus
1473 913 1655 947 illustrata
1675 913 1735 956 (30
1755 913 1880 957 cruc).

106 985 151 988 -
170 964 416 1000 Grammatica
434 965 525 1000 Rabi
543 966 634 1000 Mosi
653 967 775 999 Kimhi
801 966 904 1000 iuxta
921 966 1200 1000 Haebraismum
1225 978 1288 1011 per
1307 966 1559 1001 Sebastianum
1582 967 1748 1000 Munster
1773 978 1881 1001 versa

105 1029 175 1052 una
202 1031 283 1053 cum
309 1019 564 1053 commentario
591 1019 717 1053 Heliae
745 1020 892 1054 Leuitae
918 1020 953 1053 in
973 1020 1131 1053 eandem.
1183 1019 1275 1053 Item
1301 1020 1558 1064 Compendium
1584 1019 1748 1054 Hebreae
1776 1019 1880 1054 Chal-

106 1072 264 1116 deaeque
291 1071 553 1107 Grammatices
583 1074 643 1116 (30
670 1075 795 1117 cruc).
823 1096 865 1099 -
893 1073 946 1107 De
972 1073 1147 1107 Haebreis
1178 1073 1347 1114 Urbium,
1382 1073 1560 1115 locorum,
1596 1073 1880 1118 populorumque

105 1125 307 1160 nominibus
334 1138 352 1160 e
379 1126 503 1160 Veteri
529 1127 772 1161 lnstrumento
799 1126 981 1170 congestis
1009 1127 1070 1170 (20
1089 1127 1214 1169 cruc).
1234 1148 1277 1152 -
1296 1126 1511 1161 Rudimenta
1529 1126 1708 1161 Hebraica
1731 1126 1879 1160 Mosche

106 1179 226 1213 Kimhi
261 1179 382 1214 revisa
416 1192 437 1214 a
471 1180 669 1214 Reuchlino
704 1180 942 1225 interpretata
977 1182 1012 1214 et
1038 1193 1058 1214 a
1084 1180 1123 1214 P.
1156 1179 1439 1225 Ki'irchpichlero
1475 1180 1519 1214 ab
1555 1180 1679 1214 eodeni
1715 1182 1878 1224 excepta.

107 1231 243 1273 Quibus
270 1233 439 1268 adiuncta
465 1236 550 1267 sunt
575 1233 690 1267 multa
716 1236 752 1267 et
778 1233 879 1267 varia
905 1233 1042 1268 scholia
1068 1234 1104 1267 in
1131 1233 1310 1274 Genesim,
1344 1233 1562 1268 Psalterium
1588 1236 1623 1268 et
1649 1234 1760 1268 libros
1786 1233 1878 1267 Hae-

106 1286 209 1320 breos
235 1285 343 1327 alios,
379 1298 400 1320 a
426 1287 624 1321 Reuchlino
651 1289 687 1321 et
714 1287 923 1321 Bachfeldio
950 1287 1085 1321 dictata
1112 1289 1148 1320 et
1174 1287 1356 1332 praelecta
1384 1287 1555 1332 (pretium
1586 1287 1784 1332 ascriptum
1809 1298 1880 1321 non

106 1342 190 1383 est).
208 1360 255 1363 —
271 1340 460 1374 Theodorii
480 1341 633 1375 Fabricii
652 1341 902 1375 institutiones
928 1341 963 1374 in
990 1341 1151 1384 linguam
1178 1343 1341 1375 sanctam
1363 1352 1444 1374 cum
1463 1340 1539 1374 eius
1564 1340 1679 1386 tropis
1697 1340 1879 1384 loquendi-

106 1404 175 1437 que
209 1393 491 1438 proprietatibus
528 1393 587 1437 (12
616 1398 741 1432 cruca).
775 1413 823 1417 —
858 1394 1108 1428 Institutiones
1144 1395 1399 1437 grammatices
1433 1394 1470 1428 in
1504 1393 1684 1428 Hebream
1718 1394 1877 1437 linguam

107 1446 230 1481 fratris
257 1447 459 1481 Sebastiani
486 1447 698 1482 munasterii
724 1447 935 1489 Minoritae,
972 1459 1042 1482 una
1077 1459 1157 1481 cum
1184 1448 1270 1481 lona
1295 1448 1471 1493 propheta
1505 1447 1538 1481 in
1567 1449 1720 1491 quatuor
1745 1447 1881 1491 linguis

108 1499 168 1543 (30
199 1501 344 1543 cruc.).“
400 1501 534 1536 Similis
577 1502 654 1535 fere
699 1501 842 1545 generis
876 1501 913 1535 hi
951 1505 1036 1535 sunt
1071 1501 1171 1543 libri,
1221 1501 1281 1545 qui
1316 1501 1352 1535 in
1386 1501 1502 1535 indice
1537 1500 1603 1535 hoc
1637 1500 1750 1535 multo
1784 1500 1880 1535 infra

106 1557 305 1598 ponuntur:
346 1555 535 1598 „Iohannis
567 1555 758 1589 Reuchlini
794 1555 836 1589 de
870 1557 948 1589 arte
983 1555 1239 1589 caballistica.“
1268 1574 1314 1578 ——
1345 1554 1479 1597 „Rabbi
1507 1553 1641 1599 Joseph
1675 1554 1880 1599 Hisoppens

106 1610 212 1652 poe'ta
238 1608 435 1642 Judeorum
470 1620 491 1643 a
525 1608 724 1643 Reuchlino
760 1609 919 1643 versus.“
950 1628 995 1632 ——
1027 1609 1101 1650 ⁷,loz
1139 1607 1328 1642 Reuchlini
1363 1610 1472 1653 caput
1506 1607 1636 1653 capitis
1671 1619 1751 1642 cum
1787 1619 1879 1642 com-

106 1663 235 1695 ment.“
265 1682 311 1685 —
341 1662 492 1705 „Petrus
518 1663 653 1697 Brutus
680 1665 804 1697 contra
831 1662 1020 1696 Judaeos.“
1075 1662 1281 1706 Sequuntur
1306 1661 1388 1696 libri
1420 1662 1464 1696 ad
1490 1673 1630 1696 sacram
1657 1661 1880 1706 Scripturam

106 1717 332 1759 spectantes,
369 1727 477 1761 opera
503 1717 718 1761 scriptorum
746 1718 929 1755 veterum,
966 1727 1055 1759 quos
1087 1715 1256 1749 classicos
1282 1727 1474 1757 vocamus,
1511 1726 1641 1758 graeca
1669 1714 1814 1760 (pauca)
1844 1717 1880 1749 et

104 1768 227 1811 latina,
254 1769 337 1804 libri
364 1770 508 1814 quidam
527 1770 671 1804 Ioannis
689 1770 843 1811 Vicleffi,
876 1769 1099 1812 „Sebastiam
1120 1769 1230 1803 Prant
1256 1769 1448 1811 car1nina“,
1480 1768 1763 1811 „Subtilissimus
1790 1768 1881 1802 liber

106 1823 295 1865 Averrois,
333 1823 393 1868 qui
429 1823 560 1858 dicitur
585 1824 793 1858 Destructio
830 1823 1133 1857 destructionum“
1168 1823 1228 1866 (40
1255 1834 1360 1864 cruc„
1396 1835 1466 1857 non
1493 1821 1690 1866 conglut.),
1728 1821 1878 1856 Conradi

107 1875 361 1911 Summenhart
400 1878 675 1920 „commentaria
710 1878 746 1911 in
780 1888 957 1911 summam
993 1876 1166 1922 physicae
1192 1876 1331 1910 Alberti
1362 1876 1520 1920 Magni“,
1558 1875 1723 1918 Gregorii
1748 1874 1879 1909 Reisch

107 1928 147 1964 O.
177 1929 273 1964 Cart.
304 1931 525 1974 „Margarita
551 1931 832 1976 philosophica“,
868 1930 950 1964 libri
975 1930 1077 1964 Duns
1103 1929 1200 1964 Scoti
1227 1941 1269 1964 ac
1295 1929 1467 1974 Stephani
1493 1929 1688 1971 Bruleferi,
1716 1928 1756 1963 O.
1782 1928 1880 1970 Min„

106 1982 289 2018 Francisci
314 1983 486 2029 Lycheti,
520 1985 704 2019 Francisci
739 1985 781 2019 de
808 1985 994 2030 Mayronis
1021 1983 1061 2018 O.
1089 1983 1193 2023 Min,
1230 1983 1486 2024 Scotistarum;
1523 1995 1568 2017 ex
1594 1981 1792 2017 Thomistis
1816 1982 1879 2016 vix

106 2048 219 2079 unus3
256 2036 432 2081 Georgius
458 2038 721 2083 Trapezuntius
748 2041 784 2072 et
810 2038 960 2072 Ioannes
986 2037 1247 2082 Argyropolus‚
1280 2037 1488 2071 Aristotelis
1513 2036 1750 2081 interpretes;
1788 2047 1880 2070 com-

106 2089 228 2135 plures
252 2090 503 2136 Neoplatonici
529 2092 589 2126 vel
623 2092 906 2137 platonizantes,
942 2094 982 2125 ut
1019 2090 1264 2132 Jamblichus,
1300 2090 1469 2131 Proclus,
1504 2089 1690 2124 Marsilius
1724 2089 1880 2131 Ficinus,

107 2144 317 2186 Bessarion;
353 2145 457 2179 multi
493 2158 539 2180 ex
573 2145 636 2187 iis,
673 2157 763 2190 quos
803 2145 1066 2188 „humanistas“
1106 2156 1297 2185 vocamus,
1333 2143 1489 2178 maxime
1525 2143 1619 2185 itali,
1655 2145 1696 2176 ut
1730 2143 1881 2176 Ioannes

106 2197 281 2233 Bocacius
310 2198 568 2243 (Genealogiae
603 2200 787 2242 deorum),
824 2199 1041 2244 Pomponius
1076 2198 1230 2239 Laetus,
1265 2197 1481 2231 Laurentius
1506 2197 1631 2238 Valla,
1667 2196 1882 2230 Franciscus

106 2251 295 2294 Philelfus,
322 2253 456 2287 Beatus
476 2254 634 2288 Joannes
652 2253 819 2298 Baptista
837 2253 1056 2286 Mantuanus
1083 2251 1123 2286 Ο.
1145 2251 1272 2292 Carni„
1299 2250 1489 2296 Philippus
1512 2250 1710 2284 Beroaldus
1739 2249 1879 2293 („Com-

107 2305 284 2340 mentaria
318 2306 355 2340 in
380 2306 533 2341 Asinum
559 2318 707 2341 aureum
734 2305 940 2352 Apiileii“),
976 2306 1127 2339 loannes
1156 2304 1353 2346 Reuehhn,
1390 2305 1561 2338 Erasmus
1591 2303 1778 2348 („Aliquot
1810 2303 1880 2348 epi-

106 2359 263 2401 stolae“;
296 2360 359 2403 „de
385 2360 520 2405 duplici
546 2360 700 2406 copia“),
727 2359 940 2405 Rudolphus
967 2358 1147 2402 Agricola.

925 2493 1056 2536 335.

843 2583 899 2620 23.
927 2582 1013 2620 Iulii
1039 2582 1135 2619 1562.

227 2672 282 2706 Ex
314 2674 494 2716 „regestff‘
521 2685 542 2707 a
558 2675 674 2708 Kro'ss
691 2685 783 2708 anno
805 2674 895 2708 1896
915 2674 1078 2706 extracto
1097 2684 1142 2706 ex
1161 2671 1281 2706 codice
1304 2671 1441 2713 „Causa
1459 2671 1601 2705 Domini
1621 2671 1874 2706 1556—1562“

110 2726 150 2771 (f.
189 2726 274 2770 664)
314 2727 438 2760 eodem
475 2728 636 2772 tempore
675 2727 828 2772 scripto,
873 2726 932 2770 qui
971 2727 1093 2760 exstat
1132 2724 1330 2770 Oeniponte
1368 2724 1406 2759 in
1444 2724 1591 2759 archivo
1629 2724 1879 2770 praefecturae

109 2791 310 2814 caesareae.

225 2863 431 2905 Austriae
461 2866 694 2919 superioris
729 2865 907 2918 ressimen
934 2863 1161 2918 Oene'pome
1185 2864 1256 2905 23.
1288 2863 1391 2905 Iulii
1414 2864 1529 2904 1562
1562 2864 1785 2916 constituit,
1819 2867 1877 2917 ut,

107 2929 307 2984 quoniam
342 2929 541 2971 canisius
573 2930 778 2971 librorum
821 2930 984 2983 colleyio
1026 2931 1302 2983 oenipontano
1339 2929 1609 2970 emendormn
1641 2928 1879 2970 indiculum

108 2995 412 3049 composuisset,
445 2995 700 3037 Lambertus
732 2993 883 3036 Awerb
914 2992 985 3047 [ἓ]
1018 2995 1130 3048 ipsos
1162 2998 1323 3036 emeret.

225 3155 240 3170 a
266 3151 326 3184 Vel
352 3149 514 3190 Graeca;
540 3149 700 3185 Graecae
727 3161 783 3192 ap.
882 3148 898 3170 b
927 3149 1119 3183 Obscurius
1143 3149 1326 3193 scriptum.
