2093 3444
651 204 821 239 Tridento
848 204 903 239 29.
931 204 1141 239 Decembris
1169 204 1271 238 1562.
1761 205 1845 246 585

75 321 338 364 buonissime
381 322 493 363 feste
539 323 584 363 et
629 322 755 363 annia
801 321 861 376 [P]
909 323 996 364 alla
1041 323 1134 366 RV.
1177 321 1357 364 insieme
1402 321 1589 364 contutti
1635 321 1663 362 li
1709 321 1846 363 nostri

75 387 324 430 Charissimi
357 386 520 428 fratelli
554 386 816 439 Augustani.
880 388 934 430 Di
968 388 1131 430 Trento
1165 389 1234 430 29.
1269 386 1311 428 di
1342 387 1581 428 Decembre
1618 388 1744 429 1562.

76 510 273 545 carissimis
299 509 473 543 fratribus
499 509 641 551 nostris,
669 509 729 553 qui
749 510 936 553 Augustae
963 512 1057 551 sunt,
1084 509 1249 544 omnibus
1274 509 1433 543 tribuere
1460 509 1638 551 dignetur.
1678 508 1847 542 Tridento

76 564 132 599 29.
158 562 366 597 Decembris
396 562 496 597 1562.

195 641 305 677 Nota:
332 642 412 676 Una
439 653 520 676 cum
545 641 601 675 his
627 642 759 676 litteris
777 662 823 665 -—
841 642 875 675 id
903 643 997 686 quod
1024 655 1068 676 ex
1095 644 1257 676 extrema
1284 653 1406 676 earum
1433 644 1535 686 parte
1562 641 1785 684 intellegitur
1803 660 1849 664 —

76 708 97 730 a
115 695 270 730 Polanco
289 696 332 729 ad
352 695 535 730 Canisium
553 694 686 729 missae
705 697 789 729 sunt
808 695 982 740 epistulae
1002 696 1040 729 P.
1061 696 1208 730 Nicolao
1226 695 1369 737 Lanoio,
1397 695 1538 738 collegii
1558 694 1849 738 ingolstadiensis

76 749 225 791 rectori,
262 751 299 783 et
325 749 363 783 P.
392 748 583 783 Guilielmo
609 748 783 789 Elderen,
820 750 881 782 11111
906 761 950 782 ex
979 748 1112 783 Canisii
1139 749 1246 783 sociis
1273 748 1505 792 augustanis,
1543 748 1762 790 destinatae,
1798 747 1849 781 ita

76 804 217 841 tamen,
252 805 293 836 ut
319 802 462 836 Canisio
498 813 640 846 quoque
677 813 737 836 eas
763 801 884 845 legere
919 801 1056 836 liceret.
1108 802 1227 846 Atque
1262 802 1394 836 Lanoio
1421 803 1597 836 Polaticus
1632 802 1756 835 eodem
1788 801 1849 834 illo

77 856 133 890 die
167 856 223 890 29.
259 855 468 890 Decembris
506 854 698 900 *scripsit:
741 855 801 897 „Li
840 855 981 889 Dottori
1016 855 1100 889 Pisa
1139 858 1175 889 et
1209 855 1393 889 Theodoro
1430 854 1610 899 [Peltano]
1649 854 1777 889 essorti
1815 854 1850 888 la

77 909 154 944 RV.
181 909 336 944 alasciar
361 909 396 943 13
423 909 541 943 colera
577 910 613 942 et
638 909 773 942 ritener
799 909 833 942 la
859 909 1102 943 moderatione
1139 909 1204 943 0110
1231 909 1401 943 conuiene
1437 908 1532 943 nella
1558 919 1624 942 sua
1655 908 1851 942 acrimonia

76 962 170 997 nelle
206 963 349 1008 dispute
482 962 732 1006 Ringratiamo
759 962 865 996 Jddio
901 962 1004 996 chela
1040 963 1126 996 citta
1162 963 1204 996 de
1232 962 1460 1005 Jngolstadio
1496 962 1579 996 uadi
1614 961 1850 1005 migliorando

77 1018 210 1060 quanto
237 1016 309 1050 alla
334 1016 415 1050 fede
433 1016 584 1050 facendo
613 1015 636 1049 il
663 1027 727 1050 suo
746 1015 864 1049 debito
890 1015 915 1049 li
943 1016 1085 1060 pieuani
1112 1018 1148 1049 et
1173 1015 1398 1060 predicatori,
1426 1015 1518 1049 delle
1537 1015 1604 1049 due
1630 1014 1847 1060 9011001110.ἰ

78 1069 124 1104 Ε1
142 1070 347 1104 *Eldereno
373 1070 434 1113 (cf.
454 1081 563 1113 supra
580 1081 614 1114 p.
634 1069 719 1112 564)
748 1069 842 1102 idem
860 1070 1038 1103 ΡοῖαησιιδἼ
1064 1069 1188 1102 eodem
1214 1069 1269 1102 die
1290 1068 1405 1102 Lainii
1430 1069 1592 1104 nomine:
1623 1068 1680 1110 „Si
1706 1067 1850 1113 [pactio‚

77 1135 168 1168 qua,
202 1125 243 1157 ut
268 1123 404 1157 nummi
431 1123 568 1167 aliquot
594 1135 657 1167 pro
687 1122 754 1157 100
781 1122 973 1167 quotannis
1000 1122 1145 1163 dentur,
1172 1122 1357 1166 statuitur]
1388 1150 1422 1156 ..
1451 1122 1583 1166 emptio
1610 1133 1696 1155 uera
1722 1133 1852 1155 census

77 1189 147 1211 non
173 1177 240 1219 sit,
277 1177 340 1211 sed
375 1180 539 1211 mutuum
566 1176 740 1221 pali-atum
777 1176 919 1210 adhucb
955 1175 1173 1210 considerari
1199 1176 1304 1209 debet
1338 1187 1382 1209 an
1419 1176 1449 1209 is
1485 1175 1584 1209 cuius
1620 1177 1675 1209 est
1699 1174 1852 1220 pecunia

81 1230 185 1265 uellit
212 1233 248 1265 et
264 1233 387 1265 tamen
412 1242 482 1264 non
500 1230 617 1275 possit
643 1241 721 1263 eam
741 1233 955 1274 extorquere
982 1229 1026 1263 ab
1053 1241 1104 1271 eo,
1131 1229 1187 1263 cui
1206 1231 1329 1263 mutuo
1349 1229 1456 1269 dedit,
1482 1231 1568 1263 tunc
1594 1229 1688 1263 enim
1714 1228 1852 1262 ratione

77 1284 198 1318 damni
224 1284 452 1328 emergentis,
480 1284 539 1318 uel
567 1283 677 1317 etiam
696 1283 785 1317 lucri
805 1283 982 1317 cessantis
1011 1284 1056 1326 (si
1075 1283 1146 1317 alia
1174 1283 1209 1316 111
1235 1294 1273 1316 re
1297 1283 1377 1316 utili
1395 1283 1583 1327 pecuniam
1610 1294 1712 1316 suam
1731 1283 1854 1326 posset

78 1349 119 1372 30
144 1337 256 1372 uellet
281 1337 471 1381 collocare)
501 1339 625 1382 posset
651 1337 787 1381 aliquid
814 1349 877 1382 pro
905 1337 1111 1371 centenario
1138 1336 1263 1381 accipi.
1315 1336 1351 1370 Si
1378 1336 1486 1370 etiam
1512 1336 1651 1370 ratione
1677 1347 1790 1380 penae
1816 1335 1852 1368 in

77 1392 264 1426 contractu
299 1391 507 1435 assignatae
542 1391 600 1425 1101
627 1390 697 1425 3110
739 1402 783 1424 ex
809 1390 925 1424 modis
957 1390 1138 1424 adnotatis
1165 1402 1185 1424 a
1211 1390 1320 1423 Patre
1351 1390 1527 1433 magistro
1552 1389 1680 1423 Natale
1716 1388 1852 1433 aliquid

77 1457 141 1490 pro
167 1445 371 1479 centenario
398 1445 558 1488 exigitur
590 1444 667 1479 sine
693 1456 806 1478 usura
842 1444 877 1478 id
903 1444 977 1478 fiet.
1028 1444 1178 1477 Demum
1206 1454 1418 1487 quacunque
1454 1443 1592 1477 ratione
1618 1442 1694 1476 fieri
1721 1442 1854 1487 poterit

78 1500 118 1533 ut
144 1510 214 1533 non
239 1498 276 1533 in
302 1498 589 1543 desperationem
615 1498 817 1532 aducantur
840 1497 1078 1542 paenitentes,
1109 1508 1175 1531 nec
1202 1508 1222 1530 a
1248 1496 1533 1531 confessionibus
1559 1498 1793 1530 auertanturc
1818 1495 1853 1529 id

78 1552 160 1594 fiat,
196 1564 262 1586 nec
296 1552 333 1586 in
359 1552 427 1586 hoc
461 1563 594 1596 genere
629 1551 872 1586 seuerissimis
908 1550 1150 1596 opinionibus,
1187 1550 1250 1584 sed
1284 1550 1530 1584 communibus
1561 1549 1655 1583 inter
1680 1549 1854 1583 Doctores

78 1606 250 1640 utendum
278 1606 365 1640 erit“
408 1606 470 1649 (ex
495 1605 714 1650 apographis
742 1605 903 1639 eiusdem
928 1604 1112 1649 temporis.
1165 1603 1248 1638 Cod.
1281 1603 1343 1645 „V.
1370 1603 1409 1637 P.
1438 1604 1501 1637 62“
1541 1604 1565 1637 f.
1595 1602 1852 1646 126b—1272).

81 1660 168 1694 Cum
196 1671 266 1704 qua
293 1659 456 1694 doctrina
483 1661 705 1703 congruunt,
733 1670 825 1702 quae
850 1658 999 1692 Lainius
1025 1658 1102 1703 ipse
1128 1657 1163 1691 in
1191 1656 1458 1702 Disputatione,
1495 1668 1603 1700 quam
1634 1656 1696 1698 „de
1721 1657 1849 1690 usura“

79 1713 274 1758 inscripsit,
302 1713 495 1757 significat.
547 1712 646 1754 Quae
672 1714 794 1746 autem
820 1712 1008 1753 Eldereno,
1036 1711 1170 1746 Canisii
1197 1710 1302 1751 socio,
1330 1710 1467 1755 scripta
1493 1712 1592 1751 sunt,
1619 1710 1689 1754 ipsi
1715 1721 1856 1753 quoque

83 1767 229 1802 canisio
257 1766 438 1801 destinata
463 1766 578 1801 fuisse
605 1767 776 1800 coniecto.
828 1764 895 1806 Qui
922 1766 993 1799 iam
1025 1765 1062 1799 in
1089 1765 1252 1799 contione
1283 1764 1349 1798 sub
1377 1763 1514 1798 exitum
1546 1775 1576 1798 a.
1606 1763 1697 1797 1560
1731 1762 1856 1797 habita

86 1820 249 1862 „titulos“
282 1821 456 1865 quosdam
482 1820 616 1854 fenoris
652 1831 697 1854 ex
722 1821 847 1853 mutuo
873 1818 1092 1864 percipiendi
1120 1818 1310 1863 perspicue
1337 1817 1532 1851 admiserat
1560 1816 1665 1860 (Can.
1694 1816 1783 1861 Epp.
1811 1816 1854 1856 ΙΙ,

81 1874 187 1918 855);
214 1874 251 1908 111
277 1875 469 1909 *0011110110
495 1875 627 1914 31110111,
654 1885 762 1918 quam
789 1873 883 1907 inter
910 1874 1102 1906 exeuntem
1129 1883 1159 1906 3.
1182 1872 1268 1906 1561
1299 1873 1334 1905 01
1360 1872 1549 1905 exeuntem
1571 1871 1661 1904 1562
1682 1869 1852 1904 habuisse

81 1928 169 1962 mihi
205 1927 347 1972 quidem
383 1928 524 1962 omnino
560 1927 723 1967 videtur,
762 1926 911 1961 illicitae
946 1925 1181 1960 fenerationis
1220 1927 1386 1959 naturam
1421 1924 1477 1958 his
1512 1923 1633 1958 verbis
1668 1923 1855 1968 exposuit:

87 1981 198 2024 „Quid
234 1983 291 2016 est
315 1982 454 2016 usura?
504 1980 634 2015 Totum
669 1980 759 2014 illud
787 1980 851 2014 das
885 1991 969 2014 man
995 1979 1119 2013 weiter
1153 1979 1226 2012 vnd
1261 1990 1337 2012 mer
1363 1978 1537 2022 einnimpt
1571 1977 1640 2011 dan
1665 1988 1750 2010 man
1776 1988 1856 2011 aus-

83 2034 228 2079 gelihen
253 2035 326 2077 hat,
354 2037 390 2069 et
415 2035 556 2079 quando
583 2034 663 2079 quis
690 2034 805 2069 solum
831 2033 970 2068 ratione
996 2032 1130 2078 mutuj,
1158 2033 1249 2077 petit
1275 2031 1472 2077 temporale
1499 2031 1735 2072 commodum,
1761 2032 1846 2064 nutz

83 2089 225 2133 gewinn
250 2089 476 2130 vberschutz,
504 2100 542 2123 es
567 2100 610 2134 sy
629 2099 674 2122 311
693 2087 770 2131 gelt
787 2087 872 2121 oder
889 2086 1111 2130 geltswerdt.
1148 2085 1373 2130 Exemplum.
1406 2084 1459 2118 Tu
1478 2086 1623 2118 mutuas
1640 2084 1685 2118 20
1703 2084 1856 2118 florenos

82 2142 201 2177 vicino
237 2154 279 2177 ea
315 2142 517 2177 conditione
552 2144 593 2176 ut
627 2153 720 2176 anno
755 2140 919 2185 sequenti
956 2140 1075 2174 soluat
1110 2139 1254 2174 21.1110
1278 2139 1436 2173 florenus
1472 2140 1528 2172 est
1558 2149 1687 2179 usura,
1723 2139 1759 2171 et
1794 2149 1857 2182 per

83 2196 224 2231 animae
249 2198 334 2230 tuae
369 2196 525 2230 salutem
560 2195 733 2239 obligaris
767 2195 927 2228 reddere.
979 2193 1140 2227 Secundo
1166 2195 1206 2226 tu
1241 2195 1386 2226 mutuas
1411 2191 1605 2225 Mercatori
1629 2190 1765 2235 hospiti
1798 2190 1858 2224 uel

84 2249 213 2295 artificj
243 2250 310 2284 100
335 2250 489 2284 florenos
514 2251 556 2284 ut
580 2251 663 2294 post
688 2260 821 2282 annum
846 2248 974 2282 reddat
993 2248 1012 2282 5
1032 2247 1090 2280 1101
1114 2246 1204 2291 plus,
1232 2247 1390 2290 quinque
1408 2246 1492 2279 sunt
1508 2246 1650 2279 usura.“
1689 2244 1735 2278 Et
1751 2243 1857 2289 paulo

84 2304 188 2344 infra,
214 2303 275 2338 ubi
302 2303 345 2337 de
371 2303 426 2343 iis,
453 2303 514 2347 qui
539 2302 782 2337 fenerationes
801 2313 887 2336 suas
906 2303 1090 2341 excusent,
1118 2299 1222 2334 dicit:
1255 2299 1417 2341 „Tertius
1435 2300 1540 2343 putat
1557 2298 1647 2332 satis
1666 2309 1746 2331 esse
1764 2297 1857 2341 quod

83 2357 151 2391 hoc
177 2359 365 2402 peccatum
390 2368 460 2391 non
487 2356 635 2402 punitur
661 2358 731 2390 imo
757 2355 981 2400 permittitur
1006 2355 1082 2388 iure
1109 2353 1221 2395 ciuili,
1258 2352 1453 2387 secundum
1481 2351 1575 2396 quod
1600 2351 1686 2385 licet
1712 2351 1796 2385 dare
1822 2352 1859 2384 et

85 2410 248 2455 accipere
274 2411 295 2444 5
322 2422 343 2444 3
369 2413 513 2445 centum
527 2411 548 2444 ¹.
600 2409 670 2447 Sed
695 2409 892 2444 secundum
916 2409 973 2442 ius
1000 2407 1105 2442 ciuile
1131 2406 1307 2452 permissa
1341 2405 1541 2450 lupanaria.
1592 2404 1632 2438 In
1667 2405 1733 2438 hoc
1772 2415 1858 2438 casu

86 2463 313 2498 Christianus
339 2464 400 2508 qui
425 2463 622 2498 secundum
648 2474 750 2498 suam
778 2461 1033 2496 conscientiam
1059 2460 1140 2494 uult
1164 2459 1333 2501 iudicare,
1361 2459 1466 2493 debet
1484 2458 1565 2504 plus
1584 2469 1710 2492 curare
1727 2457 1783 2491 ius
1802 2468 1858 2491 03-

85 2517 251 2551 nonicum
269 2517 435 2552 naturale
461 2519 497 2551 et
521 2517 691 2558 diuinum,
719 2516 812 2560 quod
839 2526 962 2549 omnes
986 2515 1193 2548 contractus
1218 2512 1403 2547 usurarios
1429 2511 1595 2556 prohibet
1620 2523 1662 2545 ac
1689 2511 1853 2545 damna&
1909 2529 1919 2535 ·

88 2570 150 2614 (ex
176 2571 432 2605 commentario
459 2582 479 2604 a
505 2569 648 2604 Canisio
675 2569 869 2612 recognito,
897 2569 951 2602 cui
979 2570 1122 2612 tempus
1148 2567 1342 2611 ascriptum
1369 2577 1438 2599 non
1465 2567 1530 2600 est.
1576 2564 1660 2598 Cod.
1692 2564 1799 2607 „Cam
1827 2563 1859 2596 X

87 2625 170 2658 Aa“
200 2625 224 2659 f.
254 2624 350 2667 193).
398 2623 565 2658 Ceterum
592 2636 625 2657 v.
654 2625 695 2657 B.
723 2624 831 2657 Duhr
858 2622 891 2656 S.
919 2622 963 2662 J„
990 2621 1056 2655 Die
1083 2620 1280 2654 deutschen
1307 2618 1472 2654 Jesuiten
1498 2619 1547 2652 im
1573 2617 1771 2661 5⁰s0-Streit
1796 2617 1859 2651 des

90 2678 144 2712 16.
172 2677 310 2720 ι1311111,
335 2677 373 2711 111
402 2676 631 2720 „Zeitschrift
656 2677 715 2710 fiir
740 2676 840 2710 kath.
868 2674 1080 2718 Theologie“
1112 2673 1231 2707 XX1V
1261 2672 1478 2716 (Innsbruck
1507 2672 1627 2714 1900),
1659 2669 1858 2705 209-248,

208 2783 222 2798 a
249 2778 308 2811 Sic
333 2788 389 2820 ap.
402 2789 416 2819 ,·
440 2777 500 2809 sed
525 2777 707 2820 Zeyendum
733 2786 802 2808 esse
820 2778 911 2818 puto
938 2785 1041 2807 anno.
1139 2773 1154 2793 b
1180 2772 1271 2806 aduc
1297 2783 1355 2815 ap.

212 2837 224 2851 ⁰
251 2831 421 2874 Sequitur
450 2829 679 2873 (quacunque
704 2827 843 2861 ratione
868 2827 1086 2869 [correctum
1111 2838 1154 2860 ex
1180 2825 1319 2870 quoad]
1344 2824 1442 2859 licite
1467 2823 1545 2858 fieri
1570 2823 1715 2868 poterit)
1732 2835 1743 2863 ,·
1769 2833 1859 2866 qnae

90 2896 139 2918 vv.
160 2888 284 2928 postea
308 2884 352 2916 ab
378 2885 454 2926 ipso
480 2883 562 2916 libr.
589 2882 790 2915 oblitterata
815 2884 908 2914 sunt.

213 2983 222 3003 ¹
249 2981 302 3016 De
328 2981 470 3025 legibus
495 2979 636 3025 imperii
661 2991 692 3013 a.
722 2979 824 3020 1530,
852 2978 954 3019 1532,
984 2978 1085 3019 1541,
1116 2977 1206 3012 1548
1233 2988 1274 3010 03
1300 2977 1343 3010 de
1369 2988 1407 3010 re
1434 2976 1528 3010 datis
1556 2975 1637 3009 vide
1662 2976 1729 3009 Ios.
1749 2975 1862 3008 Biner

93 3036 128 3072 S.
155 3037 208 3078 J.,
242 3036 450 3081 Apparatus
485 3032 698 3068 eruditionis
733 3032 777 3066 ad
810 3030 1131 3077 jurisprudentiam
1158 3029 1226 3064 VH
1255 3030 1458 3073 (Augustae
1488 3029 1590 3063 Vind.
1627 3030 1663 3062 et
1693 3027 1862 3071 Friburgi

92 3090 210 3133 Brisg.
240 3088 360 3132 1754),
388 3087 586 3122 755—756.
642 3085 792 3129 „XXIV
820 3084 1029 3119 Decembris
1056 3083 1176 3128 [1559]
1197 3111 1203 3117 .
1227 3111 1233 3117 .
1260 3083 1415 3117 Senatus
1441 3080 1693 3126 [augustanus]
1721 3092 1862 3115 omnem

91 3143 187 3178 inter
213 3143 312 3177 cives
338 3152 486 3176 usuram
510 3140 570 3174 hic
595 3141 739 3185 praeter
774 3138 1009 3183 quincuncem
1045 3137 1138 3172 serio
1173 3136 1373 3182 prohibuit:
1412 3137 1497 3170 Aah.
1526 3137 1637 3169 Pirm.
1669 3136 1861 3178 Gassarus,

93 3196 252 3231 Annales
278 3194 496 3239 Augustani,
523 3193 618 3239 apud
645 3193 891 3227 Menclcenium
917 3191 940 3227 ].
968 3203 996 3226 c.
1025 3192 1048 3226 f.
1078 3190 1179 3225 1889.
