2093 3444
208 187 287 221 539.
324 186 457 220 Theod.
486 185 652 220 Canisius
680 184 834 219 Canisio.
877 183 1066 218 Monachio
1092 183 1158 218 sub
1185 183 1325 218 initium
1353 195 1399 218 m.
1427 183 1562 229 Aprilis
1592 183 1694 218 1561.
1756 186 1839 227 103

180 302 257 337 Has
291 302 454 343 litteras,
490 301 620 346 quibus
655 303 798 346 teinpus
835 300 1033 346 ascriptum
1067 312 1137 334 non
1171 301 1245 340 est,
1282 301 1365 333 ante
1399 311 1445 333 m.
1473 299 1714 334 Novembrem
1750 301 1841 335 1560

63 356 166 391 datas
190 368 262 390 non
289 367 369 390 esse
396 367 441 389 ex
468 355 530 395 iis,
559 366 650 399 quae
676 367 786 400 supra
811 367 845 399 p.
875 354 941 388 100
969 354 1011 388 de
1038 352 1304 388 consultoribus
1330 353 1426 387 dicta
1452 355 1547 394 sunt,
1575 355 1686 398 patet.
1737 354 1841 388 Anno

63 412 184 444 autem
213 409 301 443 1561
331 420 392 443 eas
419 409 523 443 datas
551 420 641 448 esse,
669 420 720 448 ea,
748 419 839 452 quae
867 407 1033 442 Canisius
1060 419 1093 441 n.
1116 408 1131 441 1
1161 407 1203 440 de
1231 408 1462 451 procuratore
1489 406 1638 441 Romam
1665 408 1842 441 mittendo

61 475 106 497 ex
141 463 409 497 consultoribus
445 462 604 506 quaerit,
641 462 812 502 suadent;
849 461 931 495 vide
966 472 1076 506 supra
1102 472 1135 505 p.
1165 460 1264 494 101¹.
1309 460 1434 494 Eidem
1469 472 1584 501 anno,
1620 472 1712 505 quae
1748 461 1843 495 idem

62 528 121 551 nn.
149 516 240 550 4—ss
269 515 312 549 de
338 515 584 560 professorum
611 516 706 549 votis
733 514 970 559 simplicibus,
998 514 1258 555 catechesibus,
1285 513 1556 558 probationibus
1583 514 1734 558 quaerit,
1762 526 1843 548 con-

63 572 216 613 gruunt;
243 569 310 603 hoc
337 569 430 603 enim
458 569 534 614 ipso
562 580 653 602 anno
680 568 846 613 primum,
873 570 1066 613 postquam
1094 567 1259 601 Canisius
1286 566 1492 611 provinciae
1520 566 1552 601 S.
1574 567 1606 601 J.
1628 567 1843 602 Germaniae

63 623 259 668 superioris
285 622 513 668 praepositus
551 625 623 663 est,
660 622 695 655 in
723 622 848 656 eadem
875 624 961 655 vota
987 621 1174 655 sollemnia
1202 632 1222 654 a
1249 620 1492 665 compluribus
1527 624 1733 666 nuncupata
1759 623 1845 655 sunt

67 676 165 721 (vide
191 688 300 721 supra
327 688 358 721 p.
390 676 492 715 17¹‚2.
530 676 585 710 36.
613 676 668 710 40.
698 676 752 710 77.
780 675 853 719 97).

185 730 237 764 Αο
273 730 304 763 3.
333 729 420 763 Maii
458 730 544 763 1561
587 730 755 763 Canisiecs
791 730 958 773 Augusta
993 728 1038 762 ad
1071 727 1235 762 Lainium
1270 727 1436 772 scripsit:
1477 727 1650 772 „Scripsi‚
1687 728 1846 763 delectos

65 784 154 818 mihi
180 795 260 818 esse
279 783 505 817 consultores
524 785 599 817 tres
618 782 792 816 Doctores
811 782 1135 826 Jngolstadienses,
1163 781 1225 815 sed
1244 781 1392 825 cupiunt
1419 792 1439 814 a
1458 781 1498 814 R.
1518 781 1557 815 T.
1576 782 1784 825 specialiter
1809 782 1846 815 in

66 837 134 871 hoc
160 848 308 871 munere
335 836 549 878 confirmari,
577 847 714 880 suaque
737 835 856 869 officia
882 835 1068 880 explicarj,
1096 837 1135 868 ut
1161 835 1295 868 rectius
1322 833 1512 868 consulant
1532 834 1760 880 Prouincialj.
1781 863 1786 869 .
1809 864 1814 869 .
1838 864 1843 868 .

66 890 230 925 Petimus
255 890 358 925 nobis
385 890 577 935 condonarj
605 901 625 923 a
652 889 693 923 R.
713 889 752 923 T.
781 889 873 933 quod
900 888 968 923 hoc
993 888 1161 922 Triennio
1187 887 1349 932 proximo
1376 887 1515 921 nullum
1541 888 1756 929 miserimus,
1784 889 1846 933 qui

67 944 181 979 totius
207 944 421 978 Prouinciae
448 945 623 978 rationem
651 943 687 976 in
714 943 801 977 vrbe
828 943 972 983 reddat,
999 942 1107 976 sicuti
1134 941 1318 987 postulant
1345 941 1636 982 constitutiones,
1664 943 1700 976 et
1725 954 1846 987 spera-

67 1009 147 1032 mus
174 998 208 1031 id
236 1010 256 1032 a
282 997 385 1032 nobis
412 997 448 1031 in
474 997 530 1031 his
550 997 726 1031 debilibus
750 995 955 1041 primordijs
981 1007 1050 1029 non
1077 995 1164 1029 adeo
1192 995 1298 1029 anxie
1325 994 1489 1038 requiri.“
1532 995 1631 1029 Haec
1657 996 1846 1040 scripsisse

66 1051 221 1092 videtur,
248 1054 441 1097 postquam
468 1050 692 1085 consultores
719 1050 762 1084 ad
790 1061 842 1090 ea,
870 1061 960 1094 quae
988 1049 1029 1083 de
1056 1051 1287 1094 procuratore
1313 1049 1504 1089 mittendo,
1532 1049 1575 1082 de
1602 1049 1845 1083 consultorum

72 1116 112 1147 „a
139 1105 309 1140 Generali
344 1105 633 1148 designatorum“
675 1103 793 1138 officio
829 1109 898 1138 etc.
925 1103 969 1137 iis
1004 1103 1219 1147 scripserat,
1255 1101 1324 1147 ipsi
1359 1102 1629 1147 responderant.
1681 1102 1848 1137 Conside-

66 1158 231 1192 rantibus
257 1160 456 1203 praeterea,
483 1157 550 1192 has
576 1157 719 1191 litteras
745 1157 916 1202 proxime,
944 1156 1043 1190 nulla
1070 1168 1108 1190 re
1135 1156 1358 1200 interposita,
1385 1158 1467 1201 post
1494 1155 1628 1190 Canisii
1655 1156 1847 1202 epistulam

69 1212 135 1246 sub
170 1212 277 1246 finem
303 1211 426 1246 Martii
452 1211 511 1246 vel
547 1211 688 1245 initium
716 1210 851 1256 Aprilis
880 1211 967 1245 1561
1006 1211 1050 1244 ad
1086 1211 1245 1244 rectores
1281 1210 1400 1244 datam
1438 1210 1633 1253 eademque
1668 1222 1777 1244 manu
1812 1211 1848 1244 in

68 1265 211 1310 collegii
246 1265 542 1309 ingolstadiensis
578 1265 736 1299 codicem
772 1264 1012 1309 transcriptas
1048 1275 1127 1297 esse
1166 1263 1312 1297 dubium
1351 1275 1430 1297 esse
1474 1263 1536 1297 vix
1577 1266 1716 1308 potest,
1762 1264 1847 1308 quin

70 1319 194 1354 eodem
221 1320 296 1353 fere
323 1322 484 1364 tempore
520 1321 629 1363 atque
664 1318 725 1352 illa
752 1319 858 1352 datae
884 1318 968 1352 sint.
1019 1317 1189 1351 Fortasse
1224 1320 1376 1361 utraque
1410 1316 1567 1361 epistula
1597 1318 1705 1351 simul
1733 1317 1848 1361 lngol-

69 1373 225 1408 stadium
262 1373 374 1408 missa
410 1375 465 1407 est
501 1385 521 1407 a
549 1372 691 1407 Canisio
727 1384 765 1406 se
801 1372 907 1417 paulo
943 1373 1025 1417 post
1056 1370 1267 1414 Ingolstadii
1302 1382 1365 1415 per
1403 1371 1541 1414 aliquot
1576 1370 1651 1405 dies
1686 1371 1849 1405 futurum

68 1427 260 1471 ignorante
285 1427 345 1461 vel
371 1427 637 1461 consultoribus
656 1426 879 1460 deliberandi
904 1427 1047 1471 tempus
1074 1424 1269 1459 concedere
1295 1424 1451 1459 volente.
1491 1424 1581 1458 Eum
1608 1427 1729 1459 autern
1755 1425 1850 1460 sicut

70 1481 115 1516 ad
147 1481 351 1526 superiores
385 1480 437 1515 ita
463 1481 507 1515 ad
534 1481 599 1514 has
626 1492 767 1525 quoque
794 1480 936 1514 litteras
969 1479 1178 1513 scribendas
1205 1478 1244 1512 P.
1272 1478 1428 1513 Hurtadi
1455 1479 1566 1512 Perez
1601 1490 1709 1524 opera
1744 1491 1848 1513 usum

71 1546 151 1569 esse
178 1534 321 1580 opin0r;
349 1535 392 1568 de
419 1545 489 1579 qua
514 1546 553 1568 re
580 1534 662 1568 vide
689 1545 799 1579 supra
825 1545 858 1579 p.
888 1534 966 1567 101.

895 1656 1026 1698 539.

358 1750 422 1791 P.
458 1747 984 1792 THEODGRIGUS
1023 1747 1364 1791 CANISIIJS
1399 1747 1454 1791 S.
1488 1748 1563 1801 J„

687 1830 832 1874 collegii
858 1830 1085 1865 monacensis
1111 1832 1239 1870 rector,

823 1914 1098 1962 CANISIO.

550 2017 739 2054 Monachio
767 2017 832 2053 sub
859 2016 1010 2053 initium
1035 2027 1082 2053 111.
1109 2015 1251 2064 Aprilis
1279 2016 1365 2052 1561.

192 2100 249 2135 Ex
279 2101 490 2135 Theodorici
520 2101 660 2134 Ccmt‘slc‘
684 2099 817 2134 litteris
843 2099 1091 2144 autographis.
1143 2099 1226 2133 Cod.
1260 2097 1320 2141 „G.
1349 2098 1412 2143 Ep.
1441 2098 1507 2140 ΙΙ“,
1535 2099 1559 2133 f.
1587 2098 1688 2133 2182.

195 2174 248 2206 De
273 2174 415 2216 oolleyio
440 2173 644 2206 monacensi
669 2172 934 2215 amplificando.

195 2256 243 2298 P.
284 2256 544 2298 Theodorias
575 2255 776 2297 Canisius
798 2255 841 2297 S.
866 2254 924 2308 J„
959 2255 1116 2309 colleyc'i
1151 2255 1411 2296 monacensis
1443 2259 1589 2308 rector,
1625 2255 1850 2296 Monachio

74 2323 143 2365 15.
178 2323 345 2377 Aprilis
386 2323 499 2364 1561
542 2321 701 2362 Laenio
743 2321 935 2375 scripsit:
980 2321 1163 2373 „Simus
1202 2320 1268 2361 laic
1414 2334 1587 2361 numero
1631 2321 1714 2362 .18.
1758 2334 1851 2362 con-

75 2392 294 2429 numerato
325 2388 524 2429 Johcmne
555 2387 665 2428 Italo
698 2392 861 2428 sartore
893 2387 966 2441 qui
997 2386 1180 2427 vicissim
1212 2385 1629 2440 Jnyolstadiensihus
1669 2390 1703 2426 et
1735 2385 1853 2427 nobis

74 2467 245 2508 operam
277 2467 400 2494 suam
426 2456 648 2508 praestare
680 2453 790 2493 solet.
837 2486 844 2492 .
872 2486 878 2493 .
907 2486 914 2492 .
949 2451 1014 2492 De
1055 2452 1214 2492 (11161ιὶ3
1247 2450 1486 2492 redditibus
1519 2451 1605 2491 iam
1638 2465 1729 2492 omn
1762 2451 1853 2492 Do-

75 2519 203 2560 minis
227 2518 497 2572 Gonsiliarijs
522 2522 579 2559 est
601 2518 850 2570 conclusum,
878 2518 1168 2572 promiserim
1193 2517 1253 2558 illc·
1277 2519 1420 2559 .1000.
1446 2516 1627 2570 florenos
1649 2517 1694 2558 in
1720 2530 1854 2558 annos

75 2585 262 2638 sinyulos
296 2618 304 2626 .
342 2584 434 2636 Qua
458 2584 627 2638 quidem
659 2597 824 2624 summa
848 2584 930 2625 20.
963 2587 999 2624 et
1014 2583 1164 2637 plnres
1189 2583 1312 2623 etiam
1336 2583 1530 2637 deinceps
1562 2582 1629 2623 hic
1654 2586 1854 2636 poterunt

76 2651 308 2691 sustentari
350 2683 358 2691 .
402 2650 568 2703 Scripsi
604 2663 742 2704 nuper
775 2648 834 2689 ad
865 2648 914 2690 P.
948 2648 1282 2701 Proicince'alem‘,
1326 2652 1365 2689 vt
1406 2661 1628 2688 numerum
1666 2647 1734 2688 Ιιίο
1766 2652 1854 2689 stu-

78 2716 293 2757 diosorum
326 2729 375 2756 esc
406 2715 576 2767 nostris,
610 2715 648 2755 si
682 2715 805 2767 vellet,
841 2712 1051 2768 anyer-ets‘

195 2806 456 2841 Theodoricum
482 2806 548 2840 sub
575 2817 621 2840 m.
640 2805 802 2851 Aprilem
821 2806 929 2840 Petro
955 2805 1061 2839 fratri
1086 2805 1176 2839 haec
1202 2804 1402 2850 scripsisse,
1430 2817 1476 2839 ex
1502 2816 1542 2838 eo
1570 2804 1730 2839 conicere
1755 2804 1853 2844 licet,

76 2860 171 2905 quod
198 2859 392 2905 complura,
419 2871 511 2904 quae
537 2859 572 2893 in
591 2859 659 2893 hac
677 2859 890 2894 Theodorici
917 2858 1071 2904 epistula
1089 2861 1235 2892 narrata
1261 2861 1356 2900 sunt,
1383 2870 1403 2892 a
1421 2857 1528 2893 Petro
1556 2859 1587 2892 5.
1606 2857 1742 2903 Aprilis
1762 2858 1852 2893 1561

77 2914 122 2948 ad
148 2913 314 2948 Lainium
341 2913 456 2947 relata
482 2915 579 2947 sunt.

196 2969 377 3002 Antonius
403 2968 529 3000 Maria
559 2968 761 3000 Gratianus
798 2966 856 3010 (de
883 2978 952 3010 quo
987 2966 1091 3011 plura
1123 2966 1236 3007 infra,
1272 2977 1428 3000 monum.
1455 2965 1561 3009 240),
1599 2976 1680 2999 cum
1707 2964 1853 2999 ineunte

77 3032 108 3055 a.
130 3021 220 3055 1562
247 3032 328 3055 011111
349 3020 612 3055 Commendono
637 3020 763 3053 nuntio
789 3019 985 3065 apostolico
1004 3019 1184 3054 Monachii
1203 3018 1344 3060 fuisset,
1371 3019 1415 3053 de
1442 3030 1483 3052 ea
1501 3019 1588 3053 urbe
1607 3017 1684 3059 hoc,
1711 3020 1854 3062 praeter

76 3120 189 3155 rali“:
227 3122 404 3155 Formzcla
438 3119 618 3155 scribendi
652 3120 821 3164 antiqua,
857 3120 900 3154 de
927 3131 998 3164 qua
1023 3130 1133 3164 supra
1158 3131 1192 3164 p.
1223 3118 1321 3153 1023.
1372 3117 1504 3152 Postea
1539 3117 1628 3151 haec
1662 3116 1723 3151 lex
1757 3117 1852 3151 miti-

77 3175 164 3218 gata
190 3176 254 3208 est.
