2093 3444
233 174 329 208 Mon.
360 173 508 219 (oenip.)
537 175 616 209 337.
647 175 760 219 (Inter
787 186 833 209 m.
859 175 944 210 Mai.
971 178 1007 209 et
1033 176 1126 220 Aug.
1156 175 1274 219 1562.)
1303 175 1382 210 338.
1413 176 1460 219 (7.
1487 175 1580 219 Aug.
1611 175 1729 219 1562.)
1789 178 1871 218 715

102 290 383 326 Gemblacensis.
440 289 655 331 „Christiani
681 291 834 325 Massei“
869 291 1166 335 (cameracensis,
1203 293 1223 334 †
1249 292 1315 326 sub
1344 292 1449 335 1546)
1486 291 1700 333 „Chronica“
1740 292 1873 326 mundi.

100 345 251 378 Ioannes
286 343 506 377 Trithemius
542 343 582 377 O.
616 344 650 378 S.
677 344 717 378 B.
751 343 787 387 (†
813 345 879 379 sub
912 345 1017 387 1516)
1062 345 1123 387 „de
1160 345 1392 390 scriptoribus
1429 345 1686 379 ecclesiasticis
1721 346 1868 380 auctus¹‘

105 397 141 441 (a
167 396 381 431 Balthasare
408 396 581 430 &Verlind
634 396 801 431 Coloniae
831 398 949 441 1546).

922 514 1052 556 337.

612 601 714 638 Inter
740 612 786 638 ln.
813 602 945 639 Maium
971 604 1007 639 et
1033 603 1239 650 Angustum
1265 602 1360 639 1562.

220 694 277 728 Ex
302 693 434 728 litteris
460 692 678 738 archetypis,
706 705 726 727 a
753 694 892 727 Lanoz'o
918 693 1142 737 subscriptis.
1194 694 1278 728 Cod.
1311 693 1372 736 „G.
1402 693 1464 738 Ep.
1492 693 1561 727 HF
1592 694 1616 727 f.
1644 693 1722 727 44¹2.

225 771 413 813 Oenztponte
439 770 595 802 caesaris
620 770 717 811 filiae
747 769 886 802 Canisii
910 771 1149 813 contionibus,
1186 771 1387 814 colloquiis,
1413 771 1528 804 sacris
1547 771 1715 813 precibus
1740 774 1799 803 etc.
1827 770 1873 802 ad

100 826 258 858 sanctius·
294 824 475 857 vivendum
510 827 540 856 et
566 823 613 855 acl
647 824 757 855 «neuim
793 823 959 864 beneficia
987 826 1044 864 (ut
1071 825 1189 866 templi
1215 825 1402 865 ornatemz)
1438 825 1478 857 in
1505 825 1624 857 Socios
1660 823 1872 866 conferenda

106 879 274 911 incitatae
298 881 389 910 sunt.

220 961 269 1002 P.
303 960 506 1002 Nicotaus
538 959 732 1002 Lcmoins
765 961 807 1002 S.
833 960 875 1003 ·].
921 962 961 1001 in
1006 962 1155 1002 litteris
1196 961 1406 1003 historicis
1447 959 1873 1016 (qzcctslrimestribus)

101 1027 258 1081 colleqii
290 1026 582 1080 oeiiiponta‘ni,
627 1026 854 1080 Oeniponte
886 1027 925 1067 1.
961 1025 1214 1080 Septembris
1246 1028 1360 1067 1562
1395 1027 1530 1080 datis)
1571 1032 1790 1082 postquam
1824 1026 1874 1066 cle

101 1092 237 1133 sacris
269 1091 530 1132 sermonibus
572 1106 598 1132 (ι
632 1091 679 1132 Ρ.
714 1091 910 1132 Hermae
941 1090 1172 1146 Halbpam·
1212 1092 1312 1133 'inde
1353 1106 1377 1132 (ι
1406 1093 1602 1146 proximo
1637 1093 1751 1133 sacri
1783 1092 1872 1132 Arl—

101 1161 245 1198 ventus
277 1161 456 1211 tempore
489 1171 630 1198 coram
665 1159 691 1197 5
717 1157 798 1197 illis
825 1157 1026 1212 „Reyim's
1060 1171 1108 1197 ac
1134 1161 1218 1197 tota
1240 1155 1435 1198 ciztitute“
1460 1158 1616 1198 habitis
1649 1158 1875 1198 disseruit:

100 1221 286 1263 Fructus
319 1223 478 1271 autem,
517 1223 663 1277 inquit,
698 1235 825 1274 quem
857 1221 1190 1264 Jllustrissimae
1222 1221 1417 1274 Reginae
1449 1224 1542 1264 tum
1575 1236 1630 1263 ex
1661 1221 1746 1272 his,
1781 1223 1873 1263 tum

101 1300 157 1328 ex
178 1286 423 1328 Reuerendi
445 1286 590 1329 Patris
614 1285 897 1328 Prouincialis
931 1286 1204 1328 concionibus
1237 1286 1413 1340 eiusque
1445 1286 1730 1329 familiaribus
1764 1300 1874 1339 quae

102 1365 199 1393 cum
230 1351 316 1393 illis
348 1350 529 1393 subinde
561 1351 713 1394 habuit
746 1351 992 1405 colloquijs,
1031 1354 1124 1393 tum
1158 1366 1212 1393 ex
1244 1351 1379 1393 sacris
1413 1351 1765 1405 orationibusque
1797 1366 1874 1393 no-

101 1419 312 1467 strorum,
348 1416 501 1470 quibus
533 1417 635 1459 illae
667 1431 764 1459 sese
797 1417 969 1458 assidue
1003 1417 1319 1467 commendant,
1359 1431 1410 1459 ac
1442 1417 1486 1458 in
1519 1417 1688 1459 domino
1720 1417 1874 1471 ijsdem

101 1496 187 1524 non
218 1496 371 1536 parum
404 1481 544 1523 iuuari
582 1482 798 1532 sentiunt,
842 1482 1120 1536 decerpsere,
1163 1481 1435 1524 manifestior
1477 1484 1681 1536 apparet,
1725 1496 1874 1535 quen]-

101 1547 345 1597 admodum‚
379 1561 489 1600 quae
512 1548 566 1589 ab
588 1547 694 1602 ipsis
726 1561 840 1589 nunc
873 1561 1001 1600 quam
1025 1550 1155 1589 antea
1177 1547 1304 1600 longe
1326 1547 1566 1589 illustriora
1599 1551 1642 1590 et
1674 1547 1874 1589 uberiora

100 1612 246 1666 palam
278 1613 409 1654 fiunt:
452 1613 614 1654 Verum
648 1612 780 1655 etiam
813 1612 1080 1665 quorundam
1123 1612 1360 1653 aulicorum
1397 1612 1649 1655 testimonia
1680 1611 1771 1666 (qui
1803 1626 1873 1655 ra-

101 1677 264 1720 tionem
307 1677 481 1719 uiuendi
521 1677 565 1719 in
606 1677 759 1720 melius
802 1679 1016 1719 mutatam
1061 1677 1147 1719 iam
1191 1676 1382 1730 uident,)
1425 1679 1575 1731 aperte
1616 1678 1873 1730 loquuntur;

104 1742 305 1792 Quantaa
344 1757 473 1797 porro
515 1757 594 1785 nos
628 1742 898 1796 benignitate
931 1745 1250 1796 prosequantur
1281 1742 1476 1795 Reginae
1513 1742 1625 1785 istae
1658 1743 1874 1796 Virgines,

103 1808 261 1851 docent
302 1808 397 1851 luce
438 1808 679 1850 meridiana
712 1808 872 1850 clarius
915 1808 1075 1850 diuersi
1116 1807 1288 1861 generis
1329 1807 1559 1859 beneficia,
1603 1808 1756 1861 quibus
1798 1822 1876 1850 nos

102 1873 295 1927 quotidie
326 1876 499 1917 tantum
532 1888 617 1916 non
652 1874 861 1923 obruunt,
905 1876 950 1915 et
988 1888 1111 1915 suum
1146 1887 1250 1926 erga
1290 1887 1368 1915 nos
1407 1887 1620 1923 amorem,
1662 1873 1873 1924 fauorem,

102 1953 152 1981 ac
185 1939 519 1982 sollicitudinem
552 1939 780 1993 plusquam
814 1942 1058 1982 maternam
1093 1939 1329 1981 declarant.
1391 1938 1487 1980 Huc
1521 1939 1653 1981 etiam
1685 1938 1875 1993 pertinet

102 2004 216 2057 quod
252 2004 345 2059 ipse
385 2005 429 2046 in
471 2007 753 2057 augmentum
798 2005 940 2046 cultus
982 2007 1027 2047 et
1069 2003 1234 2057 gloriae
1275 2003 1356 2045 Dei
1396 2006 1592 2046 nostrum
1632 2003 1874 2058 templum1

103 2072 260 2112 ornatu
291 2070 421 2124 plane
452 2069 573 2123 regio
608 2084 658 2112 ac
681 2069 911 2123 magnifico
944 2069 1232 2119 illustrarunt,
1266 2069 1380 2110 Nam
1410 2072 1586 2123 praeter
1618 2071 1875 2111 ornamenta

102 2135 307 2178 altarium
350 2135 459 2177 miro
501 2135 684 2177 artificio
717 2135 910 2189 ipsarum
948 2134 1146 2177 manibus
1179 2135 1425 2184 elaborata,
1472 2137 1516 2177 et
1548 2137 1693 2176 uestes
1726 2147 1875 2176 sacras

101 2201 286 2243 multum
317 2200 538 2255 preciosas
577 2200 622 2242 in
654 2215 780 2242 usum
821 2214 1044 2242 sacrorum
1076 2202 1322 2241 nostrorum
1360 2202 1561 2253 paratas:
1604 2199 1876 2241 donauerunt

102 2265 169 2307 his
201 2266 351 2307 diebus
373 2280 550 2320 capsam
572 2268 828 2318 argenteam
850 2265 1110 2315 inauratam,
1145 2264 1488 2307 administrando
1512 2267 1556 2307 et
1578 2264 1874 2306 conseruando

102 2330 341 2373 uenerabili
373 2330 526 2374 altaris
558 2333 833 2374 sacramento
866 2330 1259 2380 accommodatam,
1299 2332 1343 2372 et
1375 2329 1496 2372 basin
1530 2330 1704 2372 arculae
1735 2330 1876 2372 instar

103 2410 159 2438 ex
192 2396 344 2438 eadem
375 2395 560 2438 materia
591 2396 893 2439 fabrefactam.

926 2524 1057 2566 338.

826 2616 855 2651 7.
882 2613 1043 2662 Augusti
1068 2613 1163 2650 1562.

167 2701 288 2790 701Exf
305 2702 425 2790 οὲἓὲοθ
449 2703 640 2746 „Hannsen
667 2703 869 2739 Schai'ibers
889 2731 896 2738 .
918 2731 924 2738 .
947 2731 952 2737 .
974 2703 1167 2738 Beschluss
1186 2702 1346 2746 Raitung
1366 2729 1372 2736 .
1393 2729 1398 2735 .
1421 2729 1427 2736 .
1449 2701 1574 2742 1562“‚
1602 2700 1644 2735 de
1671 2712 1739 2745 quo
1766 2712 1875 2746 supra

104 2766 137 2800 p.
237 2783 244 2797 ,
288 2783 295 2790 .
400 2762 424 2790 a.

227 2832 395 2866 Ccmisius
424 2833 613 2876 Oeniponte
637 2834 836 2878 Auyustam
862 2835 964 2868 redit.

224 2971 238 2986 a
264 2964 406 3007 Quanto
432 2966 563 3001 cti-chet.

228 3099 239 3120 ¹
265 3098 444 3133 Sacellum
477 3098 567 3134 illud
606 3100 662 3143 „in
698 3100 760 3134 der
787 3098 1056 3142 Silbergasseu“
1089 3096 1347 3142 [Sillgasseffl]
1383 3097 1501 3132 dicere
1531 3097 1694 3139 videtur3
1734 3098 1778 3132 de
1804 3108 1873 3142 quo

106 3163 215 3198 supra
240 3164 274 3197 p.
303 3152 381 3187 704.
