2093 3444
374 174 454 208 507.
491 173 642 208 Ioannes
669 173 711 207 (10
737 173 893 208 Polanco
921 172 1075 207 Canisio.
1119 172 1233 207 Roma
1262 173 1316 208 18.
1343 173 1500 208 Ianuarii
1530 175 1630 210 1561.
1838 178 1888 219 17

939 291 1070 333 507.

530 384 595 426 Ρ.
628 383 949 427 IOANNES
983 383 1081 425 DE
1115 382 1476 436 POLANGQ

727 464 946 499 secretarius
973 463 1164 498 Societatis
1190 464 1285 505 Iesu,

462 548 635 590 nomine
667 548 814 590 Iacobi
846 547 998 598 Lainii,
1033 547 1273 602 praepositi
1305 548 1536 602 generalis,

863 649 1137 697 CANISIO.

762 758 873 795 Roma
898 758 947 795 18.
974 757 1141 795 Ianuarii
1166 757 1254 794 1561.

238 840 294 874 Ex
320 840 528 886 apographo
555 840 714 874 eiusdem
740 840 933 885 temporis;
970 841 1006 875 in
1042 841 1205 885 margine
1231 841 1461 875 adnotatum:
1503 841 1721 886 „Alemagna
1748 843 1895 879 Prouin-

119 894 223 929 cial‘.
277 893 361 928 Cod.
393 893 534 936 „Germ
563 894 675 928 1559“
706 893 730 927 f.
758 894 860 928 29212.

237 947 406 992 Epistula
431 959 519 981 usus
554 949 609 981 est
635 948 770 981 Frane.
799 948 999 982 Saeehc'nns
1025 947 1059 982 S.
1088 948 1141 989 J.‚
1178 948 1230 982 De
1256 948 1341 982 Vita
1368 951 1404 982 et
1429 948 1550 983 Rebus
1586 949 1701 993 gestis
1727 950 1767 984 P.
1795 951 1894 985 Petri

120 1001 255 1036 Canisii
284 1000 513 1045 (Ingolstadii
542 1001 649 1044 1616)
677 1013 711 1046 p.
739 1001 939 1035 366—367.

239 1067 447 1100 Concilium.
500 1068 538 1100 P.
568 1069 678 1100 Auer.
732 1067 981 1109 Professiones.
1043 1068 1115 1101 Nec
1137 1070 1323 1111 ynesnensz'
1349 1069 1507 1112 episcopo
1535 1080 1594 1102 nec
1616 1070 1774 1112 plocensi
1799 1072 1896 1105 Socii

119 1121 212 1154 mitte·
230 1126 393 1164 possunt.
446 1122 576 1164 Inopia
611 1123 699 1164 stipe
725 1123 882 1154 caesaris
906 1122 1096 1154 sublevata.
1151 1121 1341 1165 Colleyimn
1371 1134 1549 1166 prayense
1583 1125 1686 1157 certis
1712 1135 1790 1157 cnm
1817 1136 1896 1159 con-

120 1175 320 1208 dicionibus
345 1175 386 1208 de
416 1175 536 1208 Oibim·
557 1175 775 1218 possessione
801 1176 961 1208 decedere
987 1176 1136 1218 esi-pedit.
1187 1176 1383 1218 Epistulae.

238 1246 519 1301 Respondero
552 1246 597 1288 in
628 1247 761 1288 breue
794 1247 966 1300 aquella
999 1246 1041 1288 di
1063 1247 1116 1288 V.
1141 1246 1191 1289 R.
1227 1246 1269 1288 (11
1302 1248 1340 1289 4.
1376 1247 1418 1288 di
1450 1248 1635 1300 gennaio
1667 1263 1746 1302 per
1777 1263 1898 1292 esser

119 1311 248 1356 tardi.
313 1313 488 1354 Necesse
520 1327 603 1354 non
638 1318 695 1355 est
727 1314 778 1355 R.
813 1313 859 1355 V.
896 1318 991 1354 ante
1023 1313 1191 1354 Pascha
1225 1314 1284 1354 ad
1316 1315 1534 1355 concilium
1570 1316 1706 1357 adire.

238 1389 631 1431 Vindobonensibns
650 1391 783 1432 Sociis
806 1390 1060 1442 cnrondmn,
1088 1395 1131 1430 'ut
1148 1390 1197 1432 P.
1214 1390 1469 1431 Lonnbertus
1484 1392 1604 1432 Aner
1628 1392 1726 1434 bene
1747 1395 1895 1435 valeat.

239 1464 433 1509 Acetti
465 1466 516 1508 D.
551 1465 606 1508 N.
643 1466 682 1508 S.
717 1466 747 1507 il
780 1466 992 1508 sacrificio
1027 1466 1095 1507 del
1128 1466 1268 1508 Padre
1300 1466 1402 1508 Pisa
1434 1466 1486 1508 in
1526 1467 1745 1510 odorem
1779 1483 1898 1511 sua-

121 1530 327 1573 uitatis
349 1533 385 1581 1,
431 1531 490 1584 gl’
519 1531 619 1574 altri
655 1532 733 1573 0110
766 1534 922 1574 stanno
966 1531 1155 1573 discosto
1188 1531 1228 1572 di
1263 1531 1314 1574 V.
1348 1531 1400 1574 R.
1434 1532 1475 1573 lo
1517 1546 1703 1587 possono
1745 1534 1814 1576 far
1854 1534 1898 1576 in

121 1610 249 1638 mano
284 1596 323 1637 d'
350 1597 451 1639 altri
469 1598 498 1645 2,
534 1599 577 1639 et
600 1611 677 1651 per
703 1597 835 1650 quelli
859 1597 900 1638 di
922 1597 1067 1650 Praga
1090 1597 1266 1639 bastera
1299 1597 1329 1638 il
1351 1597 1607 1651 Praeposito
1631 1599 1852 1653 Pragense
1868 1601 1898 1643 3.

241 1661 295 1704 N.
343 1661 485 1704 Padre
534 1662 676 1704 scriue
724 1676 853 1717 sopra
900 1662 930 1704 11
978 1676 1122 1704 mezzo
1171 1662 1354 1716 collegio
1403 1663 1473 1705 del
1517 1664 1898 1707 Reuerendissimo

122 1741 367 1781 gnesnense
400 1728 442 1770 al
475 1728 618 1770 Padre
650 1728 856 1779 Vittoria,
892 1728 1138 1779 diserendo,
1185 1730 1229 1770 et
1262 1728 1399 1770 anche
1431 1728 1658 1771 scriuendo
1692 1731 1735 1772 al
1767 1731 1898 1773 Riue-

122 1792 377 1835 rendissimo
411 1793 687 1835 VVarmiense
720 1794 755 1835 si
788 1808 915 1836 scusa
948 1793 990 1835 di
1022 1794 1205 1835 mandar
1236 1794 1338 1836 altri
1371 1794 1448 1836 che
1492 1794 1716 1838 ricercaua
1747 1796 1777 1837 il
1812 1797 1899 1839 Ve-

124 1872 255 1900 scouo
290 1858 503 1901 Plucense
523 1860 551 1902 4.

242 2005 419 2046 Breviter,
446 2005 531 2050 quia
557 2005 672 2039 multa
696 2004 768 2038 iam
795 2004 870 2038 dies
897 2006 962 2045 est,
989 2004 1034 2038 ad
1052 2004 1093 2038 R.
1113 2003 1155 2037 V.
1175 2003 1316 2038 litteras
1334 2005 1367 2038 4.
1387 2004 1543 2040 Ianuarii
1569 2006 1673 2040 datas
1690 2007 1899 2041 rescribam.

123 2071 267 2104 Necesse
291 2070 386 2115 [etc.,
412 2074 452 2103 ut
476 2070 623 2113 snpra]

243 2135 569 2169 Vindobonensz'bns
593 2135 690 2178 [etc.,
717 2138 755 2167 ut
779 2133 925 2176 supra]

242 2199 340 2234 Deus
367 2201 403 2234 et
429 2199 594 2234 dominus
619 2201 744 2233 noster
779 2197 995 2232 sacrificium
1021 2197 1135 2242 patris
1162 2197 1285 2232 Pisani
1320 2198 1365 2232 in
1401 2199 1589 2233 odorem
1624 2201 1899 2236 suavitatis

124 2253 407 2298 suscipiat1.
459 2252 560 2294 Quod
596 2252 746 2293 ceteris,
783 2251 844 2295 qui
871 2262 891 2285 a
917 2251 959 2285 R.
985 2250 1029 2285 V.
1057 2251 1226 2286 disiuncti
1252 2254 1356 2293 sunt,
1392 2254 1428 2286 in
1464 2252 1615 2287 aliorum
1650 2255 1816 2289 manibus
1842 2255 1899 2289 de-

123 2318 255 2352 ponere
280 2307 409 2348 licet2;
436 2307 681 2349 Pragensibus
706 2305 934 2350 praepositus
959 2305 1174 2349 pragensis3
1200 2305 1367 2340 sufficiet.

243 2360 354 2395 Pater
387 2362 512 2394 noster
546 2359 589 2394 de
625 2358 771 2393 dimidio
806 2358 867 2392 illo
906 2357 1056 2402 collegio
1094 2359 1387 2393 reverendissimi
1424 2359 1646 2395 Gnesnensis
1681 2361 1723 2394 ad
1761 2363 1897 2406 patrem

124 2413 322 2448 Victoriam
349 2413 475 2448 scribit
500 2413 562 2455 ita,
591 2415 631 2447 ut
656 2424 732 2447 rem
758 2412 794 2446 in
820 2413 1005 2457 posterum
1031 2411 1183 2453 differat,
1210 2414 1319 2457 atque
1346 2413 1455 2447 etiam
1482 2414 1784 2449 reverendissimo
1810 2415 1900 2449 Var—

125 2467 255 2502 miensi
288 2479 353 2513 per
377 2467 521 2502 litteras
557 2478 595 2501 se
628 2467 800 2507 excusat,
836 2465 930 2509 quod
963 2477 1034 2499 non
1069 2465 1193 2500 mittat
1228 2477 1307 2508 eos,
1345 2478 1434 2510 quos
1470 2468 1793 2503 reverendissimus
1820 2468 1900 2503 Plo-

127 2521 245 2556 censis
270 2521 417 2566 petebat
429 2522 453 2555 ⁴¹.

248 2633 258 2653 ¹
286 2632 347 2666 Ez.
374 2632 438 2674 20,
465 2633 522 2667 41.
567 2632 651 2667 Lev.
679 2632 720 2674 8,
748 2631 793 2666 28
821 2633 888 2666 etc.
939 2630 979 2666 P.
1014 2631 1222 2677 Alphonsus
1258 2633 1413 2668 Pisanus
1450 2634 1480 2668 1.
1516 2634 1673 2668 Ianuarii
1706 2634 1794 2668 1561
1831 2635 1900 2668 sol-

125 2686 281 2721 lemnem
307 2687 479 2730 quattuor
503 2688 670 2720 votorum
696 2685 957 2731 professionem
981 2685 1019 2719 in
1045 2685 1181 2721 Canisii
1206 2687 1383 2728 manibus,
1410 2688 1451 2721 ut
1477 2687 1546 2721 dici
1571 2687 1684 2729 solet,
1710 2688 1900 2730 Augustae

127 2739 317 2780 emiserat;
343 2739 428 2773 vide
453 2739 557 2782 infra,
584 2750 740 2773 monum.
767 2738 848 2773 273.

247 2793 260 2813 2
285 2792 358 2827 ΡΡ.
384 2792 536 2827 Ioannes
563 2793 606 2827 de
632 2791 805 2833 Victoria,
832 2791 1074 2827 Theodoricus
1095 2792 1272 2834 Ganisius,
1298 2792 1434 2827 Paulus
1458 2792 1639 2834 Hoffaeus,
1667 2793 1900 2836 collegiorum

126 2845 418 2887 vindobonensis,
444 2846 679 2887 monacensis,
707 2845 898 2890 pragensis
915 2847 1083 2888 rectores,
1111 2858 1153 2881 ac
1171 2846 1211 2881 P.
1231 2846 1411 2880 Henricus
1429 2846 1652 2888 Blissemius,
1680 2847 1740 2890 qui
1758 2846 1900 2891 Pragae

128 2901 164 2934 et
187 2900 266 2945 ipse
292 2899 464 2943 degebat,
500 2899 761 2945 professionem
787 2898 888 2932 illam
914 2899 1035 2934 facere
1061 2911 1082 2934 a
1107 2900 1232 2934 Lainio
1258 2899 1355 2934 haud
1380 2899 1495 2933 multo
1530 2901 1613 2933 ante
1648 2898 1738 2933 iussi
1776 2903 1898 2942 erant3

127 2953 210 2988 vide
239 2953 327 2988 Gan.
353 2953 442 2999 Epp.
469 2953 514 2995 ΙΙ,
541 2954 622 2988 660.
650 2952 730 2987 683.
759 2953 839 2987 701.

248 3006 262 3027 ⁸
286 3006 466 3041 Henricus
492 3006 699 3041 Scribonius
727 3005 892 3049 (Pisek),
924 3006 1192 3052 metropolitani
1219 3005 1367 3050 capituli
1392 3005 1582 3050 pragensis
1608 3006 1838 3051 praepositus
1864 3010 1901 3043 et

128 3059 405 3095 archidioecesis
431 3060 621 3105 pragensis
647 3059 938 3101 administrator;
965 3060 1008 3094 de
1034 3071 1103 3104 quo
1128 3059 1212 3093 vide
1242 3059 1326 3092 Can.
1354 3057 1444 3103 Epp.
1472 3058 1498 3099 I,
1525 3058 1637 3099 599¹;
1664 3059 1708 3102 II,
1736 3060 1804 3095 716
1831 3063 1898 3097 etc.

249 3115 263 3134 4
287 3113 647 3159 Archiepiscopatum
684 3123 924 3155 gnesnensem
963 3112 1145 3157 (Gnezna,
1185 3111 1362 3152 Gniezno,
1399 3111 1562 3152 Gnesen,
1599 3123 1695 3147 nunc
1728 3113 1900 3149 Poloniae

128 3167 336 3202 borussicae
362 3167 464 3212 urbs)
500 3169 587 3202 tunc
621 3165 899 3200 administrabat
922 3166 1077 3201 Ioannes
1103 3163 1375 3206 Przerembski‚
1414 3163 1660 3209 episcopatum
1694 3166 1900 3212 plocensem
1938 3163 1941 3167 ’

198 3231 508 3262 Braunsberger,
529 3232 640 3258 canisii
655 3230 815 3261 Epistulae
831 3231 862 3255 et
875 3232 959 3257 Acta.
978 3233 1032 3257 111.
1604 3226 1624 3257 2
