2093 3444
187 179 266 213 514.
305 177 469 212 Canisius
497 177 677 212 Stanislao
704 178 824 212 Hosio.
868 179 962 222 Aug.
990 177 1130 213 Vindel.
1158 189 1203 211 m.
1231 178 1305 212 lan.
1333 177 1391 211 vel
1418 177 1517 212 initio
1545 178 1644 212 Febr.
1675 179 1775 213 1561.
1841 181 1894 222 29

948 297 1068 339 514.

865 396 1162 444 CANISIUS

667 493 1082 538 STANISLAO
1116 494 1367 547 HOSIO,

235 574 401 620 episcopo
428 573 634 615 varmiensi,
661 574 802 619 imperii
829 575 992 621 principi,
1019 576 1075 610 Pii
1100 576 1161 610 IV.
1190 577 1283 621 apud
1310 576 1573 610 Ferdinandum
1600 577 1626 609 I.
1654 577 1788 611 nuntio.

364 666 533 713 Augusta
560 665 836 703 Vindelicorum
862 679 908 704 111.
935 668 1107 705 Ianuario
1135 669 1193 705 vel
1219 668 1327 705 initio
1354 668 1548 705 Februarii
1574 668 1659 706 1561.

248 757 302 791 Ex
320 757 524 792 litterarum
543 756 655 798 Hosii,
683 769 775 801 quae
794 757 888 792 infra
907 761 1093 803 ponentur,
1121 760 1179 793 vel
1199 761 1453 794 commentario
1472 760 1530 794 vel
1550 760 1755 805 apographo
1774 761 1896 795 eodem

127 811 203 845 fere
230 812 390 856 tempore
417 811 572 856 scripto,
600 811 692 855 quod
721 812 842 845 exstat
870 812 1064 847 Cracoviae
1091 813 1125 846 in
1152 813 1369 848 bibliotheca
1395 814 1655 855 universitatis,
1684 814 1765 848 Cod.
1798 815 1897 857 „160,

131 865 263 899 1-’79“ι
294 864 382 899 fasc.
410 864 451 898 V.
480 865 504 899 f.
534 865 603 898 12³.

249 941 478 975 Cardiualem
505 943 753 985 Auyustanmn
782 943 915 975 Romae
942 954 1085 986 operum
1112 945 1218 987 (lare,
1255 949 1292 977 ut
1320 945 1534 988 „Centuriae
1562 944 1896 988 Maydebmyenses“

129 996 256 1028 ibidem
281 997 496 1038 refutentur.

248 1081 491 1122 Stamslaus
523 1080 695 1133 Hosius,
737 1081 950 1135 episcopus
981 1083 1230 1123 ‘narmiensis
1265 1088 1299 1123 ei
1327 1083 1399 1124 Pie?
1430 1084 1502 1125 IV.
1538 1084 1655 1138 apud
1688 1098 1897 1125 caesarem

129 1147 316 1198 uzmtius,
352 1146 598 1187 Vindobona
631 1148 700 1188 13.
726 1146 958 1187 Februarii
988 1149 1100 1189 1561
1128 1148 1303 1188 Romam
1337 1149 1395 1189 acl
1420 1148 1603 1190 Gitonem
1637 1150 1899 1192 cardinalem

127 1212 423 1266 Auquslanum
468 1212 659 1266 scripsit:
703 1212 909 1266 „Scripsit
943 1213 1001 1252 acl
1043 1227 1106 1253 me
1143 1213 1273 1254 Puz‘er
1308 1214 1506 1254 Cauisius
1541 1248 1548 1255 .
1585 1215 1690 1255 clare
1730 1228 1896 1269 operam

127 1275 199 1320 Jll.
237 1277 276 1319 d.
310 1281 503 1329 vestram,
538 1281 583 1317 ut
614 1277 833 1318 historiam
869 1278 1195 1319 eelesz'ast2sscam1
1228 1293 1351 1333 quum
1386 1281 1552 1333 scripsit
1581 1280 1759 1322 Flaccus
1791 1277 1899 1332 [sic]

128 1347 272 1384 contra
305 1343 431 1396 leqem
463 1342 664 1384 historiae
697 1357 775 1397 quo
807 1342 913 1385 libro
946 1344 1016 1384 rix
1048 1345 1151 1385 vllus
1186 1359 1271 1386 esse
1304 1345 1461 1386 dicitur
1487 1347 1779 1399 perniciosior,
1818 1347 1901 1387 viri

129 1409 287 1463 aliquot
320 1408 429 1449 (loeti
459 1409 618 1450 Romae
650 1407 876 1461 confutent,
912 1414 946 1450 et
979 1410 1167 1450 mum-2⁶3³
1198 1409 1381 1463 fraudes
1415 1411 1618 1466 (leteqcmt.
1678 1412 1798 1463 Quod
1833 1426 1900 1467 eqo

129 1478 289 1515 vestrae
320 1471 394 1515 Jll.
431 1473 471 1516 d.
508 1474 757 1526 institutum,
800 1488 881 1515 uon
912 1489 1081 1529 possum
1125 1489 1207 1516 uon
1240 1476 1494 1517 veliementer
1530 1477 1722 1531 probare.
1788 1477 1900 1518 Num

128 1543 234 1580 cerie
267 1540 305 1580 si
336 1553 443 1594 quae
476 1540 564 1581 alia
600 1573 607 1580 .
642 1539 743 1580 haec
778 1553 861 1580 esse
902 1540 1017 1581 (lebet
1051 1555 1188 1581 eorum
1218 1542 1398 1595 propria
1441 1556 1543 1582 cura
1586 1543 1657 1596 qui
1691 1542 1901 1584 Cardine&

129 1606 322 1647 ecclesiae
343 1609 557 1658 vocantur,
591 1605 636 1646 iu
670 1618 796 1659 quam
828 1606 987 1646 vtinam
1003 1607 1151 1660 plures
1175 1606 1470 1649 incumberent.
1515 1607 1603 1661 qu
1629 1607 1782 1648 librum
1817 1622 1900 1650 uon

128 1669 235 1725 Zeyib
275 1684 406 1725 neque
447 1671 558 1724 vidi,
602 1671 675 1711 sed
717 1671 823 1712 uiliil
865 1685 908 1711 eo
946 1672 1006 1712 rel
1048 1673 1223 1725 coqiiuri
1258 1686 1382 1727 posse
1410 1674 1715 1727 peruiciosiusc
1757 1674 1899 1716 audio.

129 1736 228 1777 Erit
267 1736 371 1777 milii
412 1750 553 1789 curae,
599 1741 645 1777 ut
677 1741 713 1777 ei
747 1737 832 1791 ipse
865 1737 995 1790 leqere
1020 1739 1179 1792 possim
1213 1738 1459 1792 aliquando.
1506 1739 1546 1779 V
1543 1739 1655 1780 ollem
1688 1744 1825 1780 aulem
1857 1744 1902 1780 ut

131 1816 220 1844 eum
247 1803 406 1843 videret
429 1802 693 1843 Guillwlmus
725 1807 864 1843 voster
886 1803 1085 1844 Scirletus
1118 1800 1226 1856 [sic]
1241 1803 1270 1856 2,
1305 1803 1417 1844 Nam
1450 1805 1488 1844 si
1522 1805 1742 1859 quisquam
1776 1806 1900 1859 alius,

130 1873 187 1909 est
221 1872 255 1908 et
287 1868 355 1908 ille
391 1868 513 1909 varia
548 1868 732 1922 quadum
769 1872 804 1908 ei
845 1869 1067 1922 multiplici
1099 1883 1237 1909 rerum
1283 1870 1632 1910 eclesiasticarum
1674 1871 1902 1925 coquiiioue

123 1933 363 1988 praeditus,
397 1948 471 1974 uec
502 1934 651 1974 multos
683 1934 866 1988 reperiri
888 1938 993 1988 puio
1020 1935 1091 1988 qui
1125 1948 1252 1989 aeque
1284 1936 1414 1976 multa
1448 1940 1492 1976 ut
1524 1936 1591 1977 ille
1624 1934 1837 1990 leqeriui.“

253 2023 525 2066 „Centuriarum
552 2023 953 2067 Magdeburgensium“,
990 2035 1080 2068 quas
1106 2026 1257 2066 vocant,
1293 2025 1446 2070 primum
1483 2026 1651 2060 volumen
1684 2038 1774 2061 anno
1810 2027 1899 2061 1559

129 2077 296 2112 Basileae
333 2089 378 2111 ex
412 2077 657 2122 typographia
684 2077 709 2112 l.
738 2076 885 2122 Oporini
920 2077 955 2110 in
982 2077 1084 2119 folio,
1120 2079 1160 2112 ut
1186 2078 1357 2119 dicimus,
1392 2078 1543 2124 prodiit,
1579 2079 1632 2114 sic
1667 2080 1899 2125 inscriptum:

134 2131 412 2174 „Ecclesiastica
445 2130 616 2172 historia,
652 2131 830 2174 integram
858 2131 1043 2165 Ecclesiae
1071 2130 1204 2165 Christi
1239 2131 1374 2173 ideam,
1403 2160 1408 2166 .
1439 2161 1444 2166 .
1474 2161 1481 2167 .
1509 2134 1706 2167 secundum
1737 2133 1900 2178 singulas

132 2184 332 2226 Centurias‚
360 2184 549 2230 perspicuo
577 2184 698 2218 ordine
726 2184 987 2229 complectens:
1014 2185 1190 2228 singulari
1217 2185 1403 2229 diligentia
1430 2188 1466 2220 et
1483 2186 1552 2220 fide
1579 2199 1623 2220 ex
1642 2187 1901 2221 vetustissimis

131 2240 167 2273 et
193 2238 336 2284 optimis
362 2238 563 2279 historicis,
595 2238 776 2283 patrib11S‚
804 2240 840 2272 et
865 2238 946 2272 aliis
972 2238 1207 2283 scriptoribus
1234 2242 1425 2283 congesta:
1463 2240 1531 2274 Per
1557 2240 1695 2284 aliquot
1720 2241 1900 2275 studiosos

131 2294 167 2326 et
192 2292 269 2337 pios
296 2292 394 2326 viros
428 2291 465 2326 in
500 2292 588 2326 urbe
614 2291 927 2335 Magdebu1·gica.“
983 2292 1083 2333 Quod
1110 2292 1279 2327 volumen
1314 2296 1389 2327 tres
1422 2293 1556 2338 primas
1592 2294 1773 2328 centurias
1808 2307 1899 2329 com-

131 2346 377 2391 plectebatur;
405 2347 533 2390 quarta
561 2345 723 2379 centuria
750 2357 780 2379 a.
810 2346 910 2387 1560,
939 2345 980 2380 V.
1009 2347 1045 2379 et
1070 2345 1131 2380 VI.
1161 2346 1260 2388 1562,
1288 2346 1367 2381 VII.
1395 2349 1434 2381 et.
1454 2347 1550 2382 VIH.
1580 2348 1681 2388 1564,
1708 2348 1768 2382 IX.
1798 2349 1899 2390 1565,

130 2399 174 2434 X.
195 2402 231 2434 et
255 2399 316 2433 XI.
339 2399 440 2440 1567,
467 2399 547 2433 XII.
569 2399 670 2439 1569,
697 2398 793 2433 XIII.
816 2399 907 2433 1574
934 2399 1127 2442 evulgatae
1153 2401 1246 2434 sunt.
1282 2400 1402 2444 Atque
1428 2401 1544 2435 altera
1569 2402 1678 2435 trium
1704 2401 1900 2447 primarum

132 2454 374 2487 centuriarum
403 2453 510 2487 editio
534 2465 564 2487 a.
588 2453 687 2494 1562,
715 2453 922 2496 germanica
949 2455 1120 2497 quattuor
1145 2453 1339 2498 primarum
1360 2455 1488 2496 versio,
1516 2455 1559 2489 ab
1586 2455 1674 2500 ipsis
1697 2455 1900 2498 „Centuria-

130 2507 289 2541 toribus“
320 2508 464 2548 curata,
500 2506 605 2540 Ienae
641 2518 670 2540 a.
702 2506 934 2540 1560-1565
961 2506 997 2540 111
1023 2506 1139 2540 lucem
1167 2507 1319 2541 emissae
1345 2510 1439 2542 sunt.
1491 2508 1622 2542 Postea
1658 2520 1799 2553 quoque
1833 2509 1900 2543 hoc

132 2572 222 2606 opus
249 2561 364 2594 denuo
391 2560 538 2601 editum,
564 2559 601 2593 in
628 2559 878 2604 compendium
904 2559 1099 2601 redactum,
1127 2559 1257 2603 gallice
1275 2572 1421 2595 versum
1447 2563 1503 2595 est
1521 2564 1587 2595 etc.
1623 2562 1663 2595 In
1688 2573 1756 2606 quo
1784 2574 1900 2606 opere,

132 2625 264 2657 magna
290 2613 434 2658 quidem
459 2624 541 2647 cum
568 2612 777 2647 eruditionis
803 2612 941 2657 specie,
977 2613 1039 2647 sed
1075 2613 1209 2647 maiore
1235 2614 1344 2647 etiam
1371 2614 1525 2659 partium
1561 2615 1679 2649 studio
1706 2616 1901 2660 composito

132 2666 276 2701 Flacius
294 2666 462 2711 Illyricus
480 2678 560 2700 cum
575 2666 761 2700 Matthaeo
777 2666 915 2707 Judice,
934 2667 1066 2700 Ioanne
1080 2667 1272 2710 Wigando,
1291 2667 1435 2701 Andrea
1450 2667 1612 2710 Corvino,
1632 2669 1712 2702 aliis
1727 2669 1901 2703 Luthera-

132 2732 258 2755 norum
285 2720 468 2754 doctrinas
494 2720 669 2754 adversus
706 2719 903 2754 catholicos
930 2722 1046 2767 ,atque
1082 2720 1190 2754 etiam
1227 2720 1402 2755 adversus
1428 2721 1738 2765 vitembergenses
1765 2722 1900 2756 Melan-

133 2773 299 2808 chthonis
325 2773 519 2818 discipulos
546 2785 591 2807 ex
616 2773 695 2818 ipsa
721 2773 939 2818 antiquitate
966 2773 1163 2807 christiana
1189 2773 1352 2808 stabilire
1379 2776 1529 2809 conatus
1557 2778 1622 2810 est.

252 2891 266 2906 ἰ
293 2887 325 2919 Α
352 2886 432 2920 libr.
461 2890 655 2919 correctum
683 2897 725 2920 ex
751 2885 837 2920 eius.
936 2885 951 2906 ¹³
977 2888 999 2919 2
1026 2898 1073 2920 vv.
1099 2898 1172 2931 sqq.
1200 2898 1222 2920 a
1248 2888 1328 2921 libr.
1355 2889 1394 2920 in
1421 2899 1535 2931 marq.
1562 2889 1686 2922 addita
1711 2893 1804 2922 sunt.

253 2945 264 2960 ⁰
295 2939 466 2983 Sequitur
491 2950 608 2983 posse,
635 2950 657 2972 a
684 2939 764 2974 libr.
792 2940 1040 2974 oblitteratum.

260 3062 268 3081 ¹
295 3060 486 3095 Centurias
511 3061 864 3105 Magdeburgenses,
901 3073 991 3105 quas
1025 3065 1177 3104 vocant,
1213 3074 1233 3097 a
1258 3063 1398 3097 Mathia
1424 3063 1544 3098 Flacio
1570 3064 1714 3109 Illyrico
1747 3063 1900 3109 aliisque

136 3113 269 3155 editas;
297 3114 379 3148 vide
406 3125 498 3159 quae
525 3117 605 3159 post
631 3114 729 3159 ipsas
754 3114 820 3148 has
846 3114 989 3149 litteras
1016 3116 1189 3150 dicentur.

256 3167 269 3188 ²
294 3167 347 3202 De
373 3166 503 3202 Sirleto
529 3167 622 3209 vide,
649 3179 740 3212 quae
766 3170 847 3213 post
874 3167 972 3213 ipsas
997 3168 1064 3203 has
1090 3169 1231 3203 litteras
1257 3170 1431 3204 dicentur.
