2093 3444
250 191 329 226 610.
367 190 533 225 Canisius
559 191 743 236 Alphonso
772 192 981 227 Salmeroni.
1026 192 1118 236 Aug.
1146 192 1251 226 vind.
1283 192 1336 227 18.
1365 193 1533 228 Octobris
1564 195 1664 229 1561.
1763 198 1845 239 261

190 310 366 364 Repetit.
400 323 508 364 quae
541 310 592 351 (le
625 311 877 351 monasterio
901 312 944 352 S.
971 310 1143 365 Georqii
1166 316 1402 365 auqustcmo
1426 313 1495 354 11.
1523 312 1709 354 Octobris
1733 314 1847 354 1561

71 376 312 429 scripserat.

190 451 301 492 Dala
332 450 387 493 N.
422 450 467 493 P.
504 450 691 492 General
732 450 962 493 habbiamo
1004 451 1238 493 bonissime
1280 466 1420 493 nuoue
1454 451 1495 493 di
1527 453 1766 503 Francia1,
1810 454 1850 495 le

71 516 189 570 quali
229 515 438 570 piacendo
481 515 522 557 31
563 515 712 569 signor
752 516 788 557 si
830 516 1098 558 mandarano
1144 519 1169 558 a
1212 517 1278 560 .V.
1317 517 1367 559 R.
1411 517 1453 558 13
1495 517 1731 560 501111113113
1773 518 1850 560 che

70 581 210 632 uiene,
245 583 289 623 et
321 580 501 622 insieme
542 581 584 622 la
625 581 815 635 risposta
857 582 925 623 del
959 582 1004 624 P.
1041 582 1268 624 Salineron
1310 596 1440 636 sopra
1479 582 1509 623 li
1541 583 1739 636 concilijb
1773 584 1851 625 che

71 647 275 700 vogliono
308 649 506 700 stampar
536 646 580 688 in
604 646 780 688 Colonia
813 647 973 700 ilquale
1007 650 1051 689 et
1082 647 1188 689 tutti
1220 648 1246 688 l'
1272 647 1373 690 altri
1405 647 1440 689 si
1471 648 1850 690 raccomandiamo

72 712 172 754 nell'
197 711 384 755 orationi
417 711 460 753 di
494 712 558 755 .V.
593 712 644 754 R.
709 712 762 752 Di
796 712 935 754 Roma
974 714 1056 754 .18.
1093 712 1131 754 d'
1156 713 1328 755 ottobre
1365 714 1490 755 1561.

192 834 328 877 Repetit
353 833 449 877 [etc.‚
476 836 514 866 ut
538 832 684 876 snpra]

194 897 249 931 Ex
275 899 377 943 patre
403 900 525 932 nostro
552 897 757 942 praeposito
776 896 937 940 generali
964 897 1006 931 de
1032 897 1138 932 rebus
1159 897 1298 932 Galliae
1317 898 1542 933 faustissima
1569 900 1852 944 comperimus¹;

73 962 166 995 quae
185 951 326 985 domino
344 951 498 996 propitio
525 951 570 985 ad
589 950 629 984 R.
648 950 689 984 V.
708 950 929 984 hebdomade
956 951 1118 995 proxima
1144 951 1333 986 mittentur
1359 963 1430 986 una
1457 964 1534 987 cum
1555 953 1696 996 litteris,
1724 953 1853 998 quibus

74 1005 113 1039 P.
142 1004 327 1039 Salmeron
353 1005 396 1038 de
423 1004 600 1045 conciliis,
629 1015 720 1048 quae
749 1003 915 1038 Coloniae
943 1004 1040 1049 typis
1067 1005 1270 1039 exscribere
1298 1005 1439 1047 volunt,
1466 1005 1715 1051 respondebit;
1744 1008 1853 1050 atque

73 1058 132 1092 hic
151 1060 185 1092 et
204 1057 333 1102 reliqui
353 1069 475 1092 omnes
493 1057 591 1092 RV.
611 1057 724 1091 sacris
743 1057 910 1102 precibus
928 1069 992 1091 nos
1012 1058 1314 1092 commendamus.
1354 1059 1467 1093 Roma
1488 1059 1541 1094 18.
1562 1059 1729 1094 Octobris
1750 1060 1852 1094 1561.

194 1137 305 1174 Nota:
342 1139 443 1173 Licet
468 1139 707 1173 Ribadeneira
742 1139 777 1172 in
814 1142 976 1173 extrema
1003 1139 1109 1173 huius
1145 1139 1321 1183 epistulae
1348 1143 1449 1184 parte
1477 1141 1591 1182 dicat,
1628 1142 1853 1176 faustissima

74 1193 252 1237 quaedam
288 1192 330 1226 de
358 1192 498 1227 Galliae
533 1193 640 1227 rebus
676 1204 696 1226 a
722 1192 846 1226 Lainio
882 1192 1048 1227 nuntiata
1084 1193 1249 1237 sequenti
1274 1192 1496 1228 hebdomade
1524 1194 1668 1229 Canisio
1704 1196 1854 1230 missum

73 1246 127 1288 iri,
154 1246 286 1280 litteris
315 1246 344 1280 1.
371 1245 587 1280 Novembris
616 1246 703 1280 1561
733 1246 846 1285 datis.
883 1247 1012 1290 quibus
1040 1245 1205 1280 Canisius
1240 1246 1285 1280 ad
1311 1247 1404 1281 113110
1436 1248 1628 1292 epist-ulam
1654 1249 1853 1294 rescripsit,

74 1311 161 1334 vero
187 1299 303 1334 simile
339 1299 495 1334 efficitur
522 1299 750 1345 (praesertim
786 1300 816 1334 si
853 1311 934 1334 cum
968 1300 1100 1334 litteris
1137 1299 1168 1334 8.
1196 1299 1411 1335 Novembris
1440 1301 1527 1335 1561
1565 1302 1610 1335 ab
1646 1303 1772 1336 eodem
1809 1303 1854 1337 ad

73 1353 320 1389 Salmeronem
342 1353 437 1387 datis
455 1353 717 1397 conferuntur),
744 1353 939 1388 relationes
964 1353 1047 1387 illas
1072 1353 1143 1387 iam
1165 1353 1217 1388 18.
1238 1353 1405 1388 Octobris
1431 1355 1561 1389 missas
1580 1367 1669 1390 esse.
1708 1355 1855 1390 Lainius

74 1407 237 1442 Possiaci
263 1407 298 1441 in
325 1409 505 1441 conventu
539 1407 596 1442 26.
623 1407 845 1452 Septembris
875 1407 962 1441 1561
991 1407 1114 1441 habito
1141 1418 1260 1441 coram
1288 1406 1483 1442 catharina
1509 1408 1635 1452 regina
1670 1411 1706 1443 et
1730 1410 1855 1444 multis

75 1461 285 1507 proceribus
320 1460 462 1495 concilii
487 1461 675 1495 tridentini
711 1463 746 1495 et
771 1461 903 1495 summi
928 1460 1110 1506 pontificis
1145 1461 1223 1495 iura
1250 1461 1459 1495 defenderat
1495 1464 1531 1496 et
1565 1462 1854 1498 adversariorum

75 1515 223 1549 fraudes
250 1516 442 1559 aperuerat
477 1514 546 1556 ita,
582 1517 623 1548 ut
648 1514 835 1549 catholicis
871 1514 981 1548 animi
1008 1517 1213 1549 crescerent
1247 1526 1312 1549 nec
1338 1515 1464 1558 regina
1500 1515 1569 1550 iam
1606 1516 1689 1550 ullis
1716 1517 1759 1551 de
1785 1517 1855 1551 fide

76 1568 380 1614 disputationibus
415 1568 590 1603 interesse
617 1568 738 1603 vellet.
790 1568 902 1610 Quem
928 1580 1130 1603 sermonem
1155 1568 1254 1613 typis
1291 1569 1484 1613 exscripsit
1509 1570 1556 1603 H.
1588 1571 1721 1604 Grc'sar
1747 1570 1781 1605 S.
1810 1571 1855 1612 J.,

76 1622 204 1657 Jacobi
240 1621 370 1656 Lainez
405 1621 677 1667 Disputationes
712 1621 944 1656 Tridentinae
980 1622 1013 1656 Π
1052 1621 1268 1666 (Oeniponte
1308 1622 1436 1666 1886),
1473 1623 1647 1658 94—103.
1698 1623 1856 1659 Litteras

78 1677 198 1710 autem
227 1687 247 1709 a
266 1676 420 1710 Polcmco
447 1676 491 1710 ad
510 1675 754 1710 Sahneronem
774 1676 943 1710 Possiaco
970 1676 1026 1710 27.
1047 1676 1268 1721 Septembris
1288 1676 1375 1710 1561
1406 1687 1448 1710 ea
1474 1677 1516 1710 de
1543 1689 1581 1710 re
1608 1677 1711 1711 datas
1738 1677 1857 1722 posuit

78 1731 117 1764 V.
136 1730 286 1763 Baesten
313 1728 347 1764 S.
367 1730 399 1764 J.
427 1729 464 1763 in
495 1730 637 1772 „Precis
663 1729 903 1774 historiques“
934 1729 1124 1764 XXXVIH
1153 1729 1359 1774 (Bruxelles
1388 1729 1507 1773 1889),
1536 1730 1686 1765 77—81.
1725 1730 1857 1765 Postea

79 1785 201 1817 autem
237 1783 307 1817 alia
334 1794 475 1828 quoque
502 1795 616 1828 eaque
643 1783 752 1818 etiam
780 1782 956 1817 faustiora
982 1795 1002 1818 a
1029 1783 1184 1817 Polanco
1210 1784 1376 1817 nuntiata
1407 1786 1511 1825 sunt;
1548 1784 1590 1817 de
1618 1784 1747 1828 quibus
1774 1784 1856 1819 vide

79 1836 215 1871 Canisii
242 1836 437 1882 epistulam
462 1836 608 1871 ineunte
633 1849 680 1872 m.
707 1837 903 1871 Novembri
929 1838 974 1871 ad
1000 1836 1039 1871 P.
1068 1837 1300 1871 Lambertum
1327 1838 1424 1871 Auer
1450 1837 1583 1871 datam.

912 1954 1034 1996 610.

823 2042 1121 2090 CANISIUS

530 2141 929 2185 ALPHONSO
965 2141 1412 2194 SALMERONI,

639 2222 832 2257 Societatis
860 2223 939 2257 Iesu
966 2223 1101 2257 vicario
1128 2222 1299 2266 generali.

542 2304 711 2351 Augusta
737 2303 1012 2340 Vindelicorum
1037 2303 1085 2340 18.
1114 2303 1284 2340 Octobris
1310 2303 1396 2339 1561.

201 2384 257 2418 Ex
283 2382 490 2428 apographo
516 2382 661 2424 recenti,
689 2382 782 2426 quod
808 2394 855 2416 ex
880 2381 1116 2427 autographo,
1143 2381 1179 2415 in
1206 2382 1280 2416 cod.
1306 2381 1363 2424 „E.
1385 2381 1421 2416 C.
1442 2382 1475 2416 Γι
1506 2381 1530 2415 f.
1554 2382 1618 2416 137
1647 2383 1683 2415 et
1708 2393 1760 2426 sq.
1788 2393 1858 2416 non

79 2438 174 2482 sign.
203 2437 252 2482 (n.
281 2437 341 2481 92)
368 2436 496 2481 posito,
523 2435 742 2481 exscriptum
771 2437 837 2469 est.

200 2508 396 2552 Epistulae.
447 2508 631 2551 Augustae
656 2508 698 2540 de
725 2506 858 2550 Sociis,
886 2507 980 2551 quod
1005 2507 1261 2540 monasterium
1287 2507 1322 2540 S.
1355 2506 1501 2549 Georyii
1525 2506 1593 2539 sibi
1617 2506 1717 2539 tradi
1741 2506 1858 2548 velint,

80 2563 249 2596 maledice
286 2562 492 2605 loquuntur.
546 2561 736 2604 Colleqz'um
780 2563 1068 2604 oem'pontanum.
1119 2560 1159 2593 P.
1192 2560 1401 2593 leeodorici
1439 2559 1577 2593 Canise'c'
1614 2560 1790 2602 professio
1829 2563 1859 2591 et

81 2617 206 2650 virtus.
242 2617 312 2649 Res
336 2615 629 2649 vindobonenses:
655 2616 843 2649 Sociorum
869 2615 910 2648 de
929 2615 1087 2647 Victoria
1113 2617 1246 2647 rectore
1264 2613 1426 2657 querelae
1436 2625 1449 2655 ;
1476 2613 1652 2646 convictus
1671 2613 1859 2654 nobiliumn·

79 2669 347 2713 typoyraphia;
372 2679 431 2701 aes
457 2668 613 2701 alienum
622 2680 635 2710 ,·
661 2668 699 2701 P.
727 2668 892 2701 Latmius
916 2668 963 2700 ad
988 2667 1113 2700 turbas
1137 2667 1314 2699 sedandas
1339 2677 1376 2699 eo
1401 2667 1532 2699 itmwcs.

957 2752 984 2804 †

328 2828 423 2871 Pax
454 2827 614 2871 Christi
645 2827 869 2870 nobiscum
902 2826 1158 2870 Reuerende
1189 2825 1233 2867 in
1265 2825 1436 2868 Christo
1470 2825 1615 2866 Pater.

204 2903 367 2954 Quarto
410 2903 478 2946 die
511 2903 712 2947 Octobris
754 2905 881 2947 datas
916 2903 1077 2957 accepi.
1140 2902 1191 2943 In
1230 2900 1456 2943 mittendis
1497 2899 1658 2942 nostris
1696 2899 1860 2942 vtimur

84 2983 218 3024 opera
257 2969 451 3020 illorum,
494 2969 567 3022 qui
599 2969 839 3012 Cardinalis
881 2982 1014 3011 causa
1054 2967 1235 3010 mittunt
1274 2965 1418 3008 isthuc
1460 2964 1624 3015 omnia,
1668 2964 1859 3018 nihilque

204 3085 219 3101 ³
245 3079 281 3114 Jl
306 3092 364 3125 ap.
461 3080 477 3101 b
503 3079 686 3125 conseciljj
714 3092 773 3124 ap.

209 3180 220 3201 ²
246 3179 349 3222 Vide,
376 3191 467 3224 quae
494 3179 560 3213 sub
586 3179 704 3224 ipsam
728 3178 822 3212 hanc
848 3175 1041 3221 epistulam
1068 3175 1246 3209 dicuntur.
