2093 3444
173 170 253 203 544.
289 168 434 204 Stanisl.
462 168 595 203 Hosius
624 167 777 202 Canisio.
816 167 1030 202 Vindobona
1056 168 1122 202 sub
1148 168 1306 202 medium
1332 180 1378 202 m.
1407 168 1566 213 Aprilem
1595 169 1695 203 1561.
1746 170 1828 212 115

51 287 168 337 dere,
203 286 317 340 quod
350 288 467 328 esset
498 286 625 328 ualde
658 285 934 328 laboriosum.
981 287 1019 328 3.
1055 299 1110 327 an
1143 284 1333 327 sufficiat
1365 285 1461 327 loca
1491 285 1662 327 Erasini
1695 290 1739 328 et
1772 285 1830 327 si—

53 352 217 394 milium
251 354 474 406 suspecta,
518 351 588 393 uel
622 353 773 405 aperte
815 351 928 392 falsa
969 350 1013 392 in
1045 349 1280 404 praedictis
1318 351 1642 405 commentarijs
1676 351 1830 393 oblite-

52 419 216 459 rareP1
249 432 348 459 nam
382 417 434 458 de
466 417 564 470 alijs
597 416 717 458 libris
752 417 821 458 uel
854 417 907 458 ab
931 415 1195 467 haereticis,
1239 415 1317 457 sed
1350 429 1436 457 non
1469 416 1520 458 de
1554 416 1831 469 dogmatibus

52 482 298 532 haereticis,
333 482 502 533 aeditiS,
537 483 608 524 uel
641 483 694 524 ab
729 482 825 535 alijs
860 481 1096 532 autoribus,
1136 481 1179 522 in
1213 495 1320 534 quos
1352 483 1499 523 tamen
1532 481 1753 531 haeretici,
1788 484 1832 524 et

52 547 297 590 huiusmodi
329 547 534 602 prohibiti
567 550 743 590 autores
766 547 1048 601 irrepserunt,
1082 560 1168 588 non
1190 549 1394 600 putamus
1417 546 1609 588 radenda
1642 547 1830 597 nomina,

52 627 153 655 cum
185 613 304 655 nulla
344 613 506 656 mentio
539 613 664 655 huius
697 614 796 663 fiat,
841 612 941 666 quia
982 612 1063 654 hoc
1094 612 1213 666 prius
1255 614 1352 654 erat
1393 612 1617 654 obtentum
1656 612 1830 663 nostris,

53 681 100 721 et
133 678 294 720 nostris
326 678 545 722 studiosis.

175 743 298 786 Circa
320 743 516 797 quintam
548 744 819 794 facultatem,
855 757 939 796 qua
963 742 1123 785 nostris
1157 742 1441 784 conuersandi
1471 757 1567 785 cum
1599 742 1832 785 haereticis

55 811 152 853 ,etc
188 812 232 852 et
263 809 420 852 missas
444 809 690 852 celebrandi
722 809 765 851 in
799 808 973 863 templis
1006 808 1109 850 licet
1135 807 1193 849 ibi
1227 807 1371 849 adsint
1393 807 1601 850 haeretici
1626 810 1720 851 .etc.
1755 822 1833 862 po-

53 877 196 917 testas
220 875 361 926 datur,
397 875 583 918 occurrit
606 875 860 929 ampliorem
883 874 1007 915 nobis
1030 873 1148 928 prius
1171 873 1310 915 hanca
1334 871 1395 927 [Ρ]
1424 873 1557 915 fuisse
1580 873 1790 927 scriptam
1802 874 1833 917 2.

55 954 212 995 nempe
245 943 293 982 ut
325 940 579 995 simpliciter
611 941 654 982 111
676 941 840 994 templo
864 939 936 981 ubi
959 939 1068 982 ritus
1095 942 1162 981 est
1185 938 1445 989 Catholicus‚
1481 939 1701 980 celebrare
1733 953 1834 993 pos-

55 1020 215 1055 semus,
248 1006 367 1048 1111110
400 1006 484 1048 3110
509 1006 668 1049 addito,
703 1006 829 1048 modo
864 1019 967 1047 uero
1001 1004 1265 1058 adiungitur,
1300 1005 1380 1046 hoc
1403 1007 1551 1046 tamen
1584 1004 1835 1046 conceditur

57 1071 129 1113 ubi
161 1071 401 1114 necessitas
435 1072 487 1113 ad
522 1072 564 1114 id
597 1071 816 1124 astringit,
853 1073 896 1113 et
928 1070 1166 1125 periculum
1200 1072 1317 1112 esset
1348 1069 1524 1111 maioris
1557 1069 1764 1120 scandali,
1799 1070 1836 1112 si

56 1137 188 1179 aliter
218 1138 356 1180 fieret.

178 1203 335 1245 Vtrum
369 1202 501 1246 etiam
524 1202 636 1245 istae
658 1202 895 1244 facultates
919 1201 1161 1244 extendant
1183 1214 1230 1242 se
1254 1215 1316 1251 eo,
1352 1202 1400 1242 ut
1422 1200 1584 1243 nostris
1608 1201 1740 1243 etiam
1764 1200 1836 1254 qui

58 1268 234 1319 treueri,
270 1271 314 1311 et
336 1268 539 1311 Coloniae
565 1271 714 1322 agunt,
750 1271 794 1311 et
816 1266 1071 1321 Moguntiae
1094 1269 1231 1320 agunt
1254 1266 1324 1308 uel
1347 1268 1492 1320 agent,
1529 1266 1833 1310 concedantur.

937 1333 964 1385 ἦ.

181 1426 273 1471 Ipsis
309 1426 453 1470 quidem
488 1425 545 1460 his
580 1425 712 1459 litteris
747 1436 863 1469 neque
899 1425 944 1459 ad
971 1436 1096 1469 quem,
1132 1435 1248 1467 neque
1284 1435 1352 1468 quo
1380 1423 1436 1457 die
1472 1423 1515 1457 ab
1543 1423 1705 1457 Hurtado
1732 1423 1837 1458 datae

59 1482 202 1521 essent,
239 1480 451 1514 adnotatum
477 1482 551 1520 est;
589 1482 626 1513 at
661 1491 706 1513 ex
732 1480 881 1513 Polanci
917 1478 1073 1523 epistula
1099 1478 1154 1512 26.
1182 1477 1318 1522 Aprilis
1347 1478 1434 1511 1561
1473 1477 1517 1511 ad
1545 1477 1727 1511 Canisium
1755 1477 1838 1511 data

60 1534 168 1579 plane
194 1533 428 1577 intellegitur,
456 1545 517 1567 eas
543 1545 563 1567 a
592 1532 735 1567 Canisio
762 1544 843 1567 011111
871 1531 1044 1577 epistula,
1073 1543 1179 1575 quam
1208 1531 1282 1576 ipse
1311 1531 1365 1565 11.
1392 1531 1527 1576 Aprilis
1556 1531 1642 1565 1561
1671 1531 1838 1575 Augusta

60 1587 106 1622 ad
124 1587 288 1621 Lainium
309 1587 407 1621 dedit
424 1598 588 1631 quaeque
607 1586 743 1631 perisse
762 1586 916 1627 videtur,
944 1586 1094 1620 Romam
1121 1585 1164 1619 ad
1185 1585 1336 1619 eundem
1355 1585 1485 1619 missas
1504 1596 1595 1619 esse.
1633 1584 1838 1618 Hurtadum

59 1642 182 1676 autem
203 1640 337 1675 Canisii
363 1641 464 1675 iussu
490 1642 526 1674 et
543 1640 685 1674 nomine
704 1639 904 1685 scripsisse,
932 1641 968 1674 et
986 1651 1043 1673 res
1070 1639 1148 1684 ipsa
1176 1641 1212 1673 et
1229 1638 1320 1672 ratio
1340 1638 1542 1681 ostendunt,
1570 1650 1641 1683 qua
1661 1638 1838 1672 Polancus

61 1694 177 1729 Lainii
202 1694 344 1729 nomine
371 1694 427 1729 26.
454 1694 591 1739 Aprilis
620 1694 707 1728 1561
738 1694 782 1727 ad
809 1705 870 1728 eas
896 1693 1094 1738 rescripsit.

883 1817 1014 1858 544.

559 1908 1016 1953 STANISLAUS
1051 1907 1343 1962 HGSIUS,

231 1992 435 2034 cardinalis,
463 1992 652 2038 episcopus
679 1992 906 2034 varmiensis,
933 1991 1083 2026 nuntius
1109 1991 1330 2036 apostolicus
1357 1991 1450 2037 apud
1478 2002 1671 2032 caesarem,

812 2075 942 2123 CAN
946 2075 1088 2123 [SIO.

516 2184 732 2221 Vindobona
760 2185 825 2221 sub
852 2184 1008 2221 medium
1036 2195 1082 2220 111.
1109 2183 1274 2232 Aprilem
1301 2183 1388 2220 1561.

184 2270 240 2304 Ex
266 2269 473 2315 apographo
503 2269 575 2313 (40;
605 2269 620 2303 1
642 2269 691 2314 p.)
721 2269 828 2303 huius
846 2268 1051 2303 litterarum
1070 2268 1194 2313 partis,
1221 2269 1410 2312 Augustae
1422 2267 1691 2302 Vindelicorum
1718 2267 1841 2300 eodem

60 2324 139 2359 fere
165 2326 326 2369 tempore
351 2323 486 2368 scripto
513 2324 549 2357 et
575 2323 699 2357 eadem
725 2334 834 2357 manu
860 2322 912 2357 sic
938 2322 1132 2367 inscripto:
1164 2322 1237 2364 „Ex
1264 2322 1396 2356 litteris
1415 2320 1720 2356 Reuerendissimi
1739 2319 1840 2365 Hosij

185 2453 199 2468 ²
224 2448 305 2481 Vel:
330 2447 410 2481 hac.

63 2571 102 2606 in
127 2571 245 2606 lucem
280 2571 470 2612 emiserat3
506 2581 599 2614 quae
635 2569 745 2603 editio
780 2571 908 2614 postea
943 2580 1052 2613 saepe
1088 2568 1243 2613 repetita
1279 2569 1345 2602 est.
1397 2567 1449 2601 De
1475 2567 1695 2611 Hieronymo
1722 2565 1765 2599 ab
1802 2576 1842 2599 eo

63 2625 162 2659 edito
187 2625 271 2658 vide
297 2624 392 2658 infra
418 2635 451 2668 p.
482 2623 560 2657 119.

188 2679 198 2699 ¹
225 2678 292 2712 Die
317 2678 373 2712 20.
401 2677 488 2711 Maii
516 2676 606 2711 1560
643 2676 838 2710 cardinalis
865 2675 1043 2711 Gislerius
1079 2675 1277 2716 concessit,
1312 2676 1354 2708 ut
1379 2673 1570 2708 Societatis
1610 2672 1840 2717 „confessarij

65 2733 216 2777 possent
242 2730 432 2765 absoluere
459 2741 529 2771 eos,
558 2730 619 2774 qui
646 2729 822 2763 haberent
845 2728 1051 2763 huiusmodi
1075 2728 1186 2763 libros
1206 2726 1453 2773 [prohibitos]:
1480 2727 1511 2761 si
1528 2728 1650 2760 tamen
1668 2725 1843 2760 haeretici

66 2785 209 2830 proprie
235 2796 305 2818 non
334 2785 476 2825 essent,
512 2783 535 2818 i.
562 2795 592 2817 e.
619 2795 689 2816 non
716 2782 827 2816 aediti
853 2783 898 2816 ad
933 2782 1176 2816 confirmanda
1211 2782 1269 2815 uel
1305 2780 1520 2815 stabilienda
1547 2780 1726 2822 Dogmata
1761 2778 1842 2813 hae-

66 2838 180 2873 retica
205 2838 268 2872 sed
295 2836 376 2882 alijs
403 2837 445 2871 de
471 2837 579 2871 rebus
606 2838 767 2880 agerent,
793 2838 834 2870 ut
852 2836 895 2869 de
913 2835 1134 2879 gramaticis,
1162 2837 1198 2868 et
1217 2834 1356 2879 logicis,
1384 2836 1419 2868 et
1437 2833 1626 2874 similibus,
1653 2832 1842 2866 dummodo

66 2903 197 2926 nomen
223 2890 385 2925 authoris
411 2890 443 2924 si
468 2889 672 2924 haereticus
708 2890 823 2930 esset,
858 2889 895 2923 in
931 2888 1058 2923 Jndice
1093 2888 1294 2933 prohibitus
1321 2915 1328 2922 .
1357 2890 1393 2921 et
1420 2887 1529 2921 etiam
1564 2886 1595 2920 si
1631 2885 1715 2930 quid
1750 2885 1844 2920 inter

66 2945 260 2989 legendum
285 2944 435 2989 impium
461 2945 666 2977 occurreret
691 2943 727 2976 in
753 2942 815 2983 eis,
843 2942 1033 2976 deleretur.
1086 2941 1174 2975 Cum
1201 2941 1336 2975 eisdem
1363 2940 1624 2975 conditionibus
1651 2939 1842 2981 concessit,

65 3000 109 3032 ut
133 2998 249 3032 nostri
275 2998 424 3043 possent
449 2997 502 3031 uti
527 2996 630 3030 libris
655 3007 726 3030 non
752 2995 966 3037 haereticis,
1001 2995 1088 3029 licet
1113 2995 1288 3029 haberent
1321 2993 1596 3033 adnotaciones,
1636 2995 1672 3026 et
1706 2992 1844 3027 scholia

67 3051 253 3086 hominum
279 3050 482 3085 huiusmodi
508 3050 633 3090 farine,
661 3049 719 3084 uel
745 3049 915 3083 authores
942 3048 1086 3093 quidem
1104 3048 1173 3092 ipsi
1192 3047 1276 3081 mali
1295 3049 1427 3088 essent,
1454 3046 1517 3080 sed
1535 3046 1617 3080 libri
1634 3057 1704 3080 non
1723 3048 1845 3080 essent

67 3105 180 3140 aediti
207 3131 214 3139 .
243 3132 249 3138 .
278 3132 285 3139 .
313 3105 358 3139 ad
385 3103 600 3138 stabilienda
627 3103 797 3146 dogmata
823 3102 1049 3136 haeretica⁴⁴2
1089 3102 1176 3135 Can.
1205 3101 1294 3146 Epp.
1321 3100 1374 3142 ΙΙ,
1408 3100 1615 3139 689-69Ο;
1652 3099 1696 3133 cf.
1735 3100 1844 3133 etiam

69 3158 203 3193 ibidem
229 3158 273 3200 II,
300 3158 380 3193 605.
409 3157 488 3192 614.
635 3157 648 3177 2
675 3156 727 3190 Cf.
759 3156 847 3190 Can.
875 3155 965 3200 Epp.
992 3155 1035 3197 ΙΙ,
1062 3155 1264 3189 462-463.

1514 3214 1564 3246 3.
