2093 3444
218 223 376 258 Monum.
407 223 582 268 (august.)
611 223 690 258 266.
721 224 834 268 (Inter
861 226 1051 260 exeuntem
1080 236 1111 260 a.
1132 225 1219 259 1561
1249 226 1285 259 et
1311 226 1501 259 exeuntem
1528 235 1558 258 a.
1581 224 1697 268 1562.)
1756 226 1838 267 651

76 341 165 382 Der
195 343 274 393 tag
315 340 390 382 der
430 340 488 382 ist
528 355 575 382 so
609 341 788 384 freuden
820 343 937 384 reich
979 343 1093 384 allen
1132 343 1412 391 creaturen1,
1454 342 1510 384 Jn
1553 341 1665 383 dulci
1696 340 1841 390 iubilo,

75 420 133 447 nu
165 404 309 458 singet
330 405 417 447 vnd
451 409 549 459 seyt
581 406 661 457 fro,
695 421 849 448 vnsers
872 408 1062 449 Hertzen
1093 421 1246 449 wonne
1280 442 1288 449 .
1322 406 1404 460 ligt
1435 406 1478 448 in
1510 406 1721 461 presepio,
1757 406 1843 447 vnd

74 470 268 513 leuchtet
300 470 364 512 als
397 470 465 512 die
498 485 631 512 sonne
664 472 817 513 matris
849 472 892 513 in
924 472 1102 525 gremio,
1136 489 1162 512 a.
1195 486 1240 513 es
1273 474 1317 514 et
1349 488 1383 512 ω
1399 473 1428 514 2.

197 537 235 577 2.
268 535 483 577 Kalendis
515 536 740 578 Ianuariis
774 552 811 579 α.
840 539 953 579 1562
980 538 1178 579 canisius
1201 538 1418 591 Ach'ustue
1450 538 1495 578 in
1528 538 1673 591 templo
1707 537 1843 578 cathe-

78 601 195 642 drali
234 601 294 642 sic
336 615 507 642 exorsus
551 606 606 642 est
648 603 807 643 dicere:
849 601 1174 656 Omnipotentia
1215 601 1296 643 Dei
1338 601 1501 651 Patris,
1545 601 1760 655 sapientia
1801 604 1845 643 et

76 664 277 707 meritum
320 664 416 706 Iesu
461 665 641 715 Christi,
685 666 831 719 gratia
875 669 918 708 et
962 681 1082 708 amor
1123 666 1301 720 spiritus
1342 666 1483 709 sancti
1525 667 1597 708 det
1638 666 1759 708 nobis
1801 669 1845 707 et

76 729 299 772 Ecclesiae
331 730 489 771 bonum
522 730 718 772 foelicem
751 732 937 782 Annum,
973 734 1016 773 et
1048 731 1090 772 in
1123 731 1195 773 illo
1225 731 1522 773 remissionem
1554 734 1843 786 peccatorum,

79 797 124 838 2⁴?
156 794 498 838 emendationem
533 795 662 846 uitae,
699 797 744 837 3?
776 796 988 838 unitatem
1022 796 1120 838 fidei
1133 803 1159 847 ³,
1194 797 1377 839 salutem
1403 796 1585 847 animae,
1621 799 1662 837 4⁰
1694 809 1845 851 pacem

78 860 218 902 cordis
253 862 297 902 55³
330 860 564 903 sanitatem
598 860 811 914 corporis,
852 864 895 903 et
928 861 1127 915 quicquid
1161 861 1256 903 boni
1292 862 1475 916 amplius
1509 861 1803 903 desideramus
1816 860 1844 911 b,

78 928 123 968 et
153 928 254 980 post
293 925 404 967 hanc
441 925 599 977 uitam,
645 929 841 968 eternum
884 940 1077 980 regnum.
1142 927 1235 968 Hoc
1276 930 1415 970 totum
1458 926 1580 968 nobis
1623 926 1847 979 contingat

77 1004 155 1046 per
187 991 353 1032 dulcem
386 1004 536 1033 recens
577 993 728 1032 natum
761 992 1011 1044 paruulum,
1055 991 1125 1045 qui
1164 991 1290 1033 hodie
1332 992 1609 1034 circumcisus
1643 995 1687 1034 et
1718 991 1845 1033 Jesus

79 1055 326 1098 nominatus
360 1054 492 1110 [est]‚
536 1055 593 1097 Jn
626 1056 796 1108 signum
831 1056 921 1098 eius
957 1056 1156 1110 desiderij
1197 1057 1326 1099 dicite
1359 1071 1414 1098 ex
1455 1057 1597 1099 animo
1630 1057 1769 1098 Amen
1803 1058 1848 1098 et

79 1123 255 1164 cantate
286 1121 331 1162 in
362 1121 570 1163 honorem
605 1119 780 1175 [ipsius]
814 1121 918 1163 Dies
952 1125 1018 1164 est
1050 1122 1215 1164 letitiae
1232 1123 1260 1165 3.
1325 1122 1572 1164 Charissimi
1610 1122 1770 1164 fratres
1804 1124 1848 1164 et

79 1200 263 1228 sorores.
307 1184 373 1227 Ad
408 1186 606 1228 foelicem
638 1186 882 1239 ingressum
909 1187 1032 1228 huius
1056 1186 1294 1237 Concionis,
1328 1187 1412 1229 imo
1445 1187 1580 1230 totius
1613 1187 1727 1241 annj,
1762 1201 1847 1228 non

79 1251 168 1293 scio
209 1250 363 1293 melius
403 1251 548 1294 facere
591 1266 719 1305 quarn
761 1251 883 1294 uobis
925 1252 1194 1294 occasionem
1237 1253 1339 1294 dare
1381 1253 1546 1294 animos
1588 1256 1759 1295 uestros
1793 1252 1847 1294 ad

79 1316 219 1359 Deum
252 1316 533 1359 conuertendi
568 1322 636 1359 etc.

200 1383 238 1425 3.
281 1383 334 1424 In
377 1384 563 1424 contione.
604 1384 791 1438 quadam
836 1388 1004 1425 eoeeunte
1047 1398 1084 1426 α.
1130 1385 1244 1425 1562
1287 1384 1504 1438 Auqustae
1547 1384 1692 1425 hahita
1736 1385 1848 1425 idem

83 1448 306 1490 0617110103.-
338 1448 387 1489 111
412 1447 552 1502 prima
574 1448 784 1499 Ecclesia,
819 1450 968 1503 inquit,
1002 1448 1084 1491 fuit
1119 1482 1125 1489 .
1153 1484 1159 1489 .
1188 1484 1195 1490 .
1229 1450 1510 1502 praeceptum
1540 1451 1588 1491 ut
1612 1484 1618 1490 .
1647 1484 1653 1490 .
1682 1484 1688 1490 .
1714 1448 1849 1491 festac

79 1512 307 1556 Paschalia
353 1527 448 1554 cum
490 1512 700 1566 singulari
741 1513 911 1555 laetitia
951 1513 1296 1566 transigerentd,
1341 1513 1582 1555 adhibendo
1624 1514 1773 1556 breuia
1806 1517 1851 1556 et

80 1578 200 1620 laeta
242 1577 413 1621 cantica
454 1581 498 1621 et
538 1578 687 1620 multis
729 1578 878 1620 diebus
920 1582 1148 1621 cantarent
1189 1578 1296 1620 haec
1338 1581 1405 1620 est
1446 1578 1536 1620 dies
1578 1593 1705 1632 quam
1747 1579 1851 1621 fecit

82 1643 290 1686 dominus.
335 1643 446 1686 Item
468 1646 517 1686 ut
540 1646 770 1686 cantarent
793 1644 1072 1697 gaudeamus,
1098 1643 1271 1685 alleluia
1286 1644 1314 1693 4,
1348 1644 1457 1686 Item
1481 1647 1529 1686 ut
1552 1644 1668 1686 circa
1690 1644 1849 1686 festum

81 1708 242 1752 natalis
275 1709 432 1763 dominj
466 1708 656 1751 iuniores
689 1712 733 1752 et
756 1709 948 1751 seniores
971 1724 1016 1751 se
1048 1711 1299 1750 recrearent
1332 1712 1376 1751 et
1399 1712 1629 1752 cantarent
1659 1709 1750 1751 dies
1783 1711 1851 1751 est

80 1773 288 1818 laetitiae.
332 1775 391 1817 Et
422 1788 508 1816 non
540 1771 678 1817 solum
710 1774 753 1816 in
776 1775 952 1829 templo,
988 1775 1090 1816 data
1123 1776 1191 1816 est
1212 1775 1318 1816 haec
1347 1774 1574 1825 recreatio,
1609 1775 1685 1816 sed
1718 1773 1849 1816 etiam

80 1840 124 1882 in
158 1840 307 1890 (101110,
351 1842 400 1882 111
432 1840 583 1882 eodem
616 1840 684 1882 die
717 1839 909 1894 1100011113Ε
944 1838 1004 1894 [Ρ]
1040 1854 1187 1881 omnes
1219 1838 1337 1881 uesci
1379 1839 1579 1882 carnibus
1618 1839 1747 1882 etiam
1783 1839 1851 1881 die

81 1904 252 1948 ueneris
283 1904 513 1948 incidente.

203 1987 299 2020 Gccil.
327 1987 509 2020 Bccumlcer
535 1986 694 2020 carmina
720 1986 928 2029 germanica
953 1986 1019 2020 sub
1046 1986 1112 2020 hoc
1139 1988 1281 2030 tempus
1307 1997 1327 2019 a
1354 1985 1483 2030 populo
1518 1985 1554 2019 in
1580 1985 1742 2019 ecclesiis
1769 1997 1849 2019 can-

81 2041 158 2074 tata
193 2051 273 2073 esse
309 2039 483 2073 affirmat:
525 2040 554 2073 1.
582 2039 717 2074 Diebus
743 2040 899 2074 maxime
925 2039 1133 2074 solennibus
1164 2039 1199 2073 in
1226 2038 1377 2073 scenicis
1405 2038 1618 2083 quibusdam
1650 2039 1850 2073 actionibus

83 2094 139 2136 (ut
173 2104 253 2127 cum
280 2092 336 2126 die
371 2092 484 2127 natali
511 2091 645 2127 Christi
681 2104 852 2138 praesepe
888 2093 923 2127 in
958 2093 1092 2137 templo
1129 2092 1387 2134 collocabatur,
1423 2104 1542 2126 coram
1569 2104 1638 2136 quo
1669 2093 1728 2134 „In
1755 2091 1849 2126 dulci

80 2146 190 2181 iubilo
218 2174 225 2180 .
252 2146 380 2189 Singet
413 2146 484 2180 und
520 2145 567 2180 sit
605 2146 704 2180 froh“
745 2149 812 2180 etc.
849 2146 1053 2190 canebant).
1105 2146 1136 2180 2.
1163 2146 1243 2179 Una
1278 2157 1357 2179 cum
1395 2145 1660 2190 „Sequentiis“;
1699 2157 1850 2190 quarum

81 2199 235 2244 singulis
269 2199 428 2244 strophis
455 2199 567 2233 latine
593 2211 614 2233 a
640 2199 746 2234 choro
783 2200 938 2234 cantatis
970 2199 1122 2244 populus
1157 2199 1300 2233 easdem
1336 2198 1504 2243 strophas
1539 2198 1743 2242 germanice
1769 2198 1850 2233 sub-

81 2253 262 2297 iungebat.
315 2253 347 2288 3.
374 2253 468 2287 Ante
505 2254 540 2286 et
566 2255 648 2297 post
673 2253 892 2287 contiones-⁵.
942 2254 974 2287 4.
1001 2254 1099 2287 Inter
1125 2264 1246 2294 sacra,
1283 2264 1373 2296 quae
1408 2252 1485 2286 sine
1512 2254 1619 2286 cantu
1653 2252 1850 2286 sacerdotis

201 2359 215 2373 ²
240 2355 263 2387 2
287 2364 336 2387 vv.
363 2364 435 2397 sqq.
463 2364 485 2386 a
514 2353 550 2387 C.
578 2354 654 2397 ipso
680 2354 774 2386 inter
800 2353 882 2386 fidei
909 2358 938 2386 et
963 2353 1002 2386 40
1028 2364 1153 2397 pacem
1177 2363 1290 2396 supra
1316 2363 1452 2386 versum
1478 2353 1612 2395 scripta
1637 2357 1729 2385 sunt.

201 2407 217 2427 b
244 2409 265 2439 6
289 2417 338 2439 vv.
364 2417 437 2450 sqq.
464 2417 487 2439 a
511 2407 593 2441 libr.
619 2408 658 2440 in
685 2417 796 2449 marq.
825 2407 948 2439 addita
974 2411 1066 2441 sunt.
1164 2412 1176 2426 ⁰
1202 2407 1235 2439 A
1261 2406 1341 2439 libr.
1369 2410 1563 2439 correctum
1590 2417 1632 2439 eae
1657 2405 1761 2439 diem.

202 2459 217 2479 d
246 2460 343 2501 Quae
367 2464 575 2504 sequuntur,
602 2471 710 2503 usque
735 2461 783 2492 ced
809 2459 949 2493 cantica
975 2461 1069 2503 incl„
1096 2471 1118 2492 a
1145 2460 1224 2493 libr.
1252 2461 1291 2492 in
1316 2470 1428 2502 Μαι-9.
1456 2460 1580 2492 addita
1605 2463 1696 2492 sunt.

202 2519 214 2533 ²
240 2514 300 2546 Vel
325 2515 474 2557 possent
482 2526 496 2556 ‚·
521 2514 706 2547 obscurius
730 2515 912 2556 scriptum.

83 2611 238 2657 primum
265 2612 471 2655 compareat
497 2612 576 2651 etc.‚
603 2611 751 2656 exponit
777 2611 880 2644 We'lh.
907 2611 1100 2651 Bc'c'mnker,
1127 2609 1202 2644 Das
1227 2609 1452 2644 katholische
1479 2609 1652 2644 deutsche
1678 2609 1850 2644 Kirchen-

83 2665 155 2700 lied
181 2665 217 2699 in
243 2664 367 2698 seinen
394 2663 616 2707 Singweisen
643 2664 659 2698 I
688 2663 880 2709 (Freiburg
906 2663 927 2698 i.
955 2663 1013 2697 ΒΓ.
1044 2663 1162 2707 1886),
1190 2663 1388 2698 271—273.

208 2719 216 2738 ¹
245 2717 480 2752 Germanicae
506 2717 614 2751 huius
640 2717 818 2752 versionis
844 2716 975 2751 cantici
1002 2717 1141 2760 antiqui
1172 2716 1276 2760 „Dies
1303 2719 1360 2751 est
1384 2716 1565 2751 laetitiae“
1601 2715 1737 2750 formae
1773 2715 1851 2749 sive

85 2770 251 2816 exempla
278 2770 430 2804 collecta
455 2772 540 2804 sunt
566 2770 750 2815 complura
769 2782 789 2804 a
808 2771 1058 2814 Wackernayel
1075 2769 1098 2804 l.
1118 2781 1147 2804 0.
1167 2770 1211 2812 Π,
1230 2770 1437 2810 520—526;
1465 2770 1507 2803 de
1526 2769 1650 2803 eadem
1668 2769 1852 2802 Bdumlcer

85 2825 107 2859 1.
136 2836 165 2859 0.
192 2825 219 2866 Ι,
247 2823 445 2858 286-287.

205 2877 218 2898 ²
243 2877 469 2911 Postremum
504 2876 599 2911 hunc
633 2888 778 2911 versum
805 2877 988 2911 Bc'c'wnker
1013 2876 1036 2910 l.
1063 2887 1092 2910 c.
1120 2876 1154 2917 I,
1181 2876 1369 2911 308—309
1395 2875 1447 2910 sic
1481 2876 1598 2920 ponit:
1640 2874 1777 2919 „Alpha
1812 2885 1851 2909 es

85 2934 122 2966 et
156 2930 219 2965 O.“
272 2930 460 2973 Integrum
495 2941 638 2963 carmon
673 2929 786 2964 variis
820 2929 934 2964 modis
968 2929 1228 2963 conformatum
1267 2929 1361 2974 apud
1396 2929 1648 2972 Wackernagel
1681 2927 1704 2962 l.
1741 2939 1769 2962 c.
1805 2927 1851 2969 Π,

84 2984 286 3020 483-486,
431 2983 444 3003 ³
470 2982 561 3017 Vide
586 2994 706 3028 supra,
732 2983 813 3017 adn.
843 2983 873 3017 1.

205 3039 218 3058 4
243 3037 374 3071 Nescio
407 3047 492 3070 num
520 3036 686 3071 Canisius
717 3036 886 3081 paschale
922 3035 1009 3070 illud
1044 3047 1187 3070 carmen
1219 3035 1324 3078 „Last
1358 3046 1428 3069 vns
1462 3035 1638 3069 erfrewen
1676 3033 1851 3068 hertzlich

85 3091 179 3133 sehr,
206 3089 382 3135 Alleluja“
412 3089 604 3134 significet,
631 3090 673 3124 de
700 3101 769 3134 quo
795 3090 978 3124 Bcizcmker
1002 3089 1024 3124 1.
1053 3100 1082 3123 0.
1109 3089 1135 3130 I,
1163 3089 1363 3123 561--562.

207 3146 220 3165 ⁵
250 3144 424 3187 Geor-qius
444 3143 696 3186 Siyismundus
715 3143 806 3187 Seld,
833 3142 973 3188 imperii
998 3142 1328 3184 vicecancellarius,
1354 3142 1390 3176 in
1416 3141 1670 3176 commentario
1697 3140 1851 3185 quodam

86 3198 165 3232 sive
199 3196 331 3231 litteris
366 3195 512 3230 ineunte
547 3207 579 3230 a.
608 3196 698 3231 1562
733 3196 776 3230 (10
810 3195 963 3230 ecclesia
997 3195 1224 3230 reformanda
1254 3195 1298 3229 ad
1325 3195 1588 3229 Ferdinandum
1615 3193 1641 3228 Ι.
1668 3205 1850 3228 caesarem
