2093 3444
330 220 408 255 701.
446 220 611 255 Canisius
638 221 816 256 Stanislao
843 221 964 256 Hosio.
1004 221 1203 267 Oeniponte
1230 223 1285 257 31.
1313 223 1393 257 Iulii
1424 224 1524 258 1562.
1725 229 1809 270 469

42 336 175 379 burgo“
216 338 252 370 et
276 337 298 370 4
324 337 513 380 sequentia
540 337 688 372 Polanci
725 350 831 372 manu
865 339 901 372 in
934 338 1096 382 margine
1131 339 1289 384 ascripta
1323 342 1418 374 sunt.
1470 341 1553 375 Cod.
1586 342 1648 383 „V.
1677 343 1715 377 P.
1743 343 1807 377 62⁴⁴

41 390 67 424 f.
99 389 214 433 12010).
266 389 390 434 Neque
416 391 537 424 tamen
563 403 752 435 umquam,
780 392 872 435 quod
900 392 1064 436 equidem
1091 392 1222 433 sciam,
1249 392 1500 436 Salisburgum
1527 395 1717 430 Societatis
1744 396 1812 430 col-

40 442 176 487 legium
203 443 339 477 habuit.

862 528 896 569 7
900 528 982 569 01.

728 694 733 701 ,
775 626 1072 674 CANISIUS

358 729 772 773 STANISLAO
807 729 1219 772 CARDINALI
1250 731 1499 785 HOSIO,

329 817 390 850 uni
417 829 462 850 ex
489 816 629 851 concilii
656 817 843 852 tridentini
870 819 1106 863 praesidibus,
1135 819 1301 864 episcopo
1327 819 1533 854 varmiensi.

677 902 877 950 Oeniponte
904 903 950 939 31.
978 903 1061 939 Iulii
1088 904 1182 940 1562.

162 986 218 1020 Ex
244 986 452 1031 archetypo,
479 986 573 1030 quod
600 985 765 1020 Canisius
792 998 856 1021 sua
884 998 990 1020 manu
1018 987 1234 1032 subscripsit
1262 988 1339 1031 (20;
1367 989 1387 1022 2
1414 1000 1491 1033 pp.;
1523 988 1559 1022 in
1585 1000 1618 1033 p.
1646 989 1677 1023 4.
1706 989 1813 1023 inser.

40 1041 79 1074 et
104 1050 188 1084 pars
215 1039 312 1083 sig).
365 1039 448 1074 Cod.
476 1039 573 1084 goth.
607 1039 666 1081 „E.
693 1039 737 1073 H.
765 1040 804 1073 2“
837 1041 860 1074 f.
888 1041 1040 1075 42—43.

161 1092 363 1138 Epistulam
389 1105 435 1127 ex
461 1093 658 1138 archetypo
684 1094 821 1138 primus
849 1094 1038 1137 evulgavit
1067 1095 1274 1138 Cyprianus
1299 1095 1322 1128 l.
1350 1107 1377 1129 c.
1405 1107 1438 1139 p.
1458 1095 1658 1129 237—238.
1698 1095 1813 1129 Parti-

39 1145 159 1180 culam
178 1147 298 1191 posuit
316 1148 628 1191 Laqonzccrsimm,
656 1147 807 1190 Pogiani
827 1147 1009 1192 Epistolae
1028 1148 1089 1188 ΙΙΙ,
1116 1148 1194 1188 801³,
1222 1150 1363 1193 partem
1381 1149 1551 1182 maiorem
1574 1149 1811 1193 (germanice)

39 1200 155 1234 Kriiss
180 1200 203 1234 l.
231 1212 259 1234 c.
288 1212 320 1244 p.
351 1200 426 1234 154.
479 1199 644 1244 Epistula
671 1212 757 1234 usus
786 1202 841 1234 est
867 1202 994 1245 Sielcel,
1022 1201 1146 1235 Trient
1172 1213 1205 1246 p.
1235 1201 1313 1236 357.

161 1283 336 1316 Lamiam
362 1287 543 1326 exspectat.
591 1283 660 1324 Qui
682 1283 893 1327 Glinzburyi
921 1285 1016 1317 visus
1042 1288 1098 1318 est.
1151 1285 1425 1317 P2·0te.s·tamimn
1451 1295 1627 1318 saxonum
1653 1284 1813 1318 dissidia.

40 1336 172 1369 Zasizcs
199 1337 352 1369 caesaris
387 1336 630 1370 consiliarius.
684 1337 777 1378 Quid
808 1338 971 1380 proxime
1006 1338 1219 1379 definitum?
1266 1338 1325 1370 Ex
1361 1339 1445 1371 (ιιιῑα
1473 1339 1628 1371 caesaris
1663 1349 1703 1371 ecc
1728 1338 1816 1370 36νί-

40 1389 185 1433 buntur,
214 1390 340 1433 quibus
365 1394 395 1422 et
421 1390 563 1423 concilii
588 1394 617 1422 et
638 1390 821 1433 pontificis
846 1392 1044 1424 auctoritas·
1070 1392 1317 1433 labefactatur:
1365 1392 1483 1433 Quare
1508 1396 1631 1425 eontra
1651 1393 1816 1434 prii-atos

40 1444 268 1486 quorundam
303 1444 449 1485 affectus
474 1444 753 1486 adviyilandnm.
808 1443 974 1478 Caesaris
1008 1446 1047 1477 in
1084 1446 1231 1478 concilio
1259 1449 1418 1478 oratores
1452 1450 1481 1478 et
1501 1446 1683 1488 pontificis
1718 1445 1816 1488 apud

40 1507 222 1530 caesarem
249 1497 396 1530 nmztius
421 1497 596 1531 mouendi.
649 1498 852 1531 Desertores
878 1499 990 1531 modis
1017 1499 1178 1531 omnibus
1197 1509 1269 1542 pro
1296 1499 1402 1532 calice
1422 1503 1599 1542 pngmcmt.

403 1585 526 1627 Pax³
559 1585 718 1627 Christi
748 1586 972 1628 nobiscum
1005 1586 1382 1629 Reuerendissinie
1416 1590 1460 1630 et

661 1673 967 1716 Jllustrissime
1000 1674 1195 1718 Domine.

160 1761 282 1812 Quod
315 1761 551 1804 etiamnum
583 1762 788 1804 haeream
813 1763 1057 1818 Oeniponti,
1093 1764 1245 1806 eadem
1278 1778 1388 1817 quae
1418 1765 1520 1806 ante
1552 1763 1648 1814 fuit,
1683 1778 1816 1806 causa

41 1829 132 1878 est,
179 1841 275 1869 cum
320 1841 376 1869 ex
419 1827 634 1869 Maiorum
678 1828 946 1871 authoritate
992 1829 1212 1871 discedere
1256 1829 1360 1870 mihi
1402 1844 1489 1871 non
1533 1828 1685 1880 liceat,
1734 1829 1818 1871 nisi

41 1894 276 1947 expectato
308 1892 494 1946 primum
527 1893 718 1936 aduentu
740 1893 886 1935 Patris
919 1909 969 1936 ac
995 1894 1240 1949 Praepositi
1270 1894 1409 1936 nostri
1426 1896 1454 1946 1,
1490 1894 1648 1938 Scribit
1670 1897 1817 1937 autem

41 1957 98 1999 ad
129 1971 197 1999 me
229 1958 281 2000 D.
316 1957 521 2010 Zasius2‚
564 1958 685 2000 illum
726 1958 842 2000 haud
874 1960 1024 2013 procul
1063 1960 1116 2002 ab
1148 1959 1351 2013 Augusta
1393 1962 1673 2014 conspectum
1707 1974 1815 2011 esse,

40 2024 90 2064 ut
121 2021 280 2064 idcirco
315 2021 386 2064 diu
419 2022 591 2076 quidem
624 2037 650 2065 a
682 2023 806 2065 nobis
839 2024 1069 2067 abfuturus
1101 2039 1187 2067 non
1219 2025 1421 2067 uideatur
1436 2027 1465 2068 3.
1529 2025 1638 2075 Quid
1671 2027 1816 2068 autem

41 2087 95 2130 de
127 2102 196 2130 me
227 2087 300 2129 ille
322 2090 489 2131 statuet
522 2090 720 2143 expecto,
754 2092 803 2131 ut
834 2089 947 2131 istuc
971 2090 1022 2132 de
1054 2104 1150 2132 meo
1174 2090 1366 2132 discessu
1395 2105 1498 2133 mox
1531 2105 1687 2144 queam
1718 2105 1818 2145 per-

39 2152 243 2196 scribere.
307 2152 427 2196 Misit
460 2157 607 2197 autem
639 2155 690 2197 D.
725 2154 877 2196 Zasius
910 2155 1116 2197 nonnulla
1149 2155 1201 2198 de
1233 2156 1361 2198 rebus
1395 2155 1634 2205 Saxonicis,
1672 2170 1817 2209 quem-

41 2218 273 2260 admodum
305 2218 469 2261 uidebit
491 2219 709 2261 Celsitudo
742 2222 831 2270 tua,
866 2220 943 2261 sed
975 2234 1128 2275 parum
1161 2221 1213 2263 de
1239 2220 1479 2274 Religionis
1511 2221 1702 2275 negotio,
1736 2221 1819 2263 nisi

41 2283 157 2338 quod
189 2284 399 2326 aduersus
432 2284 708 2327 Caluinianos
739 2285 977 2327 Lutherani
1019 2286 1268 2341 conspirare
1300 2286 1523 2339 uidentur,
1567 2287 1639 2341 qui
1671 2287 1818 2341 Baby-

161 2434 176 2449 a
203 2430 280 2463 Hoc
303 2440 332 2463 v.
360 2433 391 2463 et
418 2432 438 2462 6
463 2440 535 2473 sqq.
563 2441 585 2462 α
616 2429 724 2473 Cypr.
752 2430 880 2463 omissa
905 2433 999 2463 sunt.

166 2564 176 2584 ¹
203 2563 335 2605 Lainii;
362 2563 445 2598 vide
471 2575 580 2609 supra
606 2575 640 2608 p.
666 2563 748 2597 462.

164 2617 178 2637 2
202 2617 337 2651 Doctor
372 2617 525 2651 Ioannes
559 2616 752 2650 Udalricus
787 2616 911 2650 Zasius
949 2616 1008 2660 (de
1044 2628 1114 2660 quo
1144 2618 1230 2652 Can.
1259 2618 1347 2663 Epp.
1375 2618 1428 2660 ΙΙ,
1459 2617 1539 2663 19⁸)
1583 2619 1818 2653 1554—1562

40 2670 260 2706 ferdinandi
285 2671 312 2705 Ι.
338 2670 436 2714 regis
472 2672 508 2704 et
542 2669 700 2704 caesaris
726 2669 954 2704 consiliarius
980 2672 1057 2704 erat
1084 2670 1292 2715 Giinzburgi
1321 2670 1563 2716 (Giinzburg),
1601 2672 1695 2716 quod
1721 2672 1819 2717 oppi-

36 2724 129 2758 dum
154 2724 339 2758 suebicum
368 2723 478 2768 (nunc
504 2723 681 2758 Bavariae
707 2723 786 2766 regi
811 2722 1027 2767 subiectum)
1056 2725 1144 2758 tunc
1170 2724 1215 2758 ad
1233 2724 1420 2759 Austriam
1439 2725 1598 2759 anticam
1626 2724 1820 2768 (‚‚Vorder-

41 2777 282 2820 osterreicw)
310 2776 516 2822 pertinebat
545 2776 609 2820 (W.
642 2778 766 2821 θυαε,
801 2776 867 2810 Die
895 2776 1107 2822 bayerische
1134 2777 1270 2812 Politik
1305 2778 1354 2812 im
1385 2785 1506 2812 ersten
1532 2778 1732 2812 Jahrzehnt
1757 2778 1820 2812 der

36 2829 254 2874 -Regierung
280 2830 422 2873 Herzog
446 2829 641 2864 Albreohts
668 2829 712 2864 V.
748 2841 820 2863 von
848 2830 978 2864 Baiern
1015 2829 1211 2874 [M'i'mchen
1240 2830 1344 2875 1896]
1380 2843 1414 2876 p.
1442 2831 1635 2875 98--101).
1686 2831 1819 2866 Postea

36 2883 149 2918 -aulae
176 2894 368 2918 caesareae
393 2882 716 2917 vicecancellarius
742 2885 888 2917 creatus
914 2885 971 2918 est
999 2884 1036 2927 (t
1064 2884 1184 2928 1570).

167 2937 180 2957 3
205 2937 402 2981 Ροῑαηοιιε,
437 2936 554 2970 Lainii
581 2947 718 2978 comes,
753 2936 790 2970 in
825 2936 1004 2981 particula
1042 2937 1198 2981 quadam
1237 2937 1447 2972 *itinerarii
1485 2938 1702 2981 germanici:
1745 2938 1821 2981 „En

45 2989 187 3032 Vlma“‚
213 2990 340 3034 inquit,
373 3001 430 3032 „se
457 2989 540 3024 dixo
566 2989 696 3031 missa,
735 3001 760 3034 y
786 3001 824 3024 se
851 2989 1017 3025 entendio
1045 3002 1113 3034 que
1139 2990 1193 3025 los
1220 2991 1462 3034 magistrados
1487 3003 1532 3025 no
1558 3002 1597 3025 se
1623 2991 1821 3034 fatigarian

44 3045 148 3078 tanto
175 3043 256 3078 dela
281 3045 436 3087 Vtraque
462 3043 622 3088 species,
658 3044 793 3087 quanto
829 3042 928 3077 delas
963 3045 1088 3078 rentas
1122 3044 1326 3089 vsurpadas
1354 3072 1360 3079 .
1387 3044 1536 3079 hablose
1563 3044 1644 3088 algo
1680 3056 1746 3079 con
1771 3057 1821 3080 vn

45 3096 151 3132 hoste
190 3096 366 3131 catholico
406 3096 448 3130 de
487 3096 655 3141 disponer
693 3096 756 3130 alli
792 3108 856 3141 por
894 3108 944 3131 vn
981 3096 1144 3140 collegio.
1195 3097 1270 3132 Fue
1305 3097 1338 3132 el
1373 3097 1431 3132 dia
1458 3098 1500 3132 de
1527 3097 1699 3141 Santiago
1727 3097 1762 3142 [i.
1790 3110 1820 3133 e.

47 3149 104 3185 25.
131 3149 226 3193 Iulii]
247 3177 255 3184 .
274 3150 295 3184 2
323 3150 365 3184 de
392 3149 455 3184 alli
480 3161 501 3184 a
526 3151 602 3184 tres
627 3149 756 3194 leguas
782 3161 826 3184 en
852 3149 1029 3194 ginspurg
1064 3162 1103 3185 se
1138 3150 1246 3185 hablo
1282 3162 1348 3185 con
1388 3151 1420 3185 el
1445 3151 1547 3185 Zasio
1581 3163 1606 3196 y
1640 3162 1706 3186 nos
1740 3151 1820 3186 hizo

47 3203 211 3245 caricias,
238 3215 302 3238 son
329 3203 528 3238 catholicos
554 3202 635 3238 alli“
669 3203 731 3247 (ex
757 3203 993 3248 autographa
1044 3203 1128 3239 Cod.
1159 3203 1222 3247 „G.
1251 3203 1288 3238 C.
1316 3205 1379 3239 67*
1411 3216 1444 3249 p.
1474 3205 1568 3248 190).
