2093 3444
234 148 390 182 Monum.
419 147 589 192 (11101130.)
619 149 698 184 308.
729 149 909 193 (Exeunte
936 150 1027 193 Aug.
1058 149 1175 193 1561.)
1205 149 1284 184 309.
1314 149 1378 192 (M.
1405 149 1490 184 Dec.
1517 161 1548 184 a.
1579 149 1697 193 1561.)
1766 152 1849 193 693

84 264 160 298 dari
186 264 301 298 iussit.
331 291 337 298 .
364 264 577 298 Aedificium
604 265 697 309 quod
725 277 816 300 anno
843 267 1017 311 superiori
1041 268 1206 311 coeptum
1224 266 1301 307 fuit,
1328 267 1452 301 vsibus
1471 267 1601 301 nostris
1629 266 1849 301 commodum

83 329 177 351 1111110
204 329 282 351 0330
308 317 443 362 coepit,
470 317 677 352 solennibus
703 318 791 352 illud
818 320 1021 365 cerimonijs
1047 322 1150 365 pater
1176 320 1406 365 prouincialis
1433 320 1515 354 dum
1541 320 1599 354 1110
1626 322 1723 354 esset
1748 320 1850 354 bene-

85 370 194 411 dixit,
222 373 257 405 et
284 371 375 404 bona
401 370 554 404 fratrum
581 383 665 415 pars
691 372 778 406 illud
805 384 899 406 nunc
925 373 1111 408 inhabitat.
1132 401 1138 407 .
1160 400 1167 407 .
1185 401 1193 418 Δ.
1238 373 1487 418 Superioribus
1518 373 1642 407 diebus
1669 375 1743 407 tres
1769 373 1850 407 hinc

84 424 129 458 ad
156 423 356 467 Collegium
382 424 627 466 germanicum
662 425 780 459 isthuc
815 426 916 460 missi
941 426 1107 467 fuerunt,
1143 438 1292 471 quorum
1319 438 1430 468 vnus,
1467 427 1673 461 Leonardns
1700 427 1851 467 nomine,

83 479 229 511 nostrae
255 477 400 511 scholae
426 477 495 511 fuit
520 477 658 521 aliquot
683 478 865 513 mensibus
892 479 1089 524 discipulus
1107 481 1128 513 ¹.
1149 507 1156 513 .
1177 508 1183 514 .
1205 508 1211 514 .
1247 480 1431 514 Secundus
1458 480 1518 524 qui
1540 480 1659 514 isthuc
1686 480 1852 520 mittitur,

85 530 129 565 ab
155 530 500 573 Ingolstadiensibus
537 534 591 564 est
617 531 824 572 adiunctus,
861 543 906 566 ex
934 533 1063 576 quibus
1099 533 1174 567 eius
1209 533 1346 567 indoles
1382 535 1619 576 cognoscetur
1634 534 1657 567 2.
1708 533 1853 567 Tertius

84 583 226 618 nomine
251 584 462 628 leronymus
496 585 625 618 natura
650 584 827 619 hebraeus
854 588 908 619 est
943 586 1006 620 sed
1041 588 1125 620 ante
1151 586 1434 631 quinquennium
1461 586 1714 621 Francfordiae
1740 586 1853 631 bapti—

85 639 206 679 zatus,
243 637 338 671 Casu
364 637 394 671 is
421 637 465 671 ad
491 649 556 671 nos
582 638 765 682 peruenit,
803 638 891 672 Cum
927 639 1019 673 enim
1048 639 1215 674 Coloniae
1250 651 1270 673 a
1306 640 1460 684 quodam
1488 640 1668 684 baptizato
1696 640 1854 674 Iudaeo³

86 690 270 725 Catholico
296 690 556 731 intellexisset,
592 702 630 725 se
657 691 751 735 apud
779 690 1002 726 Lutheranos
1029 704 1049 726 a
1075 693 1204 737 quibus
1229 693 1434 739 baptizatus
1461 695 1496 727 et
1521 693 1710 727 institutus
1736 693 1854 726 fuerat

85 743 220 778 saluari
245 756 314 778 non
333 755 447 789 posse,
475 744 624 778 Romam
650 744 681 778 is
700 744 899 788 aliquorum
926 757 1036 779 suasu
1054 758 1203 790 pergere
1222 747 1442 788 decreuerat,
1469 748 1510 780 vt
1527 747 1573 780 ibi
1593 746 1853 781 absolutionem

85 797 295 842 impetraret
321 800 357 832 et
381 797 516 832 rectius
541 797 811 838 institueretur,
847 798 999 832 Jnterim
1028 799 1071 832 ad
1106 811 1170 833 nos
1196 800 1380 844 peruenit,
1417 811 1523 843 quem
1550 812 1629 834 cum
1657 800 1768 834 bonae
1795 811 1854 833 vo-

85 850 237 885 luntatis
264 863 343 885 esse
369 862 596 885 cerneremus
623 851 666 885 ad
692 853 837 896 tempus
872 863 952 885 eum
979 852 1144 886 alendum
1181 854 1387 888 curauimus
1413 855 1453 887 vt
1483 853 1621 887 interea
1647 853 1855 896 diligentius

87 916 107 939 a
125 904 228 939 nobis
245 905 466 950 probaretur,
494 907 529 939 et
548 904 742 938 Catholicis
769 904 875 938 simul
894 905 1093 950 disciplinis
1111 906 1340 947 imbueretur,
1368 906 1499 941 Oblata
1518 906 1644 941 deinde
1670 906 1855 941 occasione

86 957 176 999 ista,
213 969 282 1002 qua
308 958 458 992 Romam
485 957 596 1002 aliqui
622 957 876 999 mittebantur,
913 958 1054 992 omnino
1081 959 1224 1003 putauit
1257 963 1359 1004 pater
1389 959 1620 1004 pronincialis
1654 960 1748 994 hunc
1775 958 1856 1004 alijs

87 1010 372 1055 adiungendum,
408 1013 615 1057 propterea,
649 1011 742 1055 quod
768 1011 896 1045 melius
923 1011 1030 1046 isthic
1055 1012 1172 1046 iuuari
1199 1015 1339 1057 posset,
1367 1015 1402 1047 et
1428 1013 1563 1058 optima
1590 1024 1753 1058 quaeque
1778 1024 1855 1057 pro-

87 1064 257 1106 mitteret,
285 1064 444 1109 adeoque
470 1065 656 1100 nobiscum
682 1064 806 1099 viuere
833 1067 984 1110 optaret.

909 1182 1039 1224 308.

736 1272 904 1309 Exeunte
930 1272 1097 1320 Augusto
1123 1272 1208 1309 1561.

210 1359 266 1394 Ex
291 1359 499 1405 apographo
525 1360 639 1405 partis
664 1360 867 1395 litterarum
890 1361 1101 1395 Theodorici
1121 1360 1265 1402 Canisii,
1292 1361 1414 1395 eodem
1440 1361 1514 1394 fere
1540 1363 1701 1405 tempore
1727 1361 1761 1394 in
1789 1361 1858 1395 col-

90 1412 185 1456 legio
211 1413 469 1448 vindobonensi
496 1425 541 1448 ex
567 1415 764 1460 archetypo
783 1415 966 1460 exscripto
985 1417 1019 1449 et
1038 1414 1188 1449 Romam
1206 1415 1327 1449 misso.
1363 1414 1446 1448 Cod.
1471 1414 1532 1456 „G.
1550 1414 1616 1459 Ep.
1636 1414 1688 1447 11“
1711 1414 1735 1448 f.
1755 1414 1859 1448 324³.

215 1492 384 1525 Canisius
411 1492 531 1525 Socios
557 1493 726 1536 quosdam
751 1503 974 1526 monacenses
998 1494 1091 1526 serio
1116 1496 1239 1535 monet,
1266 1504 1308 1524 oze
1334 1493 1374 1525 de
1399 1492 1556 1525 Victoria
1584 1496 1714 1525 rectore
1739 1492 1859 1524 vindo-

92 1545 237 1579 bonensi
262 1547 352 1579 mole
377 1545 582 1589 loquantur.

212 1629 250 1663 P.
275 1630 513 1663 Theodoricus
534 1629 702 1663 Canisius
722 1630 757 1663 S.
777 1630 827 1673 J„
854 1629 991 1672 colleffl'i
1009 1630 1226 1663 monacensis
1244 1633 1368 1671 rector,
1389 1628 1579 1661 Monachm
1598 1630 1630 1661 2.
1650 1627 1862 1670 Septembris

97 1684 188 1716 1561
213 1683 253 1716 P.
281 1684 413 1716 Ioanni
438 1684 479 1716 de
504 1684 662 1716 Victoria
691 1683 725 1717 S.
754 1684 803 1727 J„
830 1683 967 1727 collegyii
991 1684 1257 1716 'vindobonensis
1282 1683 1431 1725 rectori,
1457 1682 1621 1724 scripsit:
1647 1679 1739 1714 Dum
1766 1682 1861 1713 esset

93 1735 151 1769 hio
177 1738 280 1781 pater
305 1736 536 1781 prouincialis
571 1736 665 1770 inter
691 1736 762 1770 alia
792 1735 917 1770 retulit
948 1736 1035 1770 mihi
1062 1748 1131 1780 quo
1157 1738 1261 1780 pacto
1287 1733 1503 1768 Reuerentia
1527 1737 1553 1768 t.
1572 1733 1733 1767 Viennae
1768 1733 1860 1778 apud

94 1800 175 1823 eum
202 1791 399 1834 conquesta
424 1790 473 1824 sit
498 1790 541 1824 de
567 1789 700 1824 nostris
726 1789 910 1831 fratribus,
938 1790 1105 1834 quoniam
1131 1789 1270 1823 soleant
1296 1788 1348 1822 illi
1374 1787 1526 1822 aliorum
1552 1787 1612 1831 qui
1638 1786 1758 1821 isthuc
1783 1798 1862 1831 pro-

93 1842 304 1878 ficiscuntur
338 1843 476 1878 animos
511 1855 531 1878 a
558 1843 754 1878 Viennensi
781 1843 941 1887 Collegio
977 1846 1159 1883 auertere,
1197 1845 1232 1876 et
1257 1842 1377 1876 nescio
1414 1853 1483 1886 quo
1510 1843 1614 1886 pacto
1650 1840 1861 1874 absterrere.

93 1896 289 1931 Peccatum
316 1909 396 1931 esse
422 1897 458 1931 in
483 1896 551 1932 hac
577 1899 680 1942 parte
707 1909 727 1931 3
752 1897 886 1931 nostris
913 1896 1105 1941 aliquando
1131 1908 1201 1930 non
1227 1907 1283 1929 me
1309 1895 1422 1938 fugit,
1460 1922 1466 1928 .
1487 1922 1493 1928 .
1515 1921 1522 1928 .
1555 1894 1728 1928 acerrime
1755 1893 1863 1927 etiam

93 1953 284 1994 propterea
317 1962 387 1984 non
422 1950 534 1985 semel
569 1962 589 1985 a
624 1962 701 1990 1110,
740 1952 776 1984 et
810 1950 882 1984 iam
917 1952 1097 1995 postremo
1133 1961 1152 1983 a
1187 1961 1219 1994 p.
1256 1948 1466 1993 prouinciali
1500 1951 1586 1982 sunt
1620 1947 1860 1992 repraehensi.

95 2003 218 2038 Solent
243 2005 374 2046 autem,
400 2004 521 2038 nescio
549 2016 656 2049 quam
682 2004 862 2038 insolitam
889 2004 926 2038 in
952 2003 1167 2038 Reuerentia
1193 2005 1217 2037 t.
1238 2002 1499 2041 austeritatem,
1526 2003 1562 2035 et
1587 2001 1622 2035 in
1649 2000 1863 2045 suspicando

93 2057 380 2099 vehementiam,
415 2058 650 2092 tenacitatem
676 2058 784 2092 etiam
810 2058 978 2099 nimiam,
1005 2059 1083 2091 tum
1108 2057 1144 2091 in
1170 2056 1327 2097 alendis,
1363 2058 1438 2089 tum
1466 2054 1664 2088 vestiendis
1689 2053 1864 2088 fratribus

94 2111 251 2145 maxime
277 2111 486 2156 peregrinis.
514 2123 704 2153 accusare,
732 2114 768 2146 et
793 2112 868 2146 suis
895 2111 1177 2145 detractionibus
1207 2110 1253 2154 (si
1278 2112 1399 2143 tamen
1424 2108 1475 2142 ita
1500 2109 1585 2143 sunt
1611 2106 1860 2153 appellandae)

96 2166 318 2209 praetexere.
1322 2169 1324 2171 ’

216 2218 382 2253 Ceterum
417 2219 494 2264 ipse
522 2218 687 2253 Canisius
722 2230 855 2262 negare
881 2219 945 2252 vix
977 2220 1137 2263 poterat,
1174 2216 1295 2251 Socios
1327 2215 1611 2249 vindobonenses
1646 2225 1666 2248 a
1692 2213 1863 2253 Victoria,

96 2272 175 2306 viro
202 2272 411 2316 ceteroquin
438 2273 571 2318 optime
598 2272 737 2314 merito,
765 2272 888 2306 durius
914 2272 1057 2312 haberi;
1084 2271 1166 2305 vide
1192 2281 1301 2315 supra
1326 2281 1359 2314 p.
1388 2269 1467 2303 224.
1495 2269 1574 2302 254.
1601 2268 1681 2302 255.

917 2395 1048 2436 309.

726 2484 845 2521 Mense
871 2482 1061 2523 Decembri
1087 2493 1119 2519 a.
1146 2481 1231 2518 1561.

218 2567 273 2602 Ex
304 2568 515 2602 Theodoricz?
542 2568 684 2602 0011173ἱί
708 2567 841 2603 litteris
868 2566 1111 2612 autographis.
1164 2565 1247 2600 Cod.
1279 2563 1340 2607 ,Gn
1368 2565 1432 2610 Ep.
1460 2564 1511 2598 11“
1542 2564 1567 2598 f.
1595 2563 1694 2598 242³.

222 2702 233 2723 ¹
259 2702 299 2736 In
325 2701 576 2746 antiquissimo
603 2701 746 2746 collegii
771 2701 969 2746 germanici
996 2701 1012 2719 ”⁶
1028 2701 1193 2743 Cataloyo
1218 2701 1382 2733 notatum
1409 2700 1474 2738 est,
1501 2697 1745 2740 „Leonardum
1763 2696 1867 2740 Agri-

101 2755 216 2790 colam
241 2754 529 2799 Frisingensem“
560 2756 592 2790 4.
621 2755 787 2790 Octobris
816 2756 903 2791 1561
932 2755 968 2789 in
995 2754 1185 2798 collegium
1211 2754 1396 2797 receptum
1423 2763 1501 2786 esse
1530 2750 1630 2794 (Cod.
1657 2762 1743 2784 rom.
1776 2749 1866 2793 „All.

102 2809 181 2844 coll.
209 2808 350 2843 Germ.“
381 2821 416 2854 p.
444 2809 516 2852 15).

221 2862 235 2882 ‘⁸’
264 2861 581 2907 „Christophorum
606 2862 848 2907 Rastperger“
891 2860 1182 2904 „Brixinensew
1223 2858 1294 2901 (23.
1321 2857 1535 2892 Novembris
1563 2857 1652 2891 1561
1688 2856 1725 2890 in
1763 2855 1867 2890 colle-

102 2916 201 2960 gium
226 2915 426 2960 receptum)
455 2915 655 2960 significari
680 2927 725 2950 ex
748 2916 871 2950 eodem
891 2916 907 2932 *
923 2915 1087 2957 Catalozqo
1109 2913 1147 2957 (l.
1166 2924 1195 2947 c.
1214 2924 1247 2957 p.
1270 2911 1327 2955 16)
1357 2913 1393 2945 et
1419 2923 1465 2945 ex
1491 2910 1650 2944 *litteris
1668 2909 1707 2944 P.
1727 2911 1869 2944 Ne'colac'

103 2970 257 3014 Lanoii,
291 2968 442 3003 rectoris
466 2969 781 3012 ingolstadiensis,
816 2968 1005 3003 Monachio
1031 2968 1087 3002 27.
1114 2965 1272 3010 Augusti
1301 2965 1388 2999 1561
1425 2964 1471 2998 ad
1496 2963 1738 2998 Salineronem
1774 2963 1868 2997 datis

105 3022 206 3067 (Cod.
238 3021 299 3065 „G.
326 3022 391 3067 Ep.
418 3022 470 3056 11²
499 3022 524 3056 f.
552 3021 658 3067 234³)
685 3022 921 3065 intellegitur.

224 3076 237 3097 ³
262 3076 393 3110 Ioanne
419 3075 539 3121 Isaak‚
564 3075 754 3110 hebraicae
779 3075 925 3119 linguae
943 3074 979 3108 in
997 3085 1038 3108 03
1055 3071 1292 3107 universitate
1311 3070 1542 3116 professore?
1577 3069 1630 3105 Cf.
1650 3071 1718 3104 Ios.
1734 3070 1868 3103 -Hartz-

103 3130 196 3163 heim
221 3128 255 3164 S.
283 3129 328 3171 J„
355 3128 578 3164 Bibliotheca
605 3128 829 3164 Coloniensis
858 3127 1042 3173 (Coloniae
1071 3125 1177 3170 1747)
1206 3137 1238 3170 p.
1268 3123 1464 3159 182-183.
