2093 3444
677 166 846 200 Tridento
876 167 929 201 17.
957 166 1042 200 Maii
1072 167 1173 201 1562.
1728 171 1813 211 443

42 287 85 327 01
117 283 215 337 alijs
247 283 425 337 suggeri
465 298 592 338 posse
626 284 878 334 uideantur,
921 287 1069 327 tamen
1102 300 1198 327 cum
1237 288 1411 340 praeter
1444 287 1495 328 D.
1530 287 1814 329 Couillonium

41 349 128 392 sint
161 349 232 402 alij
266 349 494 391 Doctiores
528 363 634 402 quos
668 349 779 400 dixi,
823 364 846 391 e
879 350 1038 391 nostris
1071 364 1175 392 mox
1207 351 1422 405 adfuturj,
1460 365 1642 404 cumque
1676 353 1815 395 Theo-

40 415 236 467 logorum
270 428 474 456 numerus
506 414 575 455 hic
609 414 798 469 ampliss.
833 415 1098 468 reperiatur,
1134 415 1296 458 rectius
1329 416 1422 458 fore
1455 417 1705 467 arbitrarer,
1740 418 1816 459 ab-

41 480 183 522 soluto
224 493 393 530 mense,
437 493 520 532 quo
562 494 630 520 me
672 480 809 522 uoluit
850 480 1090 522 Cardinalis
1129 480 1415 523 Warmiensis
1457 481 1525 523 hic
1566 482 1816 533 subsistere,

43 544 333 599 Oenipontum
367 545 543 599 reuertj,
578 558 628 586 ac
657 544 756 586 inde
779 544 993 587 Viennam
1017 548 1061 587 et
1083 546 1271 600 Pragam
1304 547 1359 588 ad
1381 546 1543 589 fratres
1575 547 1816 590 uisitandos

40 610 267 666 proficiscj.
311 609 491 651 Nullum
524 610 637 651 enim
670 611 770 664 annj
794 612 967 664 tempus
1000 611 1054 652 ad
1076 611 1201 652 huius
1234 612 1347 653 modi
1372 611 1666 655 uisitationem
1700 627 1815 655 com-

41 675 209 717 modius
251 678 485 729 expectare
527 689 725 729 possum,
768 675 851 716 nisi
891 675 1006 718 forte
1047 676 1208 718 iudicet
1240 677 1290 719 R.
1326 678 1372 720 T.
1408 677 1511 719 mihi
1551 678 1816 720 redeundum

40 740 310 794 Augustam,
354 740 426 782 ubi
464 740 514 782 R.
548 740 595 783 P.
629 740 804 782 Natalis
846 740 1082 783 aduentum
1125 745 1376 795 expectem,
1421 746 1468 785 ut
1510 757 1606 784 cum
1647 743 1720 785 1110
1763 744 1816 785 011

42 806 234 860 Collegia
274 805 493 848 uisitanda
534 805 698 848 mittar.
765 805 969 859 Alioquin
1011 809 1251 859 prestaret,
1295 807 1337 848 ni
1379 808 1528 859 fallor,
1572 808 1817 862 Augustam

41 886 127 914 non
159 874 371 926 repetere,
406 870 487 913 nisi
521 870 720 913 confecta
752 870 937 925 primum
971 871 1242 922 uisitatione,
1282 872 1333 914 de
1368 887 1452 926 qua
1485 873 1659 928 scripsit
1690 874 1817 916 modo

43 937 97 979 ad
139 937 377 979 Canonicos
419 936 658 978 Cardinalis
702 937 1028 989 Augustanus1.
1100 938 1162 978 Ac
1205 938 1257 979 de
1299 938 1379 980 1100
1422 938 1592 992 quidem
1633 939 1818 993 primum

43 1003 285 1057 expectabo
320 1016 576 1056 responsum
609 1001 818 1044 Tridenti.

162 1067 329 1109 Deinde
373 1081 458 1108 non
502 1081 677 1121 possum
723 1066 921 1119 equidem
969 1082 1053 1108 non
1102 1081 1197 1109 esse
1242 1068 1453 1111 sollicitus
1499 1069 1551 1111 de
1595 1069 1819 1112 mittendis

44 1132 334 1187 Oenipontum
366 1131 684 1187 professoribus
717 1134 762 1173 et
784 1132 971 1174 Hectore
1002 1132 1110 1186 ipso,
1144 1135 1193 1175 ut
1225 1133 1311 1174 iam
1333 1135 1467 1175 semel
1497 1137 1629 1187 atque
1660 1135 1819 1177 iterum

44 1199 187 1253 monuj
222 1212 273 1240 00
305 1197 471 1251 rogauj.
536 1197 658 1246 Quod
691 1196 772 1239 nisi
806 1198 902 1247 fiat,
945 1211 1031 1239 non
1063 1197 1187 1240 uideo
1221 1212 1348 1249 sane,
1389 1200 1601 1252 quomodo
1634 1200 1696 1241 illi
1730 1201 1818 1242 001-

42 1264 157 1318 legio
190 1263 248 1307 sit
279 1264 389 1305 bene
421 1265 720 1317 prospectum,
765 1265 808 1305 et
840 1277 918 1304 nos
960 1266 1060 1317 post
1093 1277 1244 1305 aurum
1283 1264 1576 1308 desideratum
1609 1265 1819 1308 carbones

45 1330 231 1381 adferre,
263 1330 484 1382 bonosque
516 1343 542 1370 a
574 1328 697 1370 nobis
731 1328 896 1370 animos
929 1329 1120 1370 alienare
1153 1329 1404 1380 uidebimur,
1440 1331 1552 1383 quod
1585 1344 1666 1384 ego
1701 1333 1819 1374 certe

46 1395 183 1438 modis
217 1394 413 1437 omnibus
445 1394 793 1448 praecauendum
826 1396 944 1448 puto.

164 1461 265 1503 Non
298 1460 515 1502 excusabo
558 1459 673 1513 quod
713 1459 856 1501 isthuc
890 1461 913 1500 5
947 1459 1190 1501 miserimus
1228 1460 1478 1514 priusquam
1511 1475 1567 1502 ex
1599 1461 1717 1503 Vrbe
1749 1475 1818 1503 re-

46 1541 251 1582 sponsum
285 1526 337 1567 de
368 1525 454 1567 illis
485 1524 710 1567 mittendis
733 1524 1061 1579 accepissemus.
1106 1525 1227 1575 Quod
1259 1526 1424 1567 factum
1449 1526 1682 1581 condonarj
1716 1526 1819 1568 mihi

46 1592 194 1643 uelim,
228 1590 457 1646 presertim
492 1590 605 1644 quod
638 1589 1025 1644 (1111151011110101112
1057 1593 1101 1632 01
1132 1590 1392 1633 Nicolaum3
1424 1591 1647 1634 Romanae
1679 1592 1819 1645 magis

48 1672 176 1712 quam
212 1655 495 1700 Germanicae
527 1655 766 1698 medicinae
799 1655 976 1710 cupidos
1009 1658 1080 1698 eta
1121 1659 1300 1709 egentes
1332 1656 1636 1700 remiserimus.
1700 1657 1820 1699 Nihil

48 1726 194 1766 autem
227 1721 310 1765 fuit
342 1724 472 1764 antea
504 1721 627 1764 nobis
661 1721 713 1763 de
745 1721 927 1763 Nicolao
966 1721 1277 1775 perscriptum,
1321 1736 1406 1775 qua
1445 1722 1615 1764 ratione
1656 1723 1710 1764 ad
1742 1737 1820 1765 nos

48 1789 308 1832 mitteretur.
383 1787 616 1842 Speramus
661 1788 685 1828 5
732 1786 1006 1841 supradictos
1052 1786 1096 1828 in
1140 1786 1321 1829 Jtaliam
1367 1787 1512 1829 saluos
1556 1787 1819 1842 peruenisse,

48 1867 187 1907 neque
218 1852 442 1895 mittemus
474 1852 657 1906 posthac
689 1851 771 1893 nisi
803 1851 1051 1906 potestateb
1083 1851 1267 1906 primum
1300 1854 1494 1906 accepta.

168 1918 289 1968 Quod
321 1918 376 1960 ad
402 1917 638 1960 Concilium
671 1918 844 1968 attinet,
879 1919 1064 1971 augetur
1096 1917 1139 1958 in
1172 1931 1221 1959 eo
1254 1917 1392 1959 indies
1424 1917 1564 1972 magis
1597 1933 1647 1960 00
1680 1918 1820 1972 magis

48 1989 253 2026 numerus
275 1983 588 2038 Episcoporum
621 1986 665 2026 et
698 1983 1028 2036 Theologorum.
1074 1983 1157 2025 Sed
1180 1997 1264 2025 non
1295 1983 1493 2025 uenietur
1525 1986 1627 2026 ante
1658 1984 1821 2026 hebdo-

48 2049 225 2092 madasc
256 2051 347 2091 tres
379 2049 435 2091 ad
466 2048 662 2103 publicas
695 2048 1013 2103 disputationes
1029 2050 1058 2091 4.
1109 2048 1265 2090 Grauis
1298 2051 1364 2091 est
1389 2048 1564 2091 interim
1596 2052 1640 2091 et
1673 2050 1821 2092 odiosa

48 2115 164 2158 inter
194 2115 387 2169 prelatos
410 2115 674 2157 conflictatio
699 2115 750 2156 de
772 2114 1010 2156 residentia
1032 2114 1340 2168 praelatorum,
1374 2114 1487 2156 sitne
1508 2114 1613 2156 iuris
1646 2114 1777 2169 diuinj
1791 2116 1820 2158 5.

50 2179 143 2230 Qua
185 2181 237 2222 de
278 2194 325 2222 re
365 2179 722 2235 pronunciabitur
761 2179 805 2221 in
846 2179 1046 2233 proxima
1087 2178 1278 2221 sessione
1319 2181 1345 2220 4
1383 2179 1500 2234 Junij
1519 2181 1546 2223 ⁶.
1615 2180 1823 2222 Nonnulli

170 2331 184 2346 a
210 2325 242 2359 ei
268 2326 312 2359 Α.
411 2325 426 2345 ¹³
452 2326 667 2369 potestatem
696 2325 741 2358 Α.
839 2330 850 2343 ⁰
876 2322 1110 2357 hebdomatas
1136 2324 1194 2365 .4,·
1219 2305 1502 2358 hebdomadatas
1528 2326 1568 2357 B.

175 2461 185 2481 ¹
211 2460 264 2494 De
300 2460 367 2494 hac
405 2459 561 2505 epistula
596 2460 708 2493 Roma
735 2459 790 2493 25.
819 2458 952 2503 Aprilis
981 2458 1070 2491 1562
1099 2458 1142 2492 ad
1174 2458 1370 2503 capitulum
1397 2458 1602 2493 cathedrale
1631 2460 1714 2494 data
1741 2460 1822 2494 vide

53 2525 162 2558 supra
188 2525 221 2559 p.
248 2513 317 2548 418
345 2515 380 2547 et
405 2513 510 2555 infra,
537 2525 692 2547 monum.
721 2512 800 2546 281.

172 2567 186 2588 ²
211 2567 401 2601 Lindauer.
500 2567 513 2586 ³
540 2566 812 2606 Schrickerum;
838 2565 920 2599 vide
946 2576 1057 2610 supra
1082 2577 1115 2609 p.
1141 2564 1222 2599 418.

172 2622 185 2640 4
211 2620 382 2654 Proxima
412 2620 683 2664 „congregatio“
714 2619 962 2662 theologorum
993 2618 1207 2661 „minorum“
1238 2618 1316 2652 sive
1348 2630 1479 2661 eorum,
1507 2619 1568 2663 qui
1586 2619 1642 2654 ius
1660 2620 1822 2663 suffragii

53 2674 189 2708 ferendi
217 2674 253 2708 in
279 2674 428 2708 concilio
454 2685 525 2708 non
550 2673 749 2713 habebant,
789 2672 922 2716 quique
949 2672 992 2705 de
1022 2671 1223 2714 „articulis“
1255 2671 1299 2705 ad
1325 2671 1408 2706 fidei
1435 2673 1605 2716 dogmata
1630 2673 1823 2717 spectanti-

53 2728 140 2765 bus,
177 2730 370 2772 antequam
405 2727 429 2761 ii
465 2727 510 2761 ad
545 2726 862 2770 congregationem
902 2724 1148 2769 „generalem“
1178 2727 1321 2770 patrum
1356 2725 1497 2759 concilii
1523 2727 1762 2768 referrentur,
1788 2726 1824 2761 in

53 2781 196 2826 publico
223 2781 401 2815 disserere
423 2781 588 2815 solebant
617 2781 865 2823 (Mctssarellns
892 2781 927 2813 et
944 2780 1123 2812 Paleottus
1148 2779 1243 2823 apud
1261 2778 1416 2812 Theiner
1434 2779 1455 2813 1.
1477 2790 1504 2813 0.
1532 2780 1557 2821 Ι,
1586 2780 1626 2820 9;
1653 2779 1697 2821 Π,
1725 2780 1822 2824 531),

57 2835 110 2869 10.
138 2834 230 2868 Ιο1111
258 2835 348 2869 1562
374 2834 497 2868 habita
524 2846 603 2868 esse
630 2833 774 2867 videtur
802 2832 976 2876 (Theiner
1002 2832 1023 2866 l.
1052 2843 1082 2866 c.
1110 2832 1152 2873 H,
1181 2833 1228 2874 7).

176 2889 189 2908 5
213 2887 266 2922 De
293 2888 510 2932 gravissima
536 2887 604 2921 hac
630 2885 876 2921 controversia
910 2885 1024 2919 multa
1057 2887 1229 2919 notarunt
1255 2885 1290 2918 in
1321 2885 1483 2927 „diariis“
1524 2886 1601 2920 sive
1628 2886 1720 2920 actis
1746 2898 1825 2921 con-

56 2941 128 2976 cilii
155 2942 389 2975 Massaremcs
417 2941 600 2985 (Theiner,
627 2940 720 2973 Acta
746 2938 902 2982 genuina
928 2940 950 2981 I,
978 2939 1195 2981 696—712),
1224 2939 1411 2982 Philippus
1437 2940 1585 2973 Mzcsottz'
1612 2939 1664 2983 (J.
1692 2952 1719 2974 v.
1740 2941 1826 2974 Do'l-

57 2996 183 3039 linyer,
209 2994 467 3038 Ungedruckte
486 2992 653 3028 Berichte
678 2992 750 3026 und
777 2992 1012 3035 Tagebiicher
1037 3004 1100 3026 zur
1119 2991 1336 3026 Geschichte
1363 2993 1425 3026 des
1445 2991 1587 3026 Concils
1614 3004 1684 3027 von
1702 2993 1826 3028 Trient

56 3047 90 3082 H
119 3047 353 3092 [Nordlingen
382 3047 503 3091 1876],
542 3046 714 3089 10—21),
752 3045 822 3080 alii.
874 3046 964 3079 Vide
992 3045 1100 3079 etiam
1127 3046 1387 3079 Pallcwe'cinmn
1415 3045 1436 3079 l.
1465 3057 1494 3080 0.
1521 3045 1544 3080 l.
1575 3046 1627 3087 16,
1655 3058 1684 3081 c.
1711 3048 1822 3087 4—9;

56 3100 79 3135 l.
109 3102 163 3143 17,
191 3113 220 3136 0.
248 3102 268 3135 2
295 3103 331 3136 et
356 3101 587 3145 Raynaldmn
613 3099 635 3133 l.
664 3111 692 3133 0.
719 3099 755 3133 111
782 3110 812 3133 a.
843 3099 943 3140 1562,
971 3111 1004 3133 11.
1030 3099 1088 3133 41.
1118 3099 1194 3133 121.
1226 3098 1301 3133 122.

178 3155 190 3175 ‘³
216 3154 316 3189 Tunc
342 3165 483 3198 quoque
509 3165 550 3187 ea
575 3152 818 3197 pronuntiatio
846 3155 1038 3197 prorogata
1065 3154 1130 3186 est.
