<?xml version="1.0" encoding="UTF-8"?>
<!DOCTYPE html PUBLIC "-//W3C//DTD XHTML 1.0 Transitional//EN"
    "http://www.w3.org/TR/xhtml1/DTD/xhtml1-transitional.dtd">
<html xmlns="http://www.w3.org/1999/xhtml" xml:lang="en" lang="en">
 <head>
  <title>
</title>
<meta http-equiv="Content-Type" content="text/html;charset=utf-8" />
  <meta name='ocr-system' content='tesseract 3.04.00' />
  <meta name='ocr-capabilities' content='ocr_page ocr_carea ocr_par ocr_line ocrx_word'/>
</head>
<body>
  <div class='ocr_page' id='page_1' title='image "beatipetricanisi03cani_0222.png"; bbox 0 0 2093 3444; ppageno 0'>
   <div class='ocr_carea' id='block_1_1' title="bbox 240 167 1711 216">
    <p class='ocr_par' dir='ltr' id='par_1_1' title="bbox 240 167 1711 216">
     <span class='ocr_line' id='line_1_1' title="bbox 240 167 1711 216; baseline -0.002 -10"><span class='ocrx_word' id='word_1_1' title='bbox 240 176 322 216; x_wconf 78' lang='lat'>146</span> <span class='ocrx_word' id='word_1_2' title='bbox 532 171 612 206; x_wconf 83' lang='lat'>557.</span> <span class='ocrx_word' id='word_1_3' title='bbox 648 171 798 205; x_wconf 86' lang='lat' dir='ltr'>Ioannes</span> <span class='ocrx_word' id='word_1_4' title='bbox 825 170 867 204; x_wconf 85' lang='lat' dir='ltr'>de</span> <span class='ocrx_word' id='word_1_5' title='bbox 893 169 1050 204; x_wconf 84' lang='lat' dir='ltr'>Polanco</span> <span class='ocrx_word' id='word_1_6' title='bbox 1076 167 1230 203; x_wconf 76' lang='lat' dir='ltr'>canisio.</span> <span class='ocrx_word' id='word_1_7' title='bbox 1273 167 1387 202; x_wconf 85' lang='lat' dir='ltr'>Roma</span> <span class='ocrx_word' id='word_1_8' title='bbox 1414 169 1468 203; x_wconf 83' lang='lat'>17.</span> <span class='ocrx_word' id='word_1_9' title='bbox 1495 169 1581 203; x_wconf 83' lang='lat' dir='ltr'>Maii</span> <span class='ocrx_word' id='word_1_10' title='bbox 1610 169 1711 203; x_wconf 84' lang='lat'>1561.</span> 
     </span>
    </p>
   </div>
   <div class='ocr_carea' id='block_1_2' title="bbox 650 286 1593 436">
    <p class='ocr_par' dir='ltr' id='par_1_2' title="bbox 650 286 1593 436">
     <span class='ocr_line' id='line_1_2' title="bbox 1054 286 1185 329; baseline -0.008 0"><span class='ocrx_word' id='word_1_11' title='bbox 1054 286 1185 329; x_wconf 76' lang='lat'><strong>557.</strong></span> 
     </span>
     <span class='ocr_line' id='line_1_3' title="bbox 650 382 1593 436; baseline -0.001 -10"><span class='ocrx_word' id='word_1_12' title='bbox 650 385 715 426; x_wconf 90' lang='lat' dir='ltr'>P.</span> <span class='ocrx_word' id='word_1_13' title='bbox 747 384 1068 428; x_wconf 75' lang='lat' dir='ltr'><strong>IOANNES</strong></span> <span class='ocrx_word' id='word_1_14' title='bbox 1100 384 1199 426; x_wconf 77' lang='lat' dir='ltr'>DE</span> <span class='ocrx_word' id='word_1_15' title='bbox 1232 382 1593 436; x_wconf 74' lang='lat' dir='ltr'><strong>POLANOO,</strong></span> 
     </span>
    </p>
   </div>
   <div class='ocr_carea' id='block_1_3' title="bbox 845 465 1400 507">
    <p class='ocr_par' dir='ltr' id='par_1_3' title="bbox 845 465 1400 507">
     <span class='ocr_line' id='line_1_4' title="bbox 845 465 1400 507; baseline 0 -8"><span class='ocrx_word' id='word_1_16' title='bbox 845 465 1064 500; x_wconf 77' lang='lat' dir='ltr'>secretarius</span> <span class='ocrx_word' id='word_1_17' title='bbox 1090 465 1282 500; x_wconf 79' lang='lat' dir='ltr'>Societatis</span> <span class='ocrx_word' id='word_1_18' title='bbox 1308 466 1400 507; x_wconf 88' lang='lat' dir='ltr'>Iesu,</span> 
     </span>
    </p>
   </div>
   <div class='ocr_carea' id='block_1_4' title="bbox 578 553 1651 609">
    <p class='ocr_par' dir='ltr' id='par_1_4' title="bbox 578 553 1651 609">
     <span class='ocr_line' id='line_1_5' title="bbox 578 553 1651 609; baseline -0.001 -13"><span class='ocrx_word' id='word_1_19' title='bbox 578 555 750 597; x_wconf 89' lang='lat' dir='ltr'>nomine</span> <span class='ocrx_word' id='word_1_20' title='bbox 782 555 929 597; x_wconf 84' lang='grc'><strong>1300111</strong></span> <span class='ocrx_word' id='word_1_21' title='bbox 961 554 1114 605; x_wconf 81' lang='lat' dir='ltr'>Lainii,</span> <span class='ocrx_word' id='word_1_22' title='bbox 1148 553 1389 609; x_wconf 75' lang='lat' dir='ltr'>praepositi</span> <span class='ocrx_word' id='word_1_23' title='bbox 1421 553 1651 606; x_wconf 78' lang='lat' dir='ltr'>generalis,</span> 
     </span>
    </p>
   </div>
   <div class='ocr_carea' id='block_1_5' title="bbox 916 655 1323 800">
    <p class='ocr_par' dir='ltr' id='par_1_5' title="bbox 916 655 1323 800">
     <span class='ocr_line' id='line_1_6' title="bbox 983 655 1257 703; baseline -0.004 0"><span class='ocrx_word' id='word_1_24' title='bbox 983 655 1257 703; x_wconf 80' lang='lat' dir='ltr'><strong>CANISIO.</strong></span> 
     </span>
     <span class='ocr_line' id='line_1_7' title="bbox 916 762 1323 800; baseline -0.002 -1"><span class='ocrx_word' id='word_1_25' title='bbox 916 763 1029 800; x_wconf 83' lang='lat' dir='ltr'>Roma</span> <span class='ocrx_word' id='word_1_26' title='bbox 1055 763 1100 799; x_wconf 80' lang='grc'>17.</span> <span class='ocrx_word' id='word_1_27' title='bbox 1128 762 1211 799; x_wconf 79' lang='lat' dir='ltr'>Maii</span> <span class='ocrx_word' id='word_1_28' title='bbox 1237 762 1323 799; x_wconf 86' lang='lat'>1561.</span> 
     </span>
    </p>
   </div>
   <div class='ocr_carea' id='block_1_6' title="bbox 238 847 2007 950">
    <p class='ocr_par' dir='ltr' id='par_1_6' title="bbox 238 847 2007 950">
     <span class='ocr_line' id='line_1_8' title="bbox 355 847 2007 897; baseline -0.002 -11"><span class='ocrx_word' id='word_1_29' title='bbox 355 853 410 887; x_wconf 83' lang='lat' dir='ltr'>Ex</span> <span class='ocrx_word' id='word_1_30' title='bbox 437 850 645 897; x_wconf 83' lang='lat' dir='ltr'>apographo</span> <span class='ocrx_word' id='word_1_31' title='bbox 673 851 832 885; x_wconf 83' lang='lat' dir='ltr'>ciusdem</span> <span class='ocrx_word' id='word_1_32' title='bbox 858 849 1051 895; x_wconf 87' lang='lat' dir='ltr'>temporis;</span> <span class='ocrx_word' id='word_1_33' title='bbox 1079 849 1113 883; x_wconf 88' lang='lat' dir='ltr'>in</span> <span class='ocrx_word' id='word_1_34' title='bbox 1140 849 1322 891; x_wconf 76' lang='lat' dir='ltr'>margine:</span> <span class='ocrx_word' id='word_1_35' title='bbox 1354 848 1540 891; x_wconf 84' lang='lat' dir='ltr'>„Augusta</span> <span class='ocrx_word' id='word_1_36' title='bbox 1558 848 1674 882; x_wconf 83' lang='lat' dir='ltr'>Padre</span> <span class='ocrx_word' id='word_1_37' title='bbox 1694 847 1871 883; x_wconf 82' lang='lat' dir='ltr'>Canisio“.</span> <span class='ocrx_word' id='word_1_38' title='bbox 1923 847 2007 884; x_wconf 89' lang='lat' dir='ltr'>Cod.</span> 
     </span>
     <span class='ocr_line' id='line_1_9' title="bbox 238 905 705 950; baseline -0.009 -8"><span class='ocrx_word' id='word_1_39' title='bbox 238 907 378 950; x_wconf 74' lang='lat' dir='ltr'>„Germ</span> <span class='ocrx_word' id='word_1_40' title='bbox 410 906 520 940; x_wconf 77' lang='lat'>1559“</span> <span class='ocrx_word' id='word_1_41' title='bbox 550 906 574 939; x_wconf 85' lang='lat' dir='ltr'>f.</span> <span class='ocrx_word' id='word_1_42' title='bbox 604 905 705 939; x_wconf 73' lang='lat'><strong>335³.</strong></span> 
     </span>
    </p>
   </div>
   <div class='ocr_carea' id='block_1_7' title="bbox 236 980 2007 1083">
    <p class='ocr_par' dir='ltr' id='par_1_7' title="bbox 236 980 2007 1083">
     <span class='ocr_line' id='line_1_10' title="bbox 353 980 2007 1024; baseline -0.003 -7"><span class='ocrx_word' id='word_1_43' title='bbox 353 987 393 1018; x_wconf 83' lang='lat' dir='ltr'>P.</span> <span class='ocrx_word' id='word_1_44' title='bbox 417 983 627 1017; x_wconf 69' lang='lat' dir='ltr'>Theodorici</span> <span class='ocrx_word' id='word_1_45' title='bbox 648 982 787 1016; x_wconf 71' lang='lat' dir='ltr'>Ccmisii</span> <span class='ocrx_word' id='word_1_46' title='bbox 805 982 896 1015; x_wconf 73' lang='lat' dir='ltr'>bona</span> <span class='ocrx_word' id='word_1_47' title='bbox 915 985 944 1014; x_wconf 79' lang='lat' dir='ltr'>et</span> <span class='ocrx_word' id='word_1_48' title='bbox 956 981 1148 1024; x_wconf 69' lang='lat' dir='ltr'>professio.</span> <span class='ocrx_word' id='word_1_49' title='bbox 1188 980 1328 1013; x_wconf 58' lang='lat' dir='ltr'>Canis&amp;</span> <span class='ocrx_word' id='word_1_50' title='bbox 1346 980 1488 1022; x_wconf 67' lang='lat' dir='ltr'>eolleyicc</span> <span class='ocrx_word' id='word_1_51' title='bbox 1515 980 1697 1013; x_wconf 73' lang='lat' dir='ltr'>visitaturi</span> <span class='ocrx_word' id='word_1_52' title='bbox 1723 990 1842 1013; x_wconf 80' lang='lat' dir='ltr'>comes.</span> <span class='ocrx_word' id='word_1_53' title='bbox 1878 980 2007 1013; x_wconf 81' lang='lat' dir='ltr'>Ultima</span> 
     </span>
     <span class='ocr_line' id='line_1_11' title="bbox 236 1039 579 1083; baseline -0.012 -10"><span class='ocrx_word' id='word_1_54' title='bbox 236 1039 462 1083; x_wconf 72' lang='lat' dir='ltr'>quorundam</span> <span class='ocrx_word' id='word_1_55' title='bbox 493 1040 579 1070; x_wconf 74' lang='lat' dir='ltr'>rota.</span> 
     </span>
    </p>
   </div>
   <div class='ocr_carea' id='block_1_8' title="bbox 233 1120 2009 2100">
    <p class='ocr_par' dir='ltr' id='par_1_8' title="bbox 233 1120 2008 1430">
     <span class='ocr_line' id='line_1_12' title="bbox 352 1120 2007 1176; baseline -0.003 -9"><span class='ocrx_word' id='word_1_56' title='bbox 352 1126 630 1168; x_wconf 85' lang='lat' dir='ltr'>Riceuemmo</span> <span class='ocrx_word' id='word_1_57' title='bbox 655 1123 799 1176; x_wconf 83' lang='lat' dir='ltr'>quella</span> <span class='ocrx_word' id='word_1_58' title='bbox 822 1122 863 1163; x_wconf 90' lang='lat' dir='ltr'>di</span> <span class='ocrx_word' id='word_1_59' title='bbox 886 1122 938 1164; x_wconf 80' lang='lat' dir='ltr'>V.</span> <span class='ocrx_word' id='word_1_60' title='bbox 963 1121 1228 1163; x_wconf 85' lang='lat' dir='ltr'>Reuerentia</span> <span class='ocrx_word' id='word_1_61' title='bbox 1252 1120 1293 1162; x_wconf 85' lang='lat' dir='ltr'>di</span> <span class='ocrx_word' id='word_1_62' title='bbox 1324 1123 1377 1164; x_wconf 92' lang='lat'>.3.</span> <span class='ocrx_word' id='word_1_63' title='bbox 1404 1120 1472 1162; x_wconf 90' lang='lat' dir='ltr'>del</span> <span class='ocrx_word' id='word_1_64' title='bbox 1495 1122 1698 1174; x_wconf 78' lang='lat' dir='ltr'>presente</span> <span class='ocrx_word' id='word_1_65' title='bbox 1733 1136 1741 1162; x_wconf 94' lang='lat'>:</span> <span class='ocrx_word' id='word_1_66' title='bbox 1776 1123 1820 1162; x_wconf 91' lang='lat' dir='ltr'>et</span> <span class='ocrx_word' id='word_1_67' title='bbox 1853 1123 2007 1174; x_wconf 85' lang='lat' dir='ltr'>aparte</span> 
     </span>
     <span class='ocr_line' id='line_1_13' title="bbox 234 1185 2005 1244; baseline -0.003 -10"><span class='ocrx_word' id='word_1_68' title='bbox 234 1192 274 1234; x_wconf 90' lang='lat' dir='ltr'>di</span> <span class='ocrx_word' id='word_1_69' title='bbox 309 1205 407 1233; x_wconf 85' lang='lat' dir='ltr'>essa</span> <span class='ocrx_word' id='word_1_70' title='bbox 439 1190 475 1232; x_wconf 88' lang='lat' dir='ltr'>si</span> <span class='ocrx_word' id='word_1_71' title='bbox 498 1189 752 1244; x_wconf 82' lang='lat' dir='ltr'>rispondera</span> <span class='ocrx_word' id='word_1_72' title='bbox 775 1188 942 1237; x_wconf 82' lang='lat' dir='ltr'>adesso,</span> <span class='ocrx_word' id='word_1_73' title='bbox 978 1189 1021 1229; x_wconf 91' lang='lat' dir='ltr'>et</span> <span class='ocrx_word' id='word_1_74' title='bbox 1043 1186 1069 1227; x_wconf 93' lang='lat' dir='ltr'>l’</span> <span class='ocrx_word' id='word_1_75' title='bbox 1095 1186 1208 1228; x_wconf 82' lang='lat' dir='ltr'>altra</span> <span class='ocrx_word' id='word_1_76' title='bbox 1235 1185 1471 1228; x_wconf 86' lang='lat' dir='ltr'>settimana</span> <span class='ocrx_word' id='word_1_77' title='bbox 1504 1185 1539 1226; x_wconf 89' lang='lat' dir='ltr'>si</span> <span class='ocrx_word' id='word_1_78' title='bbox 1562 1185 1754 1240; x_wconf 83' lang='lat' dir='ltr'>supplira</span> <span class='ocrx_word' id='word_1_79' title='bbox 1787 1185 1829 1227; x_wconf 84' lang='lat' dir='ltr'>al</span> <span class='ocrx_word' id='word_1_80' title='bbox 1851 1190 1968 1228; x_wconf 89' lang='lat' dir='ltr'>resto</span> <span class='ocrx_word' id='word_1_81' title='bbox 1996 1219 2005 1229; x_wconf 92' lang='lat'><em>.</em></span> 
     </span>
     <span class='ocr_line' id='line_1_14' title="bbox 233 1250 2008 1308; baseline -0.004 -9"><span class='ocrx_word' id='word_1_82' title='bbox 233 1257 404 1307; x_wconf 84' lang='lat' dir='ltr'>Quanto</span> <span class='ocrx_word' id='word_1_83' title='bbox 446 1255 533 1297; x_wconf 86' lang='lat' dir='ltr'>alla</span> <span class='ocrx_word' id='word_1_84' title='bbox 573 1253 843 1308; x_wconf 81' lang='lat' dir='ltr'>professione</span> <span class='ocrx_word' id='word_1_85' title='bbox 886 1252 954 1294; x_wconf 85' lang='lat' dir='ltr'>del</span> <span class='ocrx_word' id='word_1_86' title='bbox 997 1252 1157 1294; x_wconf 80' lang='lat' dir='ltr'>Dottor</span> <span class='ocrx_word' id='word_1_87' title='bbox 1190 1251 1487 1293; x_wconf 86' lang='grc' dir='ltr'>Τ1100(1011001</span> <span class='ocrx_word' id='word_1_88' title='bbox 1532 1250 1567 1292; x_wconf 91' lang='grc'>51</span> <span class='ocrx_word' id='word_1_89' title='bbox 1608 1265 1737 1292; x_wconf 85' lang='lat' dir='ltr'>senza</span> <span class='ocrx_word' id='word_1_90' title='bbox 1778 1254 1938 1293; x_wconf 88' lang='lat' dir='ltr'>metter</span> <span class='ocrx_word' id='word_1_91' title='bbox 1977 1250 2008 1292; x_wconf 90' lang='lat' dir='ltr'>li</span> 
     </span>
     <span class='ocr_line' id='line_1_15' title="bbox 233 1315 2007 1374; baseline -0.004 -10"><span class='ocrx_word' id='word_1_92' title='bbox 233 1322 325 1364; x_wconf 91' lang='lat' dir='ltr'>suoi</span> <span class='ocrx_word' id='word_1_93' title='bbox 359 1321 454 1363; x_wconf 88' lang='lat' dir='ltr'>beni</span> <span class='ocrx_word' id='word_1_94' title='bbox 488 1319 719 1374; x_wconf 84' lang='lat' dir='ltr'>temporali</span> <span class='ocrx_word' id='word_1_95' title='bbox 751 1318 794 1359; x_wconf 90' lang='lat' dir='ltr'>in</span> <span class='ocrx_word' id='word_1_96' title='bbox 827 1318 970 1368; x_wconf 89' lang='lat' dir='ltr'>risico,</span> <span class='ocrx_word' id='word_1_97' title='bbox 1005 1320 1029 1358; x_wconf 82' lang='grc'>0</span> <span class='ocrx_word' id='word_1_98' title='bbox 1061 1316 1233 1359; x_wconf 85' lang='lat' dir='ltr'>intrichi</span> <span class='ocrx_word' id='word_1_99' title='bbox 1266 1316 1326 1358; x_wconf 89' lang='lat' dir='ltr'>lui</span> <span class='ocrx_word' id='word_1_100' title='bbox 1358 1317 1400 1358; x_wconf 89' lang='grc'>13</span> <span class='ocrx_word' id='word_1_101' title='bbox 1433 1319 1517 1370; x_wconf 80' lang='lat' dir='ltr'>puo</span> <span class='ocrx_word' id='word_1_102' title='bbox 1550 1316 1644 1358; x_wconf 82' lang='lat' dir='ltr'>fare</span> <span class='ocrx_word' id='word_1_103' title='bbox 1667 1316 1722 1359; x_wconf 88' lang='lat' dir='ltr'>N.</span> <span class='ocrx_word' id='word_1_104' title='bbox 1746 1315 1887 1358; x_wconf 84' lang='lat' dir='ltr'>Padre</span> <span class='ocrx_word' id='word_1_105' title='bbox 1919 1318 1959 1357; x_wconf 92' lang='lat' dir='ltr'>n&#39;</span> <span class='ocrx_word' id='word_1_106' title='bbox 1984 1318 2007 1357; x_wconf 79' lang='grc'>0</span> 
     </span>
     <span class='ocr_line' id='line_1_16' title="bbox 233 1387 619 1430; baseline -0.01 0"><span class='ocrx_word' id='word_1_107' title='bbox 233 1388 367 1430; x_wconf 84' lang='lat' dir='ltr'>molto</span> <span class='ocrx_word' id='word_1_108' title='bbox 402 1387 619 1428; x_wconf 79' lang='lat' dir='ltr'>contento,</span> 
     </span>
    </p>

    <p class='ocr_par' dir='ltr' id='par_1_9' title="bbox 233 1451 2009 1837">
     <span class='ocr_line' id='line_1_17' title="bbox 353 1451 2007 1506; baseline -0.004 -6"><span class='ocrx_word' id='word_1_109' title='bbox 353 1458 476 1500; x_wconf 86' lang='lat' dir='ltr'>Circa</span> <span class='ocrx_word' id='word_1_110' title='bbox 508 1457 537 1498; x_wconf 93' lang='lat' dir='ltr'>il</span> <span class='ocrx_word' id='word_1_111' title='bbox 575 1469 726 1497; x_wconf 88' lang='grc'><strong>11101131</strong></span> <span class='ocrx_word' id='word_1_112' title='bbox 759 1455 810 1497; x_wconf 70' lang='lat' dir='ltr'>V.</span> <span class='ocrx_word' id='word_1_113' title='bbox 845 1453 1110 1496; x_wconf 83' lang='lat' dir='ltr'>Reuerentia</span> <span class='ocrx_word' id='word_1_114' title='bbox 1145 1467 1244 1495; x_wconf 90' lang='lat' dir='ltr'>seco</span> <span class='ocrx_word' id='word_1_115' title='bbox 1285 1452 1314 1494; x_wconf 92' lang='lat' dir='ltr'>il</span> <span class='ocrx_word' id='word_1_116' title='bbox 1346 1453 1507 1495; x_wconf 87' lang='lat' dir='ltr'>Dottor</span> <span class='ocrx_word' id='word_1_117' title='bbox 1538 1453 1689 1506; x_wconf 82' lang='lat' dir='ltr'>Lanoy</span> <span class='ocrx_word' id='word_1_118' title='bbox 1721 1453 1836 1494; x_wconf 84' lang='lat' dir='ltr'>nella</span> <span class='ocrx_word' id='word_1_119' title='bbox 1876 1451 2007 1494; x_wconf 84' lang='lat' dir='ltr'>uisita</span> 
     </span>
     <span class='ocr_line' id='line_1_18' title="bbox 233 1517 2007 1571; baseline -0.005 -4"><span class='ocrx_word' id='word_1_120' title='bbox 233 1525 288 1567; x_wconf 87' lang='lat' dir='ltr'>N.</span> <span class='ocrx_word' id='word_1_121' title='bbox 323 1524 463 1565; x_wconf 84' lang='lat' dir='ltr'>Padre</span> <span class='ocrx_word' id='word_1_122' title='bbox 506 1522 541 1563; x_wconf 91' lang='lat' dir='ltr'>si</span> <span class='ocrx_word' id='word_1_123' title='bbox 582 1521 758 1563; x_wconf 86' lang='lat' dir='ltr'>rimette</span> <span class='ocrx_word' id='word_1_124' title='bbox 800 1534 825 1561; x_wconf 84' lang='lat' dir='ltr'>a</span> <span class='ocrx_word' id='word_1_125' title='bbox 867 1519 934 1562; x_wconf 84' lang='lat' dir='ltr'>lei.</span> <span class='ocrx_word' id='word_1_126' title='bbox 999 1518 1150 1568; x_wconf 87' lang='lat' dir='ltr'>Quella</span> <span class='ocrx_word' id='word_1_127' title='bbox 1193 1518 1387 1560; x_wconf 77' lang='lat' dir='ltr'>adunclie</span> <span class='ocrx_word' id='word_1_128' title='bbox 1420 1517 1559 1559; x_wconf 84' lang='lat' dir='ltr'>faccia</span> <span class='ocrx_word' id='word_1_129' title='bbox 1601 1531 1720 1559; x_wconf 86' lang='lat' dir='ltr'>come</span> <span class='ocrx_word' id='word_1_130' title='bbox 1763 1517 1922 1571; x_wconf 85' lang='lat' dir='ltr'>meglio</span> <span class='ocrx_word' id='word_1_131' title='bbox 1963 1517 2007 1559; x_wconf 88' lang='lat' dir='ltr'>in</span> 
     </span>
     <span class='ocr_line' id='line_1_19' title="bbox 233 1583 2009 1642; baseline -0.003 -11"><span class='ocrx_word' id='word_1_132' title='bbox 233 1589 417 1632; x_wconf 91' lang='lat' dir='ltr'>Domino</span> <span class='ocrx_word' id='word_1_133' title='bbox 450 1588 478 1629; x_wconf 93' lang='grc'>11</span> <span class='ocrx_word' id='word_1_134' title='bbox 512 1588 682 1642; x_wconf 69' lang='lat' dir='ltr'>parerii.</span> <span class='ocrx_word' id='word_1_135' title='bbox 748 1585 839 1635; x_wconf 70' lang='lat' dir='ltr'>Qua</span> <span class='ocrx_word' id='word_1_136' title='bbox 873 1587 906 1626; x_wconf 84' lang='lat' dir='ltr'>s’</span> <span class='ocrx_word' id='word_1_137' title='bbox 932 1588 953 1627; x_wconf 74' lang='lat' dir='ltr'>c</span> <span class='ocrx_word' id='word_1_138' title='bbox 987 1585 1159 1638; x_wconf 81' lang='lat' dir='ltr'>parlato</span> <span class='ocrx_word' id='word_1_139' title='bbox 1201 1584 1242 1626; x_wconf 83' lang='lat' dir='ltr'>al</span> <span class='ocrx_word' id='word_1_140' title='bbox 1276 1583 1479 1625; x_wconf 85' lang='lat' dir='ltr'>Cardinal</span> <span class='ocrx_word' id='word_1_141' title='bbox 1518 1587 1667 1625; x_wconf 89' lang='lat' dir='ltr'>nostro</span> <span class='ocrx_word' id='word_1_142' title='bbox 1709 1586 1753 1626; x_wconf 92' lang='lat' dir='ltr'>et</span> <span class='ocrx_word' id='word_1_143' title='bbox 1785 1585 2009 1626; x_wconf 81' lang='lat' dir='ltr'>mostraua</span> 
     </span>
     <span class='ocr_line' id='line_1_20' title="bbox 233 1648 2006 1702; baseline -0.005 -4"><span class='ocrx_word' id='word_1_144' title='bbox 233 1670 319 1697; x_wconf 89' lang='lat' dir='ltr'>non</span> <span class='ocrx_word' id='word_1_145' title='bbox 352 1668 472 1696; x_wconf 89' lang='lat' dir='ltr'>esser</span> <span class='ocrx_word' id='word_1_146' title='bbox 494 1651 741 1695; x_wconf 81' lang='lat' dir='ltr'>necessaria</span> <span class='ocrx_word' id='word_1_147' title='bbox 775 1651 890 1693; x_wconf 78' lang='lat' dir='ltr'>altra</span> <span class='ocrx_word' id='word_1_148' title='bbox 912 1650 1089 1692; x_wconf 80' lang='lat' dir='ltr'>licentia</span> <span class='ocrx_word' id='word_1_149' title='bbox 1123 1649 1191 1691; x_wconf 85' lang='grc'><strong>(131</strong></span> <span class='ocrx_word' id='word_1_150' title='bbox 1226 1652 1355 1691; x_wconf 85' lang='lat' dir='ltr'>canto</span> <span class='ocrx_word' id='word_1_151' title='bbox 1389 1663 1479 1692; x_wconf 87' lang='grc'><strong>5110.</strong></span> <span class='ocrx_word' id='word_1_152' title='bbox 1523 1648 1610 1690; x_wconf 88' lang='lat' dir='ltr'>Pur</span> <span class='ocrx_word' id='word_1_153' title='bbox 1635 1662 1768 1702; x_wconf 88' lang='lat' dir='ltr'>penso</span> <span class='ocrx_word' id='word_1_154' title='bbox 1801 1648 2006 1699; x_wconf 87' lang='grc'><strong>501111013,</strong></span> 
     </span>
     <span class='ocr_line' id='line_1_21' title="bbox 235 1713 2008 1773; baseline -0.005 -10"><span class='ocrx_word' id='word_1_155' title='bbox 235 1720 352 1763; x_wconf 88' lang='grc'><strong>30010</strong></span> <span class='ocrx_word' id='word_1_156' title='bbox 385 1719 412 1761; x_wconf 93' lang='lat' dir='ltr'>il</span> <span class='ocrx_word' id='word_1_157' title='bbox 448 1718 637 1773; x_wconf 78' lang='lat' dir='ltr'>capitulo</span> <span class='ocrx_word' id='word_1_158' title='bbox 671 1716 948 1759; x_wconf 78' lang='lat' dir='ltr'>sicontenti2.</span> <span class='ocrx_word' id='word_1_159' title='bbox 984 1715 1017 1757; x_wconf 90' lang='lat' dir='ltr'>si</span> <span class='ocrx_word' id='word_1_160' title='bbox 1053 1715 1131 1757; x_wconf 89' lang='lat' dir='ltr'>che</span> <span class='ocrx_word' id='word_1_161' title='bbox 1162 1714 1207 1756; x_wconf 92' lang='lat' dir='ltr'>in</span> <span class='ocrx_word' id='word_1_162' title='bbox 1240 1717 1394 1767; x_wconf 82' lang='lat' dir='ltr'>questa</span> <span class='ocrx_word' id='word_1_163' title='bbox 1416 1716 1542 1768; x_wconf 85' lang='lat' dir='ltr'>parte</span> <span class='ocrx_word' id='word_1_164' title='bbox 1575 1727 1661 1755; x_wconf 91' lang='lat' dir='ltr'>non</span> <span class='ocrx_word' id='word_1_165' title='bbox 1693 1713 1731 1755; x_wconf 92' lang='grc'>01</span> <span class='ocrx_word' id='word_1_166' title='bbox 1763 1728 1863 1756; x_wconf 83' lang='grc'><strong>5313</strong></span> <span class='ocrx_word' id='word_1_167' title='bbox 1896 1713 2008 1755; x_wconf 83' lang='lat' dir='ltr'>diffi-</span> 
     </span>
     <span class='ocr_line' id='line_1_22' title="bbox 235 1781 905 1837; baseline -0.009 -8"><span class='ocrx_word' id='word_1_168' title='bbox 235 1787 363 1837; x_wconf 81' lang='lat' dir='ltr'>colt-a,</span> <span class='ocrx_word' id='word_1_169' title='bbox 399 1785 539 1826; x_wconf 84' lang='lat' dir='ltr'>scriua</span> <span class='ocrx_word' id='word_1_170' title='bbox 574 1798 596 1825; x_wconf 96' lang='lat' dir='ltr'>o</span> <span class='ocrx_word' id='word_1_171' title='bbox 631 1797 714 1824; x_wconf 88' lang='lat' dir='ltr'>non</span> <span class='ocrx_word' id='word_1_172' title='bbox 749 1781 905 1824; x_wconf 87' lang='grc'><strong>5011113.</strong></span> 
     </span>
    </p>

    <p class='ocr_par' dir='ltr' id='par_1_10' title="bbox 234 1849 2009 2100">
     <span class='ocr_line' id='line_1_23' title="bbox 354 1849 2006 1908; baseline -0.004 -11"><span class='ocrx_word' id='word_1_173' title='bbox 354 1856 523 1906; x_wconf 84' lang='lat' dir='ltr'>Quanto</span> <span class='ocrx_word' id='word_1_174' title='bbox 547 1855 615 1896; x_wconf 83' lang='lat' dir='ltr'>ale</span> <span class='ocrx_word' id='word_1_175' title='bbox 638 1867 821 1908; x_wconf 81' lang='lat' dir='ltr'>persone</span> <span class='ocrx_word' id='word_1_176' title='bbox 845 1853 922 1895; x_wconf 90' lang='grc'><strong>0110</strong></span> <span class='ocrx_word' id='word_1_177' title='bbox 948 1852 972 1893; x_wconf 85' lang='grc'>’1</span> <span class='ocrx_word' id='word_1_178' title='bbox 997 1851 1137 1893; x_wconf 76' lang='lat' dir='ltr'>Padi-e</span> <span class='ocrx_word' id='word_1_179' title='bbox 1153 1850 1344 1893; x_wconf 82' lang='lat' dir='ltr'>Vittoria</span> <span class='ocrx_word' id='word_1_180' title='bbox 1366 1864 1558 1904; x_wconf 86' lang='lat' dir='ltr'>propone</span> <span class='ocrx_word' id='word_1_181' title='bbox 1580 1850 1701 1904; x_wconf 85' lang='lat' dir='ltr'>perla</span> <span class='ocrx_word' id='word_1_182' title='bbox 1723 1849 2006 1904; x_wconf 87' lang='lat' dir='ltr'>professione,</span> 
     </span>
     <span class='ocr_line' id='line_1_24' title="bbox 235 1914 2009 1976; baseline -0.005 -12"><span class='ocrx_word' id='word_1_183' title='bbox 235 1922 405 1976; x_wconf 85' lang='lat' dir='ltr'>quando</span> <span class='ocrx_word' id='word_1_184' title='bbox 440 1921 601 1963; x_wconf 82' lang='lat' dir='ltr'>andera</span> <span class='ocrx_word' id='word_1_185' title='bbox 635 1919 721 1961; x_wconf 85' lang='lat' dir='ltr'>dila</span> <span class='ocrx_word' id='word_1_186' title='bbox 753 1919 796 1960; x_wconf 89' lang='grc'>13</span> <span class='ocrx_word' id='word_1_187' title='bbox 820 1917 1083 1960; x_wconf 80' lang='lat' dir='ltr'>Reuerentia</span> <span class='ocrx_word' id='word_1_188' title='bbox 1106 1917 1157 1958; x_wconf 89' lang='lat' dir='ltr'>V.</span> <span class='ocrx_word' id='word_1_189' title='bbox 1193 1916 1353 1958; x_wconf 85' lang='lat' dir='ltr'>uedera</span> <span class='ocrx_word' id='word_1_190' title='bbox 1376 1915 1533 1969; x_wconf 85' lang='lat' dir='ltr'>meglio</span> <span class='ocrx_word' id='word_1_191' title='bbox 1566 1916 1606 1957; x_wconf 94' lang='lat' dir='ltr'>le</span> <span class='ocrx_word' id='word_1_192' title='bbox 1639 1928 1750 1965; x_wconf 86' lang='lat' dir='ltr'>cose,</span> <span class='ocrx_word' id='word_1_193' title='bbox 1784 1914 2009 1969; x_wconf 83' lang='lat' dir='ltr'>parendoli</span> 
     </span>
     <span class='ocr_line' id='line_1_25' title="bbox 234 1979 2007 2036; baseline -0.005 -6"><span class='ocrx_word' id='word_1_194' title='bbox 234 1987 532 2036; x_wconf 81' lang='lat' dir='ltr'>conueniente,</span> <span class='ocrx_word' id='word_1_195' title='bbox 566 1987 716 2027; x_wconf 89' lang='lat' dir='ltr'>nostro</span> <span class='ocrx_word' id='word_1_196' title='bbox 741 1983 881 2025; x_wconf 84' lang='lat' dir='ltr'>Padre</span> <span class='ocrx_word' id='word_1_197' title='bbox 902 1982 933 2024; x_wconf 92' lang='lat' dir='ltr'>li</span> <span class='ocrx_word' id='word_1_198' title='bbox 966 1983 1021 2024; x_wconf 86' lang='lat' dir='ltr'>da</span> <span class='ocrx_word' id='word_1_199' title='bbox 1052 1981 1217 2024; x_wconf 83' lang='lat' dir='ltr'>facolta</span> <span class='ocrx_word' id='word_1_200' title='bbox 1239 1981 1346 2031; x_wconf 86' lang='lat' dir='ltr'>cheli</span> <span class='ocrx_word' id='word_1_201' title='bbox 1375 1995 1505 2036; x_wconf 87' lang='lat' dir='ltr'>possa</span> <span class='ocrx_word' id='word_1_202' title='bbox 1527 1981 1770 2022; x_wconf 84' lang='lat' dir='ltr'>admettere</span> <span class='ocrx_word' id='word_1_203' title='bbox 1793 1994 1819 2022; x_wconf 90' lang='grc'>3</span> <span class='ocrx_word' id='word_1_204' title='bbox 1851 1979 2007 2033; x_wconf 84' lang='lat' dir='ltr'>quella.</span> 
     </span>
     <span class='ocr_line' id='line_1_26' title="bbox 235 2045 1754 2100; baseline -0.005 -5"><span class='ocrx_word' id='word_1_205' title='bbox 235 2053 358 2095; x_wconf 85' lang='lat' dir='ltr'>Tutti</span> <span class='ocrx_word' id='word_1_206' title='bbox 391 2052 428 2094; x_wconf 90' lang='grc'>01</span> <span class='ocrx_word' id='word_1_207' title='bbox 461 2049 851 2093; x_wconf 84' lang='lat' dir='ltr'>raccomandiamo.</span> <span class='ocrx_word' id='word_1_208' title='bbox 916 2047 970 2090; x_wconf 93' lang='lat' dir='ltr'>Di</span> <span class='ocrx_word' id='word_1_209' title='bbox 1003 2048 1143 2089; x_wconf 81' lang='lat' dir='ltr'>Roma</span> <span class='ocrx_word' id='word_1_210' title='bbox 1174 2046 1204 2088; x_wconf 88' lang='lat' dir='ltr'>li</span> <span class='ocrx_word' id='word_1_211' title='bbox 1240 2048 1306 2089; x_wconf 88' lang='lat'>17.</span> <span class='ocrx_word' id='word_1_212' title='bbox 1342 2046 1383 2088; x_wconf 85' lang='lat' dir='ltr'>di</span> <span class='ocrx_word' id='word_1_213' title='bbox 1415 2045 1591 2100; x_wconf 83' lang='lat' dir='ltr'>Maggio</span> <span class='ocrx_word' id='word_1_214' title='bbox 1627 2047 1754 2088; x_wconf 85' lang='lat'>1561.</span> 
     </span>
    </p>
   </div>
   <div class='ocr_carea' id='block_1_9' title="bbox 858 2159 1024 2161">
    <p class='ocr_par' dir='ltr' id='par_1_11' title="bbox 858 2159 1024 2161">
     <span class='ocr_line' id='line_1_27' title="bbox 858 2159 1024 2161; baseline 0 0"><span class='ocrx_word' id='word_1_215' title='bbox 858 2159 1024 2161; x_wconf 95' lang='lat' dir='ltr'> </span> 
     </span>
    </p>
   </div>
   <div class='ocr_carea' id='block_1_10' title="bbox 234 2223 2010 2329">
    <p class='ocr_par' dir='ltr' id='par_1_12' title="bbox 234 2223 2010 2329">
     <span class='ocr_line' id='line_1_28' title="bbox 354 2223 2010 2268; baseline -0.004 -4"><span class='ocrx_word' id='word_1_216' title='bbox 354 2228 594 2264; x_wconf 84' lang='lat' dir='ltr'>Reverentiae</span> <span class='ocrx_word' id='word_1_217' title='bbox 620 2229 766 2261; x_wconf 82' lang='lat' dir='ltr'>vestrae</span> <span class='ocrx_word' id='word_1_218' title='bbox 792 2226 934 2260; x_wconf 76' lang='lat' dir='ltr'>litteras</span> <span class='ocrx_word' id='word_1_219' title='bbox 961 2225 1018 2259; x_wconf 87' lang='lat' dir='ltr'>die</span> <span class='ocrx_word' id='word_1_220' title='bbox 1045 2225 1075 2259; x_wconf 84' lang='lat'>3.</span> <span class='ocrx_word' id='word_1_221' title='bbox 1103 2225 1210 2259; x_wconf 89' lang='lat' dir='ltr'>huius</span> <span class='ocrx_word' id='word_1_222' title='bbox 1236 2225 1371 2259; x_wconf 84' lang='lat' dir='ltr'>mensis</span> <span class='ocrx_word' id='word_1_223' title='bbox 1397 2224 1502 2259; x_wconf 83' lang='lat' dir='ltr'>datas</span> <span class='ocrx_word' id='word_1_224' title='bbox 1528 2224 1750 2268; x_wconf 86' lang='lat' dir='ltr'>accepimus;</span> <span class='ocrx_word' id='word_1_225' title='bbox 1787 2223 1830 2257; x_wconf 91' lang='lat' dir='ltr'>ad</span> <span class='ocrx_word' id='word_1_226' title='bbox 1857 2234 2010 2267; x_wconf 89' lang='lat' dir='ltr'>quarum</span> 
     </span>
     <span class='ocr_line' id='line_1_29' title="bbox 234 2275 2010 2329; baseline -0.005 -11"><span class='ocrx_word' id='word_1_227' title='bbox 234 2285 373 2329; x_wconf 84' lang='lat' dir='ltr'>partem</span> <span class='ocrx_word' id='word_1_228' title='bbox 410 2293 504 2317; x_wconf 85' lang='lat' dir='ltr'>nunc</span> <span class='ocrx_word' id='word_1_229' title='bbox 540 2280 857 2326; x_wconf 88' lang='lat' dir='ltr'>respondebimus;</span> <span class='ocrx_word' id='word_1_230' title='bbox 892 2278 1037 2323; x_wconf 68' lang='lat' dir='ltr'>⁴reliqua</span> <span class='ocrx_word' id='word_1_231' title='bbox 1062 2278 1285 2312; x_wconf 82' lang='lat' dir='ltr'>hebdomade</span> <span class='ocrx_word' id='word_1_232' title='bbox 1320 2278 1484 2323; x_wconf 86' lang='lat' dir='ltr'>proxima</span> <span class='ocrx_word' id='word_1_233' title='bbox 1519 2277 1776 2322; x_wconf 87' lang='lat' dir='ltr'>supplebimus.</span> <span class='ocrx_word' id='word_1_234' title='bbox 1827 2275 2010 2311; x_wconf 82' lang='lat' dir='ltr'>Professio</span> 
     </span>
    </p>
   </div>
   <div class='ocr_carea' id='block_1_11' title="bbox 236 2329 2075 2377">
    <p class='ocr_par' dir='ltr' id='par_1_13' title="bbox 236 2329 2075 2377">
     <span class='ocr_line' id='line_1_30' title="bbox 236 2329 2075 2377; baseline -0.005 -5"><span class='ocrx_word' id='word_1_235' title='bbox 236 2337 392 2372; x_wconf 85' lang='lat' dir='ltr'>doctoris</span> <span class='ocrx_word' id='word_1_236' title='bbox 419 2334 633 2370; x_wconf 78' lang='lat' dir='ltr'>Theoderici</span> <span class='ocrx_word' id='word_1_237' title='bbox 650 2335 671 2376; x_wconf 88' lang='lat'>¹,</span> <span class='ocrx_word' id='word_1_238' title='bbox 698 2334 728 2367; x_wconf 84' lang='lat' dir='ltr'>si</span> <span class='ocrx_word' id='word_1_239' title='bbox 755 2333 806 2367; x_wconf 86' lang='lat' dir='ltr'>ita</span> <span class='ocrx_word' id='word_1_240' title='bbox 832 2333 909 2367; x_wconf 86' lang='lat' dir='ltr'>fieri</span> <span class='ocrx_word' id='word_1_241' title='bbox 935 2332 1086 2377; x_wconf 86' lang='lat' dir='ltr'>poterit,</span> <span class='ocrx_word' id='word_1_242' title='bbox 1113 2333 1154 2365; x_wconf 90' lang='lat' dir='ltr'>ut</span> <span class='ocrx_word' id='word_1_243' title='bbox 1179 2331 1294 2376; x_wconf 84' lang='lat' dir='ltr'>ipsius</span> <span class='ocrx_word' id='word_1_244' title='bbox 1319 2332 1411 2366; x_wconf 87' lang='lat' dir='ltr'>bona</span> <span class='ocrx_word' id='word_1_245' title='bbox 1437 2332 1472 2365; x_wconf 88' lang='lat' dir='ltr'>in</span> <span class='ocrx_word' id='word_1_246' title='bbox 1499 2331 1690 2365; x_wconf 82' lang='lat' dir='ltr'>discrimen</span> <span class='ocrx_word' id='word_1_247' title='bbox 1716 2329 2009 2375; x_wconf 87' lang='lat' dir='ltr'>implicationem·</span> <span class='ocrx_word' id='word_1_248' title='bbox 2068 2355 2075 2374; x_wconf 56' lang='lat'><strong>3</strong></span> 
     </span>
    </p>
   </div>
   <div class='ocr_carea' id='block_1_12' title="bbox 236 2385 1304 2434">
    <p class='ocr_par' dir='ltr' id='par_1_14' title="bbox 236 2385 1304 2434">
     <span class='ocr_line' id='line_1_31' title="bbox 236 2385 1304 2434; baseline -0.006 -10"><span class='ocrx_word' id='word_1_249' title='bbox 236 2401 305 2434; x_wconf 86' lang='lat' dir='ltr'>que</span> <span class='ocrx_word' id='word_1_250' title='bbox 331 2401 400 2423; x_wconf 93' lang='lat' dir='ltr'>non</span> <span class='ocrx_word' id='word_1_251' title='bbox 429 2389 663 2429; x_wconf 81' lang='lat' dir='ltr'>adducantur,</span> <span class='ocrx_word' id='word_1_252' title='bbox 691 2387 786 2431; x_wconf 85' lang='lat' dir='ltr'>patri</span> <span class='ocrx_word' id='word_1_253' title='bbox 812 2388 935 2420; x_wconf 86' lang='lat' dir='ltr'>nostro</span> <span class='ocrx_word' id='word_1_254' title='bbox 962 2385 1067 2419; x_wconf 87' lang='lat' dir='ltr'>valde</span> <span class='ocrx_word' id='word_1_255' title='bbox 1095 2387 1200 2428; x_wconf 81' lang='lat' dir='ltr'>grata</span> <span class='ocrx_word' id='word_1_256' title='bbox 1227 2385 1304 2418; x_wconf 89' lang='lat' dir='ltr'>erit.</span> 
     </span>
    </p>
   </div>
   <div class='ocr_carea' id='block_1_13' title="bbox 234 2441 2010 2592">
    <p class='ocr_par' dir='ltr' id='par_1_15' title="bbox 234 2441 2010 2592">
     <span class='ocr_line' id='line_1_32' title="bbox 355 2441 2009 2489; baseline -0.004 -7"><span class='ocrx_word' id='word_1_257' title='bbox 355 2449 464 2482; x_wconf 86' lang='lat' dir='ltr'>Pater</span> <span class='ocrx_word' id='word_1_258' title='bbox 489 2449 612 2481; x_wconf 87' lang='lat' dir='ltr'>noster</span> <span class='ocrx_word' id='word_1_259' title='bbox 638 2446 785 2480; x_wconf 76' lang='lat' dir='ltr'>arbitrio</span> <span class='ocrx_word' id='word_1_260' title='bbox 812 2447 885 2486; x_wconf 90' lang='lat' dir='ltr'>tuo,</span> <span class='ocrx_word' id='word_1_261' title='bbox 912 2444 1109 2479; x_wconf 86' lang='lat' dir='ltr'>reverende</span> <span class='ocrx_word' id='word_1_262' title='bbox 1136 2446 1250 2489; x_wconf 84' lang='lat' dir='ltr'>pater,</span> <span class='ocrx_word' id='word_1_263' title='bbox 1285 2443 1474 2489; x_wconf 84' lang='lat' dir='ltr'>permittit,</span> <span class='ocrx_word' id='word_1_264' title='bbox 1501 2445 1541 2477; x_wconf 88' lang='lat' dir='ltr'>ut</span> <span class='ocrx_word' id='word_1_265' title='bbox 1567 2444 1719 2483; x_wconf 74' lang='lat' dir='ltr'>statuasy</span> <span class='ocrx_word' id='word_1_266' title='bbox 1744 2444 1866 2476; x_wconf 86' lang='lat' dir='ltr'>utrum</span> <span class='ocrx_word' id='word_1_267' title='bbox 1891 2441 2009 2476; x_wconf 87' lang='lat' dir='ltr'>docto-</span> 
     </span>
     <span class='ocr_line' id='line_1_33' title="bbox 234 2494 2008 2539; baseline -0.004 -4"><span class='ocrx_word' id='word_1_268' title='bbox 234 2513 310 2536; x_wconf 88' lang='lat' dir='ltr'>rem</span> <span class='ocrx_word' id='word_1_269' title='bbox 337 2502 509 2535; x_wconf 85' lang='lat' dir='ltr'>Lanoium</span> <span class='ocrx_word' id='word_1_270' title='bbox 536 2500 572 2534; x_wconf 88' lang='lat' dir='ltr'>in</span> <span class='ocrx_word' id='word_1_271' title='bbox 599 2499 806 2533; x_wconf 86' lang='lat' dir='ltr'>visitatione</span> <span class='ocrx_word' id='word_1_272' title='bbox 833 2499 904 2532; x_wconf 85' lang='lat' dir='ltr'>ista</span> <span class='ocrx_word' id='word_1_273' title='bbox 929 2500 1049 2532; x_wconf 90' lang='lat' dir='ltr'>tecum</span> <span class='ocrx_word' id='word_1_274' title='bbox 1076 2497 1206 2531; x_wconf 88' lang='lat' dir='ltr'>ducere</span> <span class='ocrx_word' id='word_1_275' title='bbox 1232 2496 1324 2531; x_wconf 88' lang='lat' dir='ltr'>velis</span> <span class='ocrx_word' id='word_1_276' title='bbox 1349 2508 1473 2531; x_wconf 87' lang='lat' dir='ltr'>necne.</span> <span class='ocrx_word' id='word_1_277' title='bbox 1523 2496 1577 2529; x_wconf 85' lang='lat' dir='ltr'>Tu</span> <span class='ocrx_word' id='word_1_278' title='bbox 1603 2496 1734 2539; x_wconf 87' lang='lat' dir='ltr'>igitur,</span> <span class='ocrx_word' id='word_1_279' title='bbox 1769 2494 1863 2539; x_wconf 89' lang='lat' dir='ltr'>quod</span> <span class='ocrx_word' id='word_1_280' title='bbox 1889 2494 1924 2528; x_wconf 92' lang='lat' dir='ltr'>in</span> <span class='ocrx_word' id='word_1_281' title='bbox 1951 2494 2008 2529; x_wconf 92' lang='lat' dir='ltr'>do-</span> 
     </span>
     <span class='ocr_line' id='line_1_34' title="bbox 235 2547 2010 2592; baseline -0.005 -3"><span class='ocrx_word' id='word_1_282' title='bbox 235 2556 332 2590; x_wconf 89' lang='lat' dir='ltr'>mino</span> <span class='ocrx_word' id='word_1_283' title='bbox 357 2554 488 2588; x_wconf 87' lang='lat' dir='ltr'>melius</span> <span class='ocrx_word' id='word_1_284' title='bbox 513 2553 579 2587; x_wconf 86' lang='lat' dir='ltr'>tibi</span> <span class='ocrx_word' id='word_1_285' title='bbox 604 2552 722 2587; x_wconf 87' lang='lat' dir='ltr'>visum</span> <span class='ocrx_word' id='word_1_286' title='bbox 751 2551 828 2592; x_wconf 87' lang='lat' dir='ltr'>erit,</span> <span class='ocrx_word' id='word_1_287' title='bbox 855 2551 978 2585; x_wconf 88' lang='lat' dir='ltr'>facies.</span> <span class='ocrx_word' id='word_1_288' title='bbox 1015 2550 1105 2585; x_wconf 89' lang='lat' dir='ltr'>Cum</span> <span class='ocrx_word' id='word_1_289' title='bbox 1132 2550 1349 2585; x_wconf 85' lang='lat' dir='ltr'>cardinalem</span> <span class='ocrx_word' id='word_1_290' title='bbox 1376 2552 1538 2584; x_wconf 88' lang='lat' dir='ltr'>nostrum</span> <span class='ocrx_word' id='word_1_291' title='bbox 1564 2549 1623 2583; x_wconf 91' lang='lat' dir='ltr'>hic</span> <span class='ocrx_word' id='word_1_292' title='bbox 1649 2548 1952 2590; x_wconf 85' lang='lat' dir='ltr'>convenissemus,</span> <span class='ocrx_word' id='word_1_293' title='bbox 1979 2547 2010 2582; x_wconf 90' lang='lat' dir='ltr'>is</span> 
     </span>
    </p>
   </div>
   <div class='ocr_carea' id='block_1_14' title="bbox 235 2601 2080 2704">
    <p class='ocr_par' dir='ltr' id='par_1_16' title="bbox 235 2601 2080 2704">
     <span class='ocr_line' id='line_1_35' title="bbox 237 2601 2080 2652; baseline -0.004 -10"><span class='ocrx_word' id='word_1_294' title='bbox 237 2609 386 2643; x_wconf 85' lang='lat' dir='ltr'>alteram</span> <span class='ocrx_word' id='word_1_295' title='bbox 415 2619 459 2641; x_wconf 87' lang='lat' dir='ltr'>ex</span> <span class='ocrx_word' id='word_1_296' title='bbox 485 2608 588 2652; x_wconf 82' lang='lat' dir='ltr'>parte</span> <span class='ocrx_word' id='word_1_297' title='bbox 614 2617 679 2640; x_wconf 88' lang='lat' dir='ltr'>sua</span> <span class='ocrx_word' id='word_1_298' title='bbox 714 2604 896 2639; x_wconf 84' lang='lat' dir='ltr'>licentiam</span> <span class='ocrx_word' id='word_1_299' title='bbox 932 2603 1175 2638; x_wconf 84' lang='lat' dir='ltr'>necessariam</span> <span class='ocrx_word' id='word_1_300' title='bbox 1210 2615 1279 2638; x_wconf 90' lang='lat' dir='ltr'>non</span> <span class='ocrx_word' id='word_1_301' title='bbox 1315 2615 1394 2638; x_wconf 85' lang='lat' dir='ltr'>esse</span> <span class='ocrx_word' id='word_1_302' title='bbox 1420 2602 1651 2647; x_wconf 83' lang='lat' dir='ltr'>significavit.</span> <span class='ocrx_word' id='word_1_303' title='bbox 1701 2602 1873 2636; x_wconf 86' lang='lat' dir='ltr'>Attamen</span> <span class='ocrx_word' id='word_1_304' title='bbox 1899 2601 2009 2646; x_wconf 87' lang='lat' dir='ltr'>scrip·</span> <span class='ocrx_word' id='word_1_305' title='bbox 2074 2612 2080 2620; x_wconf 67' lang='lat'><strong>⁴</strong></span> 
     </span>
     <span class='ocr_line' id='line_1_36' title="bbox 235 2653 2078 2704; baseline -0.005 -8"><span class='ocrx_word' id='word_1_306' title='bbox 235 2664 356 2696; x_wconf 90' lang='lat' dir='ltr'>turum</span> <span class='ocrx_word' id='word_1_307' title='bbox 383 2672 466 2695; x_wconf 83' lang='lat' dir='ltr'>eum</span> <span class='ocrx_word' id='word_1_308' title='bbox 492 2671 572 2694; x_wconf 88' lang='lat' dir='ltr'>esse</span> <span class='ocrx_word' id='word_1_309' title='bbox 597 2661 694 2704; x_wconf 83' lang='lat' dir='ltr'>puto,</span> <span class='ocrx_word' id='word_1_310' title='bbox 722 2660 762 2692; x_wconf 82' lang='lat' dir='ltr'>ut</span> <span class='ocrx_word' id='word_1_311' title='bbox 780 2656 976 2702; x_wconf 84' lang='lat' dir='ltr'>capitulum</span> <span class='ocrx_word' id='word_1_312' title='bbox 1003 2668 1079 2691; x_wconf 90' lang='lat' dir='ltr'>rem</span> <span class='ocrx_word' id='word_1_313' title='bbox 1105 2657 1186 2691; x_wconf 92' lang='lat' dir='ltr'>boni</span> <span class='ocrx_word' id='word_1_314' title='bbox 1207 2656 1371 2691; x_wconf 85' lang='lat' dir='ltr'>consulat</span> <span class='ocrx_word' id='word_1_315' title='bbox 1385 2656 1408 2690; x_wconf 79' lang='lat'>2.</span> <span class='ocrx_word' id='word_1_316' title='bbox 1448 2656 1576 2700; x_wconf 84' lang='lat' dir='ltr'>Itaque</span> <span class='ocrx_word' id='word_1_317' title='bbox 1602 2655 1671 2689; x_wconf 83' lang='lat' dir='ltr'>ista</span> <span class='ocrx_word' id='word_1_318' title='bbox 1697 2655 1733 2688; x_wconf 88' lang='lat' dir='ltr'>in</span> <span class='ocrx_word' id='word_1_319' title='bbox 1758 2666 1796 2688; x_wconf 90' lang='lat' dir='ltr'>re</span> <span class='ocrx_word' id='word_1_320' title='bbox 1815 2653 2010 2688; x_wconf 88' lang='lat' dir='ltr'>difficultas</span> <span class='ocrx_word' id='word_1_321' title='bbox 2070 2656 2078 2694; x_wconf 51' lang='grc' dir='ltr'>,ζ</span> 
     </span>
    </p>
   </div>
   <div class='ocr_carea' id='block_1_15' title="bbox 237 2710 2010 2977">
    <p class='ocr_par' dir='ltr' id='par_1_17' title="bbox 238 2710 1140 2756">
     <span class='ocr_line' id='line_1_37' title="bbox 238 2710 1140 2756; baseline -0.006 -7"><span class='ocrx_word' id='word_1_322' title='bbox 238 2727 309 2750; x_wconf 89' lang='lat' dir='ltr'>non</span> <span class='ocrx_word' id='word_1_323' title='bbox 336 2714 416 2756; x_wconf 85' lang='lat' dir='ltr'>erit,</span> <span class='ocrx_word' id='word_1_324' title='bbox 443 2714 521 2748; x_wconf 88' lang='lat' dir='ltr'>sive</span> <span class='ocrx_word' id='word_1_325' title='bbox 547 2712 682 2747; x_wconf 85' lang='lat' dir='ltr'>scribet</span> <span class='ocrx_word' id='word_1_326' title='bbox 707 2711 766 2745; x_wconf 89' lang='lat' dir='ltr'>ille</span> <span class='ocrx_word' id='word_1_327' title='bbox 794 2711 872 2745; x_wconf 87' lang='lat' dir='ltr'>sive</span> <span class='ocrx_word' id='word_1_328' title='bbox 898 2722 968 2744; x_wconf 91' lang='lat' dir='ltr'>non</span> <span class='ocrx_word' id='word_1_329' title='bbox 994 2710 1140 2745; x_wconf 88' lang='lat' dir='ltr'>scribet.</span> 
     </span>
    </p>

    <p class='ocr_par' dir='ltr' id='par_1_18' title="bbox 237 2766 2010 2977">
     <span class='ocr_line' id='line_1_38' title="bbox 357 2766 2010 2815; baseline -0.004 -8"><span class='ocrx_word' id='word_1_330' title='bbox 357 2773 459 2815; x_wconf 81' lang='lat' dir='ltr'>Quod</span> <span class='ocrx_word' id='word_1_331' title='bbox 486 2772 529 2806; x_wconf 87' lang='lat' dir='ltr'>ad</span> <span class='ocrx_word' id='word_1_332' title='bbox 556 2782 617 2806; x_wconf 86' lang='lat' dir='ltr'>eos</span> <span class='ocrx_word' id='word_1_333' title='bbox 643 2771 791 2812; x_wconf 79' lang='lat' dir='ltr'>attinet,</span> <span class='ocrx_word' id='word_1_334' title='bbox 831 2781 921 2814; x_wconf 86' lang='lat' dir='ltr'>quos</span> <span class='ocrx_word' id='word_1_335' title='bbox 956 2771 1059 2815; x_wconf 82' lang='lat' dir='ltr'>pater</span> <span class='ocrx_word' id='word_1_336' title='bbox 1095 2769 1256 2804; x_wconf 80' lang='lat' dir='ltr'>Victoria</span> <span class='ocrx_word' id='word_1_337' title='bbox 1291 2769 1336 2803; x_wconf 87' lang='lat' dir='ltr'>ad</span> <span class='ocrx_word' id='word_1_338' title='bbox 1370 2768 1629 2814; x_wconf 85' lang='lat' dir='ltr'>professionem</span> <span class='ocrx_word' id='word_1_339' title='bbox 1664 2766 1904 2801; x_wconf 86' lang='lat' dir='ltr'>admittendos</span> <span class='ocrx_word' id='word_1_340' title='bbox 1930 2777 2010 2800; x_wconf 84' lang='lat' dir='ltr'>esse</span> 
     </span>
     <span class='ocr_line' id='line_1_39' title="bbox 237 2818 2010 2872; baseline -0.005 -11"><span class='ocrx_word' id='word_1_341' title='bbox 237 2827 394 2872; x_wconf 83' lang='lat' dir='ltr'>scripsit,</span> <span class='ocrx_word' id='word_1_342' title='bbox 421 2829 471 2867; x_wconf 89' lang='lat' dir='ltr'>tu,</span> <span class='ocrx_word' id='word_1_343' title='bbox 498 2825 695 2860; x_wconf 88' lang='lat' dir='ltr'>reverende</span> <span class='ocrx_word' id='word_1_344' title='bbox 722 2826 845 2869; x_wconf 82' lang='lat' dir='ltr'>pater,</span> <span class='ocrx_word' id='word_1_345' title='bbox 881 2834 962 2857; x_wconf 89' lang='lat' dir='ltr'>cum</span> <span class='ocrx_word' id='word_1_346' title='bbox 987 2822 1074 2857; x_wconf 90' lang='lat' dir='ltr'>illuc</span> <span class='ocrx_word' id='word_1_347' title='bbox 1100 2822 1263 2864; x_wconf 85' lang='lat' dir='ltr'>veneris,</span> <span class='ocrx_word' id='word_1_348' title='bbox 1293 2833 1353 2856; x_wconf 88' lang='lat' dir='ltr'>res</span> <span class='ocrx_word' id='word_1_349' title='bbox 1377 2821 1508 2856; x_wconf 88' lang='lat' dir='ltr'>melius</span> <span class='ocrx_word' id='word_1_350' title='bbox 1534 2831 1740 2865; x_wconf 87' lang='lat' dir='ltr'>cognosces.</span> <span class='ocrx_word' id='word_1_351' title='bbox 1791 2818 1926 2862; x_wconf 86' lang='lat' dir='ltr'>Quodsi</span> <span class='ocrx_word' id='word_1_352' title='bbox 1958 2819 2010 2853; x_wconf 84' lang='lat' dir='ltr'>ita</span> 
     </span>
     <span class='ocr_line' id='line_1_40' title="bbox 237 2871 2009 2921; baseline -0.005 -7"><span class='ocrx_word' id='word_1_353' title='bbox 237 2880 315 2914; x_wconf 87' lang='lat' dir='ltr'>fieri</span> <span class='ocrx_word' id='word_1_354' title='bbox 342 2879 533 2914; x_wconf 89' lang='lat' dir='ltr'>convenire</span> <span class='ocrx_word' id='word_1_355' title='bbox 559 2878 625 2912; x_wconf 89' lang='lat' dir='ltr'>tibi</span> <span class='ocrx_word' id='word_1_356' title='bbox 651 2877 768 2912; x_wconf 89' lang='lat' dir='ltr'>visum</span> <span class='ocrx_word' id='word_1_357' title='bbox 798 2876 884 2918; x_wconf 87' lang='lat' dir='ltr'>erit,</span> <span class='ocrx_word' id='word_1_358' title='bbox 924 2878 1028 2921; x_wconf 88' lang='lat' dir='ltr'>pater</span> <span class='ocrx_word' id='word_1_359' title='bbox 1062 2878 1184 2910; x_wconf 84' lang='lat' dir='ltr'>noster</span> <span class='ocrx_word' id='word_1_360' title='bbox 1211 2886 1332 2910; x_wconf 87' lang='lat' dir='ltr'>eorum</span> <span class='ocrx_word' id='word_1_361' title='bbox 1367 2875 1412 2909; x_wconf 81' lang='lat' dir='ltr'>ad</span> <span class='ocrx_word' id='word_1_362' title='bbox 1445 2874 1545 2908; x_wconf 84' lang='lat' dir='ltr'>illam</span> <span class='ocrx_word' id='word_1_363' title='bbox 1571 2873 1872 2908; x_wconf 81' lang='lat' dir='ltr'>admittendorum</span> <span class='ocrx_word' id='word_1_364' title='bbox 1897 2871 2009 2907; x_wconf 87' lang='lat' dir='ltr'>facul-</span> 
     </span>
     <span class='ocr_line' id='line_1_41' title="bbox 237 2926 1831 2977; baseline -0.004 -10"><span class='ocrx_word' id='word_1_365' title='bbox 237 2934 351 2967; x_wconf 83' lang='lat' dir='ltr'>tatem</span> <span class='ocrx_word' id='word_1_366' title='bbox 377 2933 444 2967; x_wconf 79' lang='lat' dir='ltr'>tibi</span> <span class='ocrx_word' id='word_1_367' title='bbox 470 2931 644 2977; x_wconf 89' lang='lat' dir='ltr'>impertit.</span> <span class='ocrx_word' id='word_1_368' title='bbox 697 2930 831 2965; x_wconf 88' lang='lat' dir='ltr'>Omnes</span> <span class='ocrx_word' id='word_1_369' title='bbox 857 2929 923 2963; x_wconf 85' lang='lat' dir='ltr'>tibi</span> <span class='ocrx_word' id='word_1_370' title='bbox 948 2940 1013 2963; x_wconf 88' lang='lat' dir='ltr'>nos</span> <span class='ocrx_word' id='word_1_371' title='bbox 1040 2928 1342 2963; x_wconf 86' lang='lat' dir='ltr'>commendamus.</span> <span class='ocrx_word' id='word_1_372' title='bbox 1393 2928 1506 2962; x_wconf 86' lang='lat' dir='ltr'>Roma</span> <span class='ocrx_word' id='word_1_373' title='bbox 1534 2928 1588 2962; x_wconf 80' lang='lat'>17.</span> <span class='ocrx_word' id='word_1_374' title='bbox 1613 2926 1701 2961; x_wconf 84' lang='lat' dir='ltr'>Maii</span> <span class='ocrx_word' id='word_1_375' title='bbox 1730 2926 1831 2960; x_wconf 81' lang='lat'>1561.</span> 
     </span>
    </p>
   </div>
   <div class='ocr_carea' id='block_1_16' title="bbox 465 3031 654 3034">
    <p class='ocr_par' dir='ltr' id='par_1_19' title="bbox 465 3031 654 3034">
     <span class='ocr_line' id='line_1_42' title="bbox 465 3031 654 3034; baseline 0 0"><span class='ocrx_word' id='word_1_376' title='bbox 465 3031 654 3034; x_wconf 95' lang='lat' dir='ltr'> </span> 
     </span>
    </p>
   </div>
   <div class='ocr_carea' id='block_1_17' title="bbox 244 3033 459 3038">
    <p class='ocr_par' dir='ltr' id='par_1_20' title="bbox 244 3033 459 3038">
     <span class='ocr_line' id='line_1_43' title="bbox 244 3033 459 3038; baseline 0 0"><span class='ocrx_word' id='word_1_377' title='bbox 244 3033 459 3038; x_wconf 95' lang='lat' dir='ltr'> </span> 
     </span>
    </p>
   </div>
   <div class='ocr_carea' id='block_1_18' title="bbox 359 3095 1794 3205">
    <p class='ocr_par' dir='ltr' id='par_1_21' title="bbox 359 3095 1794 3205">
     <span class='ocr_line' id='line_1_44' title="bbox 363 3095 1501 3142; baseline -0.003 -9"><span class='ocrx_word' id='word_1_378' title='bbox 363 3101 373 3120; x_wconf 82' lang='lat'><em>¹</em></span> <span class='ocrx_word' id='word_1_379' title='bbox 400 3098 661 3133; x_wconf 88' lang='lat' dir='ltr'>Theodoricum</span> <span class='ocrx_word' id='word_1_380' title='bbox 689 3097 871 3132; x_wconf 86' lang='lat' dir='ltr'>Canisium</span> <span class='ocrx_word' id='word_1_381' title='bbox 899 3096 1007 3137; x_wconf 89' lang='lat' dir='ltr'>dicit;</span> <span class='ocrx_word' id='word_1_382' title='bbox 1033 3097 1080 3132; x_wconf 90' lang='lat' dir='ltr'>cf.</span> <span class='ocrx_word' id='word_1_383' title='bbox 1106 3108 1216 3142; x_wconf 89' lang='lat' dir='ltr'>supra</span> <span class='ocrx_word' id='word_1_384' title='bbox 1241 3108 1275 3142; x_wconf 90' lang='lat' dir='ltr'>p.</span> <span class='ocrx_word' id='word_1_385' title='bbox 1304 3095 1501 3131; x_wconf 82' lang='lat'><strong>132—133.</strong></span> 
     </span>
     <span class='ocr_line' id='line_1_45' title="bbox 359 3147 1794 3205; baseline -0.003 -19"><span class='ocrx_word' id='word_1_386' title='bbox 359 3153 372 3174; x_wconf 74' lang='lat'>²</span> <span class='ocrx_word' id='word_1_387' title='bbox 391 3152 449 3205; x_wconf 32' lang='lat' dir='ltr'>&#39;De</span> <span class='ocrx_word' id='word_1_388' title='bbox 476 3151 532 3186; x_wconf 91' lang='lat' dir='ltr'>his</span> <span class='ocrx_word' id='word_1_389' title='bbox 558 3151 751 3186; x_wconf 84' lang='lat' dir='ltr'>cardinalis</span> <span class='ocrx_word' id='word_1_390' title='bbox 777 3150 1005 3185; x_wconf 84' lang='lat' dir='ltr'>Truchsessii</span> <span class='ocrx_word' id='word_1_391' title='bbox 1030 3150 1162 3184; x_wconf 85' lang='lat' dir='ltr'>litteris</span> <span class='ocrx_word' id='word_1_392' title='bbox 1188 3150 1271 3184; x_wconf 85' lang='lat' dir='ltr'>vide</span> <span class='ocrx_word' id='word_1_393' title='bbox 1296 3149 1400 3191; x_wconf 82' lang='lat' dir='ltr'>infra,</span> <span class='ocrx_word' id='word_1_394' title='bbox 1425 3159 1581 3183; x_wconf 88' lang='lat' dir='ltr'>monum.</span> <span class='ocrx_word' id='word_1_395' title='bbox 1608 3147 1688 3182; x_wconf 84' lang='lat'>274.</span> <span class='ocrx_word' id='word_1_396' title='bbox 1715 3147 1794 3181; x_wconf 82' lang='lat'>275.</span> 
     </span>
    </p>
   </div>
   <div class='ocr_carea' id='block_1_19' title="bbox 2052 0 2093 2787">
    <p class='ocr_par' dir='ltr' id='par_1_22' title="bbox 2052 0 2093 2787">
     <span class='ocr_line' id='line_1_46' title="bbox 2052 0 2093 2787; baseline 0 0"><span class='ocrx_word' id='word_1_397' title='bbox 2052 0 2093 2787; x_wconf 95' lang='lat' dir='ltr'> </span> 
     </span>
    </p>
   </div>
   <div class='ocr_carea' id='block_1_20' title="bbox 2091 2783 2093 3423">
    <p class='ocr_par' dir='ltr' id='par_1_23' title="bbox 2091 2783 2093 3423">
     <span class='ocr_line' id='line_1_47' title="bbox 2091 2783 2093 3423; baseline 0 0"><span class='ocrx_word' id='word_1_398' title='bbox 2091 2783 2093 3423; x_wconf 95' lang='lat' dir='ltr'> </span> 
     </span>
    </p>
   </div>
  </div>
 </body>
</html>
