2093 3444
202 217 359 251 Monum.
388 215 563 260 (august.)
593 217 673 251 245.
704 217 883 260 (Exeunte
910 229 955 252 m.
983 218 1075 261 Aug.
1104 220 1140 252 et
1164 218 1310 252 ineunte
1335 230 1381 252 m.
1408 218 1504 263 Sept.
1535 217 1652 262 1562.)
1731 220 1815 261 611

168 335 218 376 P.
242 335 501 376 Franciscus
534 335 767 376 Sacclcinus
801 336 842 377 ὅ.
867 335 910 377 J.
945 337 1019 387 (cle
1051 350 1129 391 quo
1162 336 1215 389 ef.
1251 336 1386 389 infra,
1421 351 1602 379 monum.
1630 337 1739 389 270)
1772 338 1818 378 in

48 402 135 442 vita
171 400 335 442 Canisii
365 399 620 454 Inyolstadn·
663 414 700 441 α.
735 402 851 441 1616
895 402 1029 454 edita,
1066 405 1288 456 postquam
1327 402 1547 443 Canisizmn
1589 417 1606 443 e
1646 403 1818 443 coneilio

48 466 279 508 tridentino
307 465 544 519 Auqustcnn
578 466 793 506 revertisse
827 468 1034 519 narrauit,
1069 468 1128 507 sie
1157 467 1316 521 perqe't:
1348 466 1572 520 Exceptus
1606 469 1673 509 est
1704 480 1818 508 nunc

48 544 242 584 quoque,
287 532 331 572 et
364 528 538 571 auditus
570 529 734 571 maiore
767 530 954 582 quadam
987 531 1198 573 auiditate
1231 533 1439 584 tanquam
1481 546 1536 573 ex
1567 532 1697 585 longo
1731 531 1819 573 col-

49 596 166 638 lecta
210 595 338 637 fame.
402 594 641 648 Praecipue
689 596 836 636 autem
884 595 1090 637 salutaris
1134 596 1326 638 reuersio
1374 596 1457 639 fuit
1501 596 1819 651 Anabaptistae

49 660 323 715 grandaem,
368 659 439 713 qui
470 660 584 702 bona
617 659 776 701 aetatis
809 662 934 713 parte
975 660 1018 701 in
1052 675 1103 702 ea
1134 660 1305 703 haeresi
1337 664 1614 715 consumpta,
1656 662 1743 703 iam
1777 664 1820 704 et

49 725 247 782 partibus
270 725 473 778 Magistri
496 724 710 779 susceptis
732 724 960 778 Augustae
987 725 1316 767 conciliabulum
1340 727 1554 779 quoddam
1579 741 1633 768 ex
1655 726 1821 781 pariter

50 791 338 834 delirantibus
363 790 477 832 domi
499 804 604 832 suae
629 789 834 842 frequens
859 790 1061 841 habebat,
1096 794 1352 845 coetumque
1385 806 1553 834 omnem
1581 792 1820 835 autoritate

51 856 285 912 praecipua
317 856 591 910 gubernabat
606 856 633 898 1.
689 855 794 896 Cum
827 858 972 897 autem
1007 859 1236 909 praestans
1268 856 1312 898 in
1345 857 1541 908 artificio,
1577 857 1689 910 quod
1721 871 1821 911 pro-

50 922 287 965 fitebatur2
329 920 392 974 (et
433 921 575 963 solent
606 919 926 974 Anabaptistae
968 920 1012 961 in
1046 921 1245 975 operibus
1288 922 1445 964 artium
1487 922 1682 976 profiteri
1720 922 1821 964 sub-

50 986 279 1040 tilitatem)
313 986 527 1040 idemque,
561 988 769 1039 quantum
804 986 1078 1028 monstrabat
1104 986 1252 1037 facies,
1288 990 1415 1030 extra
1446 987 1660 1038 haeresin⁷
1694 988 1821 1030 homo

53 1056 172 1096 esset
204 1052 378 1094 minime
410 1052 564 1102 malus,
599 1051 653 1093 ab
687 1050 883 1093 omnibus
917 1052 1009 1093 fere
1040 1051 1302 1105 diligebatur
1334 1087 1342 1095 .
1377 1053 1494 1106 Ergo
1528 1053 1747 1096 coniectus
1779 1053 1824 1094 in

54 1118 240 1169 vincula,
276 1132 372 1160 cum
394 1117 700 1160 Protestantes
733 1130 883 1170 aeque,
918 1117 1215 1170 Catholicique
1249 1120 1481 1169 certarent,
1516 1121 1566 1160 vt
1599 1119 1653 1160 ad
1675 1120 1824 1172 partes

54 1183 328 1239 perlicerent,
364 1185 408 1225 et
440 1183 494 1224 ad
521 1196 623 1224 suos
656 1182 892 1224 audiendos
916 1182 1128 1224 Doctores
1161 1182 1412 1233 inuitarent‚
1447 1184 1655 1238 praetulit
1688 1183 1823 1225 omni-

53 1250 134 1292 bus
164 1249 257 1303 ipse
280 1247 498 1291 canisium
532 1263 541 1290 ε
576 1249 861 1301 acturumque
894 1261 989 1289 cum
1013 1262 1097 1289 vno
1130 1248 1203 1289 illo
1236 1248 1536 1302 pronuntiauit
1570 1284 1578 1292 .
1613 1249 1823 1292 Continuo

55 1316 188 1358 Pater
220 1314 275 1356 ad
309 1328 406 1356 eum
437 1327 524 1355 vna
557 1327 652 1355 cum
685 1314 828 1355 Duum
862 1313 954 1355 viro
989 1312 1232 1355 catholico3
1273 1313 1394 1356 venit
1428 1349 1435 1356 .
1471 1314 1719 1368 Disputatio
1759 1314 1825 1356 in-

54 1379 264 1430 stituitur,
300 1379 376 1421 sed
408 1379 605 1421 modesta
639 1379 887 1429 admodum,
924 1381 1055 1432 atque
1088 1379 1339 1432 tranquilla,
1375 1379 1595 1422 collationi
1628 1380 1824 1434 propi0r3

56 1449 106 1489 vt
145 1444 441 1499 Anabaptista
486 1444 701 1487 facilitate
745 1443 911 1495 Patris,
959 1446 1003 1486 et
1048 1444 1233 1486 caritate
1278 1444 1508 1498 plurimum
1553 1449 1782 1499 caperetur
1816 1480 1824 1488 .

56 1511 253 1564 Denique
295 1511 450 1565 illapso
484 1509 691 1553 diuinitus
732 1509 877 1560 radio,
921 1509 983 1552 ita
1015 1512 1237 1564 permotus
1280 1512 1368 1560 est,
1414 1510 1710 1564 paulatimque
1753 1511 1826 1552 de-

55 1577 232 1627 doctus,
275 1578 324 1618 vt
356 1575 534 1618 veritati
572 1589 726 1617 manus
759 1575 883 1617 daret
919 1590 927 1616 :
961 1578 1194 1628 sectaeque
1234 1574 1392 1629 impiae
1425 1575 1569 1629 capita
1606 1575 1650 1617 in
1682 1575 1827 1618 libello

56 1642 283 1697 proposita
329 1641 616 1695 chirographo
665 1655 741 1682 suo
788 1641 1025 1693 configeret
1068 1656 1076 1682 :
1117 1641 1170 1682 ad
1216 1643 1459 1683 extremum
1503 1641 1739 1695 productus
1782 1641 1827 1683 in

57 1708 223 1750 curiam
266 1721 410 1749 coram
450 1709 545 1749 toto
579 1709 735 1749 senatu
775 1720 922 1747 onmes
956 1708 1204 1757 reuocaret,
1247 1708 1291 1748 et
1324 1709 1603 1749 execraretur
1645 1721 1826 1759 errores⁷

56 1772 206 1816 addito
241 1773 524 1815 Sacramento
567 1771 672 1814 nihil
703 1771 793 1814 tale
826 1773 925 1826 post
957 1771 1064 1813 haec
1098 1771 1396 1822 defensurum,
1441 1774 1516 1814 aut
1550 1771 1826 1815 crediturum.

179 1866 397 1908 Sacchinus,
432 1866 526 1901 unde
560 1866 651 1901 haec
684 1867 866 1908 hauserit,
903 1878 973 1900 non
1008 1866 1209 1910 significat;
1249 1877 1290 1900 ac
1317 1866 1501 1911 complura
1527 1866 1571 1900 ab
1599 1878 1638 1900 eo
1665 1867 1829 1911 proferri,

58 1932 153 1965 quae
178 1921 216 1954 in
242 1919 479 1955 semestribus
505 1920 579 1955 illis
605 1920 738 1955 litteris
765 1921 892 1955 domus
919 1920 952 1955 S.
982 1920 1014 1954 J.
1042 1922 1268 1963 augustanae
1306 1919 1404 1962 (vide
1439 1931 1549 1964 supra
1574 1932 1607 1964 p.
1635 1919 1720 1964 609)
1760 1932 1831 1955 non

59 1976 163 2017 sunt,
200 1974 307 2008 facile
333 1976 453 2019 patet;
488 1973 632 2008 aliunde
658 1974 770 2017 igitur
796 1974 884 2008 haec
912 1985 993 2008 eum
1020 1973 1185 2008 hausisse
1213 1975 1350 2007 certum
1377 1975 1449 2013 est;
1488 1984 1530 2007 ac
1565 1973 1651 2007 mihi
1688 1974 1830 2017 quidem

58 2028 151 2062 satis
178 2029 234 2062 est
259 2027 453 2072 probabile,
481 2039 561 2062 eum
579 2028 693 2073 ipsius
713 2027 848 2062 Canisii
867 2027 1033 2072 epistulis
1052 2027 1110 2061 vel
1129 2026 1337 2060 Tridentum
1357 2026 1402 2060 ad
1419 2026 1583 2060 Lainium
1602 2026 1660 2060 vel
1680 2026 1831 2062 Romam

59 2081 105 2116 ad
132 2081 166 2116 S.
193 2081 423 2116 Franciscum
450 2081 619 2125 Borgiam
645 2081 766 2116 missis
792 2093 897 2115 usum
934 2092 1032 2119 esse:
1072 2082 1296 2123 augustanae
1331 2081 1452 2114 autem
1481 2079 1614 2114 Canisii
1654 2080 1830 2125 epistulae

59 2147 102 2170 eo
127 2136 289 2180 tempore
316 2135 360 2168 ad
387 2134 551 2169 Lainium
578 2137 615 2169 et
639 2135 809 2178 Borgiam
837 2135 942 2169 datae
968 2134 1105 2179 perisse
1131 2133 1299 2168 videntur
1325 2144 1458 2167 omnes.

885 2257 1016 2299 245.

396 2347 564 2385 Exeunte
588 2357 635 2384 m.
662 2347 828 2394 Augusto
856 2349 892 2384 et
919 2347 1067 2384 ineunte
1093 2357 1140 2383 111.
1167 2345 1373 2394 Septembri
1398 2345 1492 2382 1562.

184 2437 240 2471 Ex
269 2438 423 2471 Gassari
452 2437 666 2480 „Annalium
693 2437 1066 2481 Augstburgensiuni“
1098 2435 1261 2480 exemplo
1287 2435 1364 2477 illo,
1392 2435 1485 2480 quod
1512 2447 1591 2470 cum
1618 2435 1835 2470 bibliotheca

63 2490 134 2579 311}
140 2489 439 2587 L‘heidelbergensi
464 2491 615 2525 Romam
641 2490 793 2524 allatum
819 2492 941 2525 exstat
966 2489 1002 2524 in
1037 2489 1274 2524 bibliothecae
1309 2488 1498 2523 vaticanae
1526 2488 1609 2523 Cod.
1641 2489 1736 2531 „PaL
1770 2489 1834 2524 lat.

188 2555 235 2589 Kp.
264 2544 331 2578 602
356 2571 362 2577 .

188 2621 327 2654 Canisii
352 2631 461 2664 opera
486 2621 716 2654 intercedente
741 2621 922 2665 Hilffrycle
951 2625 981 2654 et
1011 2621 1069 2662 (ut
1095 2619 1251 2660 videtur)
1281 2618 1442 2662 Sehmid‚
1479 2618 1736 2661 Anabaptz'stae
1771 2629 1836 2653 au-

60 2676 220 2718 qustam',
248 2684 387 2708 errores
411 2674 625 2707 sollemniter
650 2678 856 2708 retractant.

188 2758 408 2799 Gassarus
446 2758 695 2800 lutheranus
735 2756 851 2809 (vide
888 2772 1021 2813 supra
1057 2772 1102 2811 p.
1138 2755 1243 2807 610)
1286 2757 1331 2797 in
1367 2753 1663 2807 »Αηηαίίὂῖιεα
1700 2769 1835 2809 auqu-

65 2824 204 2865 stanz's
248 2823 370 2876 haec,
414 2827 583 2877 praeter
627 2824 716 2865 alia
725 2857 737 2878 7
789 2823 839 2865 de
884 2823 1007 2864 rebus
1051 2824 1268 2876 Aaqustae
1312 2820 1522 2862 mensibus
1565 2821 1754 2875 Auyusto
1801 2825 1836 2861 et

68 2888 301 2944 Septembri
343 2902 382 2931 a.
417 2890 533 2930 1562
568 2889 694 2943 yeslis
726 2888 918 2944 profert:
950 2886 1166 2929 Vicesimo
1199 2885 1387 2927 secundo
1421 2884 1519 2926 dein
1552 2883 1642 2926 eius
1674 2883 1835 2926 mensis

70 2953 160 3003 die,
207 2952 403 2995 cantauit
433 2953 650 2995 Antonius
682 2953 949 3007 Hilffrychus
983 2950 1262 3005 anabaptista
1303 2949 1390 3003 (cui
1421 2949 1603 2992 fontana
1635 2949 1837 2992 Machina

193 3099 203 3119 ¹
231 3098 382 3132 Ioannes
408 3098 578 3139 Iacobus;
607 3098 689 3132 vide
716 3110 825 3143 supra
851 3110 885 3143 p.
913 3097 992 3132 610.

192 3152 205 3172 ²
231 3151 354 3186 Sartor
381 3154 476 3193 erat;
504 3151 588 3186 vide
613 3162 723 3197 supra
748 3163 782 3197 p.
811 3152 891 3186 610.

191 3205 205 3226 ³
233 3204 490 3250 Christophoro
517 3205 713 3249 Peutinger
738 3207 801 3239 aut
826 3203 981 3238 Henrico
1008 3202 1222 3246 Rehlinger3
1250 3201 1333 3236 vide
1359 3212 1468 3246 supra
1494 3212 1527 3246 p.
1555 3201 1657 3236 6061.

1488 3260 1562 3293 39*
