2093 3444
188 195 243 235 30
717 186 796 222 532.
834 186 985 219 Ioannes
1012 184 1055 218 de
1080 184 1238 219 Polanco
1265 183 1420 218 Canisio.

281 304 503 339 Particulam
539 302 645 337 huius
672 301 849 347 epistulae
875 301 915 334 P.
943 301 1135 334 Hurtadns
1160 300 1270 333 Perea
1296 298 1330 333 S.
1358 299 1390 333 J.
1418 310 1464 332 ex
1498 298 1696 344 archetypo
1731 297 1962 344 transcripsit

187 361 224 393 in
248 358 391 393 litteras
417 358 585 400 Augusta
613 356 667 390 11.
694 354 833 400 Aprilis
861 354 950 388 1561
980 352 1114 387 Canisii
1150 352 1249 386 iussu
1285 352 1329 386 ad
1355 351 1520 386 Lainium
1555 364 1576 386 a
1611 364 1650 386 se
1685 352 1834 392 missas;
1871 363 1961 396 quas

189 412 284 446 mfla
306 422 585 509 ffissgfflllgs-USUS
612 464 646 497 et
674 463 717 496 N.
738 462 885 504 Paulus,
911 459 1158 494 Historisches
1183 458 1369 493 Jahrbueh
1388 458 1473 492 XIV
1494 458 1690 502 (Miinchen
1711 457 1830 503 1893),
1858 459 1959 494 548¹.
1980 448 1981 451 Ἴ

306 542 501 585 Epistulae.
557 540 704 573 Gradus
730 539 934 571 academici.
987 537 1284 579 Arc-hiepisae·0pus
1319 537 1528 569 voloniensis
1563 536 1611 568 ad
1646 536 1828 578 colleyium
1862 535 1960 569 Colo-

190 598 271 630 niae
294 596 525 638 fundandum
555 593 786 626 inducendus.
837 592 945 625 Libri
972 593 1061 624 novi.
1117 591 1315 623 Germania
1351 600 1475 622 rerum
1502 600 1675 622 novarum.
1701 589 1960 622 amantissima.

188 651 257 683 Bes
283 650 424 683 com-ilii
450 659 519 681 non
546 648 692 689 fervent.
733 645 872 679 canisii
898 645 1166 677 calet-humenm
1193 648 1223 676 et
1248 644 1430 676 auditores
1445 647 1688 685 protestantes.
1728 642 1963 686 Colleyiornm

189 706 410 737 monacensis
447 706 477 735 et
514 701 801 743 inqolstadienscs
838 699 1080 741 amplificatio.
1142 698 1241 730 Socii
1274 697 1420 739 hispani
1459 697 1494 729 in
1539 697 1771 730 Germaniam
1813 697 1962 729 venturi.

192 758 312 801 „Aqui
338 753 439 789 Deif‘
492 755 671 789 Salutatio
707 753 878 795 anyelica.
934 752 1101 785 Canisius
1132 752 1393 784 Gernmnornm
1433 751 1572 792 inyene'o
1609 751 1757 783 nimium
1796 750 1962 792 indulyet.

191 810 330 853 Sibylla
356 809 534 851 Fuyyera.
590 808 745 840 Bruma&
801 806 991 848 Colleye'nm
1017 806 1274 847 moynntinnm.
1326 803 1540 836 Facultates.

309 892 537 934 Riceuette
579 892 727 932 nostro
770 889 909 931 Padre
951 888 1094 941 quelle
1137 887 1179 929 di
1221 887 1286 930 .V.
1327 886 1591 928 Reuerentia
1633 886 1675 927 di
1715 885 1853 940 primo
1894 885 1962 927 del

190 960 414 1013 p1·esente;
458 956 600 1009 quelle
632 955 747 996 della
779 953 1015 996 settim-ana
1048 955 1227 1007 passata
1259 966 1345 993 non
1377 966 1482 994 sono
1517 965 1739 1006 comparse
1777 951 1855 993 che
1887 951 1963 993 do-

190 1037 356 1065 ueueno
390 1023 521 1064 esser’
558 1020 659 1063 delli
696 1021 778 1062 22.
814 1020 866 1061 de
898 1019 1133 1061 Febrar01.

309 1088 414 1130 Ben'
457 1101 558 1129 sara
599 1088 761 1129 trouar’
805 1085 931 1127 modo
975 1084 1027 1126 de
1068 1085 1310 1138 promouer'
1350 1083 1379 1123 li
1421 1082 1559 1124 nostri
1602 1082 1674 1124 alli
1716 1081 1841 1135 gradi
1884 1096 1962 1124 con

191 1153 331 1195 minor
362 1167 511 1207 spesa,
552 1155 596 1194 et
627 1150 935 1193 incommodita
969 1149 1046 1191 che
1078 1150 1136 1190 fin
1169 1151 1242 1201 qui
1275 1162 1395 1190 come
1428 1147 1480 1190 V.
1515 1147 1778 1189 Reuerentia
1810 1146 1962 1190 scriue.

310 1219 414 1260 Ben’
450 1219 472 1260 e
494 1216 806 1259 raccomandar
821 1221 834 1235 ³
867 1216 907 1257 al
932 1215 1081 1256 Priore
1114 1214 1227 1256 della
1250 1213 1449 1255 Cartusia
1480 1212 1510 1253 11
1533 1212 1670 1255 nostri
1693 1212 1735 1254 di
1758 1211 1963 1261 Collonia‚

193 1298 262 1326 ma
294 1283 453 1337 meglio
486 1282 668 1325 sarebbc
711 1281 788 1323 che
821 1281 848 1322 l’
871 1279 1162 1322 Arciuescouo
1205 1279 1240 1320 si
1282 1278 1439 1320 facessi
1482 1292 1641 1332 capace
1682 1280 1844 1330 quanto
1884 1277 1964 1319 im-

192 1349 452 1404 portarebbe
493 1363 548 1389 un
583 1346 774 1400 Collegio
817 1345 859 1387 di
901 1348 1052 1388 nostra
1085 1343 1349 1398 Compagnia
1390 1344 1506 1385 nella
1546 1357 1625 1384 sua
1663 1343 1866 1391 Diocese;
1909 1342 1964 1385 ho

193 1429 329 1469 paura
362 1414 425 1456 ch’
451 1414 489 1455 el
522 1414 635 1455 buon
677 1415 870 1454 mercato
913 1411 991 1453 che
1024 1425 1070 1452 se
1103 1411 1131 1451 11
1171 1414 1194 1451 ‘c
1227 1409 1340 1452 fatto
1382 1409 1524 1450 dando
1566 1409 1594 1449 li
1627 1407 1888 1462 predicatori
1921 1411 1965 1451 et

194 1479 339 1532 lettorj
373 1482 417 1521 et
450 1477 688 1520 confessori
730 1491 859 1518 senza
891 1476 969 1518 che
1002 1475 1147 1518 niente
1180 1474 1209 1516 li
1243 1474 1425 1517 costassi
1458 1473 1487 1515 li
1519 1473 1565 1515 fa-
1599 1474 1678 1516 che
1708 1487 1794 1516 non
1826 1473 1965 1516 faccia

192 1559 302 1598 gran
344 1547 470 1586 conto
505 1544 556 1585 dc
598 1542 821 1585 stabellire
863 1541 1007 1595 quella
1045 1540 1319 1590 fondatione,
1364 1541 1385 1581 e
1426 1539 1545 1581 forse
1586 1539 1664 1581 che
1704 1539 1741 1580 si
1781 1539 1965 1581 hauesse

193 1624 332 1665 paura
364 1610 443 1652 che
476 1609 621 1663 quella
652 1611 782 1662 gente
825 1608 853 1649 li
886 1607 992 1649 fossi
1026 1607 1157 1657 tolta,
1202 1609 1246 1648 et
1287 1604 1545 1648 transferita
1586 1607 1612 1647 ἐι
1643 1604 1755 1646 lochi
1788 1604 1897 1647 doue
1930 1604 1964 1646 si

193 1676 382 1718 fondano
415 1674 593 1728 Collegij
628 1673 805 1715 sarebbe
838 1672 938 1715 altri
974 1671 1140 1725 disegni
1157 1671 1186 1713 2.

312 1757 569 1811 Videbamus,
604 1762 647 1798 ut
681 1757 941 1798 Germaniae
973 1755 1152 1808 colleqiis
1181 1754 1322 1796 Socios
1355 1754 1580 1806 mittamus,
1616 1753 1797 1794 maxime
1829 1758 1965 1796 autem

197 1823 483 1879 Praqensibus
516 1824 777 1877 mczqistrum,
811 1836 927 1876 quem
958 1824 1117 1875 petunt,
1151 1819 1530 1860 subministremus.

318 1969 467 2014 Accepit
494 1969 636 2012 quidem
663 1970 766 2013 pater
792 1968 914 2001 noster
940 1966 1164 2000 reverentiae
1192 1967 1336 1999 vestrae
1362 1963 1504 1998 litteras
1522 1963 1688 1997 kalendis
1705 1962 1813 1998 huius
1830 1962 1966 1998 mensis

196 2023 300 2057 datas
312 2036 318 2063 ;
355 2022 550 2067 superioris
586 2033 671 2055 vero
707 2020 940 2055 hebdomadis
975 2019 1118 2053 litterae
1153 2031 1220 2052 non
1249 2019 1526 2063 comparuerunt
1538 2030 1545 2057 ;
1581 2028 1672 2061 quas
1699 2016 1755 2051 22.
1782 2016 1967 2051 Februarii

196 2077 300 2111 datas
327 2087 407 2110 esse
434 2075 602 2109 existimo
622 2076 642 2109 ¹.

315 2129 473 2174 Expedit
498 2139 563 2163 vos
589 2129 764 2162 rationem
792 2127 963 2167 invenire,
991 2137 1062 2170 qua
1088 2125 1201 2160 nostri
1228 2124 1426 2158 minoribus
1452 2123 1626 2168 impensis
1650 2123 1966 2167 incommodisque,

196 2194 304 2227 quam
330 2194 445 2226 usque
472 2181 590 2216 adhuc
616 2182 752 2215 factum
780 2182 845 2221 est,
873 2180 916 2214 ad
935 2180 1071 2223 gradus
1090 2178 1316 2213 academicos
1333 2179 1623 2223 promoveantur,
1650 2176 1745 2211 sicut
1761 2176 1966 2210 reverentia

197 2238 321 2271 vestra
346 2235 503 2281 scripsit.

316 2289 427 2323 Recte
453 2288 597 2333 quidem
624 2287 854 2322 Colonienses
880 2286 992 2320 nostri
1019 2285 1128 2331 priori
1157 2283 1370 2319 Carthusiae
1396 2283 1710 2323 commendantur;
1743 2282 1806 2317 sed
1832 2282 1967 2317 rectius

197 2342 305 2377 etiam
332 2342 468 2386 agetis,
507 2342 538 2376 si
576 2340 845 2385 archiepiscopo
871 2338 1156 2385 persuadebitis,
1193 2337 1383 2372 Societatis
1418 2339 1563 2371 nostrae
1599 2335 1788 2380 collegium
1824 2334 1967 2380 aliquod

196 2395 310 2440 ipsius
336 2395 558 2440 episcopatui
584 2394 816 2428 utilissimum
842 2393 938 2433 fore;
978 2393 1087 2426 timeo
1114 2403 1191 2436 ego,
1217 2403 1262 2425 ne
1287 2390 1354 2424 hoe
1380 2390 1467 2435 ipso,
1495 2389 1588 2434 quod
1614 2392 1687 2424 tam
1714 2401 1827 2434 parvo
1852 2389 1967 2434 pretio

197 2448 471 2490 contionatores,
498 2447 712 2491 magistros,
749 2446 990 2481 confessarios
1016 2445 1047 2479 ei
1075 2445 1248 2485 dedimus,
1285 2455 1374 2488 quos
1398 2443 1475 2477 sine
1501 2443 1674 2487 impensis
1700 2441 1867 2484 habebat,
1893 2442 1966 2484 fiat,

197 2504 248 2543 ut,
274 2513 367 2546 quae
393 2501 441 2535 ibi
468 2502 664 2535 constituta
687 2502 783 2540 sunt,
810 2498 1027 2534 stabilienda
1044 2497 1140 2532 haud
1158 2496 1312 2531 multum
1331 2499 1452 2537 curet3
1479 2497 1539 2540 qui
1566 2496 1731 2536 fortasse,
1757 2496 1788 2530 si
1814 2495 1965 2537 timebit,

197 2566 242 2589 116
267 2554 430 2588 homines
456 2553 508 2588 illi
535 2565 556 2588 a
581 2565 620 2588 se
646 2553 757 2588 ablati
784 2553 819 2586 in
845 2552 935 2594 loca,
962 2552 1022 2586 ubi
1048 2550 1202 2594 collegia
1228 2549 1435 2590 fundantur,
1461 2549 1738 2590 transferantur,
1765 2548 1837 2582 alia
1862 2547 1967 2583 inibit

199 2607 348 2642 consilia
363 2608 387 2641 ².

317 2673 519 2706 Videbimus
543 2671 638 2715 [etc.,
663 2676 704 2704 ut
727 2670 874 2714 supra]

318 2788 331 2802 ³¹
357 2781 600 2816 raccomadar‘
627 2793 683 2824 ap.

323 2896 333 2914 ¹
358 2894 496 2928 Neutra
522 2905 567 2927 ex
592 2892 650 2927 his
676 2891 841 2937 epistulis
866 2901 1056 2935 superesse
1082 2889 1237 2923 videtur.

321 2948 333 2967 '-'
358 2947 551 2981 Nesciebat
585 2947 683 2980 certe
709 2944 875 2983 Lainius,
909 2943 1079 2977 Ioannem
1105 2941 1336 2977 Gebhardum
1372 2941 1415 2975 de
1440 2939 1621 2974 Mansfeld
1656 2937 1963 2983 archiepiscopum

201 3001 238 3034 in
272 3011 413 3034 summa
448 2999 662 3033 difficultate
699 2997 901 3032 nummaria
935 3008 1025 3031 esse.
1075 2995 1129 3029 De
1164 3005 1233 3039 quo
1268 2994 1301 3028 2.
1327 2993 1544 3028 Novembris
1580 2992 1670 3027 1562
1704 2993 1844 3026 mortuo
1869 2991 1964 3025 Her-

201 3065 357 3087 mcmnus
381 3054 423 3086 cle
448 3053 667 3086 Weinsberch
694 3050 918 3091 coloniensis,
944 3049 1088 3083 illorum
1112 3050 1314 3093 temporum
1340 3045 1512 3091 aequalis,
1537 3045 1698 3080 notavit:
1737 3044 1806 3086 „Er
1832 3071 1839 3078 .
1866 3070 1874 3078 .
1901 3043 1966 3078 hat

202 3105 340 3149 groisse
365 3105 482 3140 scholt
499 3105 699 3149 gelaissen“
731 3103 821 3148 (Das
838 3102 939 3137 Buch
957 3102 1186 3145 Weinsberg,
1212 3100 1332 3135 bearb.
1357 3111 1427 3134 von
1445 3100 1492 3134 K.
1511 3099 1726 3142 Hiihlbaum,
1752 3097 1786 3131 II
1804 3096 1964 3142 [Leipzig

206 3158 322 3203 1887],
350 3158 447 3202 120).
