2093 3444
208 180 263 219 50
792 173 871 208 521.
910 173 1075 207 Canisius
1100 173 1228 208 Iacobo
1255 174 1390 208 Lainio.

211 286 334 329 gnitas
360 284 569 328 significari.
621 283 674 318 De
701 284 830 328 quibus
856 285 1035 317 Polancns
1060 283 1173 317 Roma
1202 284 1257 318 18.
1286 284 1441 318 Ianuarii
1470 285 1557 319 1561
1579 285 1761 320 Victoriae
1788 285 1980 331 *scripsitz

213 338 406 380 „L'nffieio
435 337 491 371 del
518 338 665 371 Rettore
692 337 722 372 si
749 339 891 382 stampa
919 348 988 380 qua
1016 337 1153 378 adesso,
1181 349 1280 371 come
1299 337 1352 371 sia
1379 337 1478 371 finito
1504 338 1535 372 si
1553 339 1756 374 inandai·a.“
1795 340 1847 373 Ac
1865 339 1978 374 Roma

211 393 264 426 15.
292 391 476 425 Februarii
505 391 592 424 1561
623 390 745 424 *idem
773 390 907 424 eidem:
939 390 997 432 „L'
1013 390 1126 424 offitio
1153 389 1208 424 del
1235 390 1383 424 Rettore
1409 390 1439 425 si
1465 392 1595 425 manda
1622 394 1712 436 qui.“
1768 391 1815 426 Et
1839 392 1980 428 *Roma

205 445 235 478 2.
256 444 377 478 Martii
407 445 516 478 1561:
548 444 716 486 „Auisaci
744 443 798 478 .V.
826 443 1042 477 Reuerentia
1069 444 1100 477 si
1127 443 1301 477 riceuette
1327 443 1349 477 l’
1365 443 1479 478 offitio
1506 445 1562 478 del
1590 444 1736 480 Rettore
1762 447 1972 490 stampato.“

206 498 252 532 Et
278 498 420 531 *Roma
447 497 503 532 22.
530 497 667 542 Aprilis
697 497 805 531 1561:
845 496 903 538 „Si
929 499 1159 541 stamporono
1196 497 1301 541 pochi
1336 497 1440 541 quasi
1475 499 1495 531 a
1530 498 1665 532 misura
1704 498 1788 533 delli
1813 498 1972 533 Rettori“

206 552 266 595 (ex
302 550 519 596 apographis
555 550 714 584 eiusdem
750 550 932 594 temporis.
985 549 1068 584 Cod.
1110 548 1247 591 „Germ
1279 550 1389 584 1559“
1420 551 1444 584 f.
1471 551 1575 585 291²ae
1599 551 1699 586 3011’.
1728 552 1827 586 3072.
1856 551 1975 596 323b).

204 605 362 639 Primam
398 605 489 638 hanc
521 603 760 647 ‚Regularum
787 602 969 637 Rectoris“
1010 602 1221 643 editionem,
1261 614 1352 647 quae
1391 606 1487 637 certe
1525 604 1622 648 typis
1661 604 1803 648 collegii
1839 605 1976 640 romani

206 659 266 702 (ef.
298 659 385 692 Can.
413 658 501 702 Epp.
529 657 572 698 11,
600 657 655 691 69.
683 657 748 690 441
765 657 789 691 ².
815 655 900 700 496)
930 657 1028 690 faeta
1064 658 1139 696 est,
1175 656 1366 691 Societatis
1404 657 1484 691 Iesu
1518 657 1757 703 bibliographi
1793 657 1976 693 invenisse

203 724 273 746 11011
291 712 472 745 videntur.
513 711 725 752 „Rectorum
743 709 957 743 Inst-ruetio“
989 709 1066 744 sive
1093 709 1268 753 *regulae
1288 709 1457 753 antiquae
1476 712 1624 745 exstant
1650 711 1685 744 in
1704 711 1780 746 eod.
1805 711 1901 753 „XV.
1920 711 1971 745 A“

202 768 226 801 f.
255 765 436 800 752—8122
474 764 551 808 (qui
587 764 699 798 codex
735 763 879 797 saeculo
914 763 1011 797 XVI.
1047 763 1190 805 collegii
1227 762 1260 797 S.
1289 764 1321 797 J.
1360 765 1587 798 monacensis
1625 764 1730 807 erat).
1786 764 1975 807 „Officium

202 818 384 853 Rectoris“
416 830 446 852 a.
476 818 577 859 1567,
614 820 652 851 ut
681 817 843 858 videtur,
882 816 1057 861 scriptum
1085 819 1270 861 comparet
1295 816 1330 850 in
1357 817 1434 851 eod.
1466 817 1633 862 „Antiqu.
1660 817 1845 861 Ingolst.¹‘,
1871 817 1975 852 annis

204 872 434 907 1560—-1571
472 872 507 905 in
543 870 818 914 ingolstadiensi
855 870 1006 913 collegio
1042 870 1176 914 scripto
1215 870 1254 913 (f.
1283 870 1494 913 910—972).
1548 869 1645 912 Quae
1681 871 1749 905 duo
1784 870 1904 905 officia
1940 873 1976 906 et

202 926 295 960 inter
328 936 367 959 se
401 925 554 959 multum
591 924 779 964 differunt,
816 926 852 957 et
888 935 908 957 a
939 923 1110 967 „Regalis
1144 923 1313 957 rectoris⁴⁴
1356 923 1391 957 in
1422 925 1608 965 „Instituto
1644 924 1834 958 Societatis
1869 924 1969 959 Iesu“

205 980 271 1022 (III
299 978 513 1023 [Florentiae
542 977 667 1021 1893]‚
699 976 898 1020 108—115)
928 977 1054 1021 positis
1080 976 1296 1021 discrepant.
1341 976 1531 1012 Soeietatis
1559 978 1791 1021 congregatio
1817 978 1973 1012 secunda

201 1044 233 1068 a.
262 1033 352 1066 1565
385 1031 547 1075 ,regulas
577 1030 683 1065 officii
709 1030 881 1064 rectoris“
916 1029 1133 1072 „examinari
1161 1032 1195 1063 et
1221 1030 1402 1064 contrahi“
1433 1031 1589 1064 iusserat
1617 1030 1726 1075 (decr.
1746 1032 1802 1065 57.
1830 1032 1974 1065 Institu-

202 1091 275 1120 tum
302 1086 344 1127 11,
372 1086 470 1128 206).

1021 1165 1142 1207 521.

932 1257 1228 1306 CANISIUS

783 1357 1064 1401 IACQBO
1097 1357 1376 1410 LAINIO,

719 1440 921 1485 praeposito
948 1439 1109 1482 generali
1137 1439 1327 1474 Societatis
1355 1440 1447 1474 Iesu.

640 1526 808 1573 Augusta
835 1525 1109 1562 vindelicorum
1136 1526 1183 1562 15.
1211 1525 1406 1562 Februarii
1432 1525 1517 1562 1561.

316 1611 370 1645 Ex
385 1609 591 1655 apographo
606 1610 739 1644 recenti
757 1610 833 1653 (Α),
849 1609 1065 1654 transcripto
1081 1621 1124 1643 ex
1140 1609 1347 1654 archetypo,
1367 1609 1471 1653 quod,
1487 1620 1506 1642 a
1522 1608 1559 1642 P.
1577 1609 1745 1642 Hurtado
1758 1610 1866 1643 Perez
1881 1608 1915 1644 S.
1932 1609 1966 1644 J.

199 1665 358 1708 (Canisio
385 1664 551 1705 dictante,
579 1666 619 1697 ut
636 1663 794 1706 videtur)
824 1662 997 1708 scriptum
1025 1665 1060 1696 et
1078 1674 1096 1696 a
1118 1662 1260 1697 Canisio
1288 1663 1364 1707 ipso
1390 1662 1634 1707 subscriptum
1654 1661 1847 1706 („Seruus“
1870 1662 1967 1706 etc.),

196 1718 352 1764 positum
380 1719 435 1751 est
461 1718 495 1750 in
523 1717 599 1751 eod.
631 1716 690 1759 „E.
719 1717 755 1751 C.
785 1717 818 1750 1⁴
849 1716 873 1750 f.
902 1716 1120 1751 992—10012.

314 1771 464 1805 Praesto
484 1772 561 1804 erat
580 1770 687 1804 etiam
707 1770 859 1804 alterurn
875 1770 1121 1815 apographum
1141 1769 1213 1813 (B),
1233 1769 1276 1803 ad
1295 1768 1473 1803 scribendi
1488 1768 1662 1803 rationem
1677 1772 1820 1804 nostrae
1835 1770 1967 1805 aetatis

197 1824 515 1865 accommodatum,
543 1824 636 1868 quod
663 1823 728 1858 sub
748 1835 778 1858 a.
801 1824 890 1858 1860
910 1825 1058 1857 curante
1076 1825 1192 1858 Boero
1210 1834 1255 1857 ex
1274 1822 1396 1857 eodem
1423 1822 1620 1868 archetypo
1640 1822 1859 1867 descriptum
1877 1825 1965 1857 erat.

318 1907 484 1941 Canisius
510 1908 804 1951 Inyolstadienses
838 1908 937 1947 εἰπέ,-
972 1907 1010 1939 P.
1040 1907 1155 1940 Seiae(
1190 1906 1381 1949 theoloyiae
1415 1906 1536 1938 doctor
1573 1906 1621 1938 ibe·
1647 1905 1835 1939 creabitur.
1892 1906 1966 1939 Col-

194 1962 323 2005 leyium
348 1963 582 2005 tyrnariense.
635 1962 739 1994 Varii
767 1961 870 1994 Socii.
923 1961 1100 2003 Praglense
1126 1960 1303 2003 colleyium
1331 1960 1511 2001 mayz'stre's
1536 1963 1624 2002 εφη·
1657 1970 1732 2002 spes
1757 1959 1798 1992 de
1823 1970 1860 1993 eo
1887 1970 1964 1993 con-

196 2020 302 2058 cepta.
355 2016 506 2057 Loyieae
539 2014 657 2048 schola
685 2014 892 2047 Vindobona
919 2014 1074 2056 l'raqam
1110 2013 1374 2055 transferenda.
1425 2013 1701 2046 Vindobonensis
1734 2013 1870 2056 colleyii
1892 2014 1967 2055 fre-

196 2069 350 2112 quentia,
377 2069 571 2111 anyacstiae,
598 2069 775 2101 molestiae
782 2080 796 2109 ,·
823 2068 1036 2100 universitas
1060 2066 1284 2100 scholasticos
1309 2066 1456 2109 Zoyicam
1486 2067 1523 2098 1⁶⁷2
1549 2076 1586 2099 eo
1613 2067 1741 2099 audire
1766 2067 1880 2100 vetuit.
1919 2066 1965 2099 In

195 2122 357 2155 Bal-aria
388 2123 523 2164 fratres
548 2122 772 2154 scholasticos
798 2120 983 2154 Momm-hii
1010 2121 1207 2162 rhetorica,
1244 2120 1455 2162 Inyolstao'ii
1483 2119 1712 2163 philosophia
1739 2124 1768 2152 et
1793 2119 1965 2163 theoloqia

194 2176 355 2217 formari
381 2176 548 2208 convenit.
600 2175 638 2208 P.
667 2176 843 2208 Victoriae
869 2178 1002 2207 errata.
1055 2174 1180 2208 Socins
1207 2173 1425 2206 carthusiam
1452 2175 1700 2216 2‘n9›·essurus,·
1734 2173 1825 2206 alter
1849 2174 1965 2206 dimit-

194 2230 328 2262 tendus.
380 2230 467 2262 Dum
501 2232 531 2261 et
559 2229 773 2261 universitas
809 2228 1095 2269 inyolstadiensis
1122 2226 1372 2269 philosophiae
1404 2227 1640 2269 professorem
1667 2237 1688 2259 a
1716 2226 1884 2260 Societate
1908 2237 1964 2260 ex-

188 2286 327 2324 petant.
378 2282 417 2315 P.
459 2282 652 2323 Thyraeus.
715 2281 844 2315 Crsula
881 2281 917 2314 F
918 2291 1046 2323 uyyera
1085 2281 1293 2314 meritorum
1332 2280 1517 2313 Soc-{etatis
1547 2281 1731 2323 particeps
1767 2279 1964 2322 efficienda.

195 2335 407 2368 Facultates.
463 2335 650 2377 Coll‹>9i111n
676 2335 931 2377 yermanicum.

1042 2413 1122 2455 Jhs

499 2491 593 2533 Pax
626 2490 784 2534 Christi
817 2490 1039 2533 nobiscum
1071 2490 1206 2532 molto
1239 2489 1289 2532 R.
1323 2489 1367 2530 in
1400 2489 1562 2531 christo
1597 2489 1656 2532 .P.

313 2574 399 2617 Son
432 2574 594 2617 andato
626 2574 670 2616 in
703 2573 845 2627 questi
876 2573 1017 2627 giorni
1059 2586 1137 2627 per
1168 2571 1323 2614 uisitar
1363 2571 1393 2613 li
1425 2571 1564 2614 nostri
1595 2571 1639 2613 in
1671 2572 1960 2625 Jngolstadio‚

194 2639 303 2682 doue
335 2639 375 2681 io
407 2639 549 2682 trouai
581 2642 729 2693 preter
761 2638 1004 2693 opinionem
1036 2637 1065 2679 il
1100 2637 1160 2680 .P.
1195 2636 1358 2687 Seidel,
1402 2637 1466 2679 ch’
1486 2650 1561 2679 era
1601 2639 1761 2678 uenuto
1795 2651 1872 2678 con
1906 2651 1963 2679 un

193 2719 305 2747 nouo
351 2718 477 2747 00000
522 2718 599 2758 per
643 2703 901 2754 dottorarsi,
948 2703 1003 2745 da
1043 2702 1235 2753 Vienna,
1282 2705 1326 2745 et
1369 2702 1435 2743 001
1479 2701 1681 2744 scrittore
1722 2701 1764 2743 di
1808 2704 1963 2756 questa

195 2771 254 2813 .P.
289 2770 489 2812 Hurtado
523 2769 564 2811 di
597 2770 753 2822 Praga.
817 2768 987 2818 Quanto
1021 2768 1062 2810 al
1095 2767 1246 2822 primo,
1281 2766 1422 2810 subito
1455 2766 1495 2808 io
1529 2767 1649 2809 dette
1681 2766 1850 2817 ordine,
1884 2767 1962 2809 che

1039 2911 1116 2946 Jhs.

311 2979 391 3012 Pax
417 2977 551 3012 Christi
576 2977 771 3018 nobiscum,
799 2976 989 3010 admodum
1014 2975 1210 3010 reverende
1235 2975 1271 3009 in
1298 2974 1441 3008 Christo
1466 2975 1579 3019 pater.

313 3042 421 3076 Hisce
447 3042 573 3085 diebus
598 3040 681 3075 hinc
706 3040 888 3085 profectus
915 3051 1015 3081 sum,
1049 3045 1092 3073 111
1115 3041 1258 3074 nostros
1284 3038 1498 3081 Ingolstadii
1522 3037 1674 3072 viserem
1689 3050 1697 3078 ;
1732 3037 1792 3072 ubi
1817 3040 1961 3083 praeter

193 3095 394 3139 opinionem
420 3094 460 3129 P.
487 3093 681 3128 Seidelium
706 3093 867 3138 repperi;
903 3092 982 3137 qui,
1018 3094 1058 3126 ut
1093 3092 1138 3126 ad
1164 3092 1389 3126 doctoratum
1418 3092 1710 3136 promoveretur,
1742 3102 1783 3125 eo
1809 3093 1960 3126 venerat

194 3148 404 3182 Vindobona
431 3158 510 3181 eum
536 3158 629 3181 novo
655 3146 806 3190 quodam
844 3157 956 3190 coquo
983 3147 1018 3179 et
1044 3157 1124 3179 cum
1152 3145 1192 3180 P.
1218 3144 1381 3179 Hurtado
1407 3144 1527 3187 Praga
1562 3143 1734 3184 advecto,
1770 3144 1830 3188 qui
1866 3143 1960 3179 hane
