2093 3444
223 177 308 218 346
415 175 495 209 651.
533 174 698 209 canisius
725 173 905 209 Stanislao
931 174 1053 209 Hosio.
1097 174 1190 218 Aug.
1218 172 1361 208 Vindel.
1389 173 1444 208 29.
1471 173 1680 209 Decembris
1708 175 1809 210 1561.

221 292 514 346 Typographo
532 293 559 335 1.
630 292 829 335 Summas
869 292 1044 334 interim
1086 306 1169 346 ago
1214 292 1435 345 debeoque
1479 293 1645 346 gratias
1686 293 1992 336 Jllustrissimo

221 357 405 400 Domino
438 357 656 400 Cardinali
687 358 980 408 Mantuano2,
1025 356 1097 410 qui
1137 357 1218 399 hoc
1261 357 1315 399 ad
1352 370 1421 398 me
1462 371 1617 399 munus
1650 358 1788 409 dedit,
1831 373 1882 401 ac
1915 373 1992 413 pro

222 422 431 477 singularj
465 423 631 477 pietate
664 437 742 464 sua
775 422 963 463 minimis
995 421 1118 465 fauet
1151 421 1355 476 cupitque
1386 422 1638 477 gratificarj.

342 488 490 530 Scribo
537 488 706 531 tardius
754 488 806 529 ob
854 487 1099 541 publicatas
1146 487 1216 528 hic
1261 486 1449 529 Jubilaei
1495 488 1828 542 Jndulgentias,
1882 502 1993 542 quae

221 568 403 607 magnos
435 553 478 595 in
511 554 772 606 Augusta-na
804 566 945 594 messe
977 552 1150 594 labores
1184 551 1393 606 operarijs
1426 553 1548 594 nobis
1581 553 1845 604 attulerunt,
1880 553 1993 607 quod

220 619 473 672 frequenter
505 619 636 661 diuini
670 618 791 660 uerbi
823 632 971 659 semen
994 618 1285 672 spargendum
1318 617 1449 660 fuerit
1466 619 1494 667 3,
1529 620 1573 660 et
1596 618 1862 672 colligendus
1894 619 1993 662 inde

220 684 402 727 fructus.
446 684 679 738 Nunquam
703 686 834 726 antea
858 697 953 725 cum
976 682 1057 724 hoc
1079 683 1237 737 populo
1261 685 1404 725 actum
1428 683 1562 725 fuisse
1589 683 1761 725 uidetur
1782 683 1990 736 foelicius,

221 749 257 790 si
290 749 428 791 nostri
459 749 669 803 temporis
701 748 953 790 memoriam
986 750 1247 802 repetamus.
1293 746 1360 789 Ad
1384 748 1648 791 Catholicam
1672 749 1914 791 Ecclesiam
1947 763 1993 791 se

220 815 346 857 multi
388 828 442 856 ex
481 813 712 855 haereticis
744 827 969 868 recepere,
1014 827 1120 866 quos
1152 813 1336 855 mundus
1377 813 1458 855 hoc
1500 813 1671 866 quidem
1713 814 1831 865 loco,
1873 814 1994 858 uelut

220 880 420 921 Herodes
463 879 506 921 in
546 879 716 921 Judaea
757 879 985 933 paruulum
1027 879 1199 929 Jesum,
1246 878 1356 920 clam
1402 881 1445 921 et
1486 879 1632 933 palam
1672 879 1948 933 persequitur
1963 880 1991 923 4.

221 945 447 999 Exceptae
480 944 762 998 complurium
805 943 1121 995 confessiones,
1165 944 1234 997 quj
1277 943 1425 986 multis
1466 945 1519 985 ab
1557 944 1655 985 hinc
1688 943 1812 986 annis
1845 945 1993 999 poeni-

219 1010 386 1053 tentiae
433 1013 755 1052 sacramentum
801 1009 1096 1052 deseruerant.
1169 1009 1226 1051 Jn
1274 1008 1445 1063 publica
1493 1009 1809 1064 supplicatione
1856 1010 1994 1052 maior

221 1090 348 1129 quam
384 1075 508 1117 annis
540 1074 846 1129 superioribus,
880 1074 975 1116 uisa
1008 1077 1076 1117 est
1108 1074 1474 1128 comprecantium
1506 1075 1648 1117 turba.
1692 1074 1811 1125 Quae
1843 1089 1914 1117 res
1945 1077 1995 1117 ut

221 1140 454 1184 Catholicis
486 1140 666 1182 mirifice
698 1140 873 1194 placuit,
913 1139 1172 1194 praesertim
1205 1153 1301 1181 cum
1334 1142 1659 1182 sacrosanctum
1693 1140 1994 1182 Eucharistiae

221 1209 542 1249 sacramentum
572 1219 658 1247 non
681 1207 934 1247 reuerenter
955 1204 1108 1254 minus,
1144 1218 1272 1258 quam
1294 1203 1548 1258 frequenter
1570 1204 1705 1259 accipi
1729 1208 1991 1255 cerneretur,

216 1272 284 1326 jta
316 1286 400 1313 non
432 1271 576 1326 potuit
608 1270 818 1313 sectarios
850 1284 935 1312 non
969 1270 1198 1320 offendere,
1233 1284 1340 1323 quos
1371 1270 1579 1312 aduersus
1611 1270 1859 1313 institutum
1883 1271 1993 1313 Con—

222 1337 306 1391 cilij
331 1337 469 1391 plenis
492 1350 671 1390 crepare
694 1335 848 1377 Buccis
870 1335 1025 1377 mirum
1049 1350 1133 1377 non
1168 1338 1247 1378 est.
1294 1335 1377 1377 Sed
1400 1335 1565 1378 excitat
1587 1336 1760 1378 interim
1783 1336 1993 1378 Dominus

222 1405 266 1445 et
298 1403 491 1444 illustrat
524 1401 792 1455 quorundam
826 1401 1013 1451 animos,
1054 1404 1102 1443 ut
1134 1400 1401 1443 Catholicam
1435 1401 1574 1443 lucem
1607 1400 1754 1443 uidere
1786 1401 1992 1454 gestiant.

221 1467 350 1510 Adsit
392 1467 601 1509 Dominus
644 1466 865 1508 Ecclesiae
907 1480 1011 1508 suae
1053 1465 1096 1507 in
1137 1466 1203 1507 his
1247 1466 1440 1508 tenebris
1483 1469 1526 1508 et
1570 1465 1794 1520 procellis,
1841 1466 1994 1520 quibus

222 1533 426 1586 Angliam
462 1535 579 1574 certe
612 1532 785 1585 liberarj
821 1532 1101 1574 uehementer
1135 1533 1335 1586 optamus
1351 1533 1380 1574 5.

341 1598 551 1639 Audimus
584 1597 627 1638 in
661 1597 812 1650 Gallijs
844 1598 974 1650 longe
1006 1597 1181 1650 lateque
1204 1596 1368 1638 zizania
1395 1596 1675 1648 succreuisse,
1709 1599 1757 1639 ut
1789 1610 1994 1650 magnum

223 1663 280 1706 sit
310 1663 456 1706 tritico
490 1663 727 1717 periculum
760 1662 1059 1713 metuendum,
1103 1661 1184 1703 nisi
1225 1665 1452 1704 succurrat
1484 1661 1830 1713 Paterfamilias,
1874 1661 1994 1704 cuius

223 1743 376 1782 agrum
408 1728 606 1770 inimicus
638 1728 709 1770 illc
742 1727 902 1782 passim
936 1727 1092 1770 uitiarc
1126 1727 1348 1771 contendit
1370 1727 1527 1770 iniecto
1560 1728 1673 1778 lolio,
1708 1728 1821 1780 quod
1853 1728 1994 1782 magis

221 1808 334 1836 nunc
367 1808 495 1847 quam
527 1793 721 1837 triticum
753 1793 925 1848 placere
961 1793 1103 1847 coepit
1119 1794 1147 1835 θ.

340 1859 636 1914 Expectamus
679 1858 941 1909 orationem,
985 1873 1036 1900 ac
1070 1857 1270 1912 quicquid
1313 1858 1482 1900 demum
1523 1857 1629 1900 illud
1661 1857 1740 1908 sit,
1784 1858 1897 1911 quod
1938 1857 1992 1900 ad

221 1925 397 1979 Concilij
433 1924 849 1967 commendationem
882 1923 925 1965 in
958 1923 1096 1966 lucem
1131 1923 1337 1973 edetur7‚
1377 1926 1425 1966 ut
1456 1923 1595 1965 maior
1626 1923 1806 1966 accedat
1837 1923 1992 1966 autho-

220 1991 330 2034 ritas
361 1990 459 2032 huic
491 1989 716 2040 instituto,
761 1989 873 2043 quod
917 1989 1030 2044 apud
1063 1991 1238 2031 exteros
1280 1989 1451 2042 quidem
1492 2003 1578 2030 non
1617 1988 1681 2031 ita
1721 1988 1991 2043 praeclarum

220 2056 335 2098 forte
367 2055 606 2105 iudicatur,
651 2054 1009 2108 quemadmodum
1053 2068 1123 2096 res
1164 2054 1258 2108 ipsa
1298 2057 1503 2097 meretur.
1567 2054 1729 2107 -Jtaque
1766 2053 1991 2108 cupiebam

223 2204 295 2247 „De
321 2205 520 2240 tractandis
546 2205 581 2238 in
609 2205 766 2239 Concilio
793 2204 1032 2239 Oecuinenico
1059 2204 1267 2250 epistolain“
1308 2205 1352 2239 ad
1380 2204 1608 2249 Rodulphum
1634 2203 1738 2237 Pium
1765 2202 1991 2238 Cardinalem

220 2258 436 2303 Carpensem
467 2258 511 2303 (a.
542 2258 671 2301 1560),
707 2270 799 2303 quae
826 2258 961 2293 Romae
996 2270 1026 2293 a.
1057 2259 1145 2293 1561
1183 2269 1318 2293 excusa
1353 2260 1409 2292 est
1439 2257 1541 2301 (Luc.
1570 2258 1792 2300 Waddinyus
1825 2255 1866 2291 Ο.
1894 2256 1990 2298 Min„

219 2311 421 2356 Scriptores
456 2311 601 2346 Ordinis
636 2311 814 2346 Minorum
851 2311 929 2356 [Ed.
965 2322 1070 2346 nova.
1107 2312 1241 2346 Romae
1271 2310 1374 2355 1806]
1410 2323 1443 2356 p.
1474 2311 1550 2346 130.
1594 2312 1644 2345 Io.
1673 2311 1787 2354 Hyac.
1815 2310 1990 2344 Sbaralea

219 2358 259 2393 O.
287 2359 373 2394 Min.
402 2359 533 2399 Conw,
572 2359 868 2404 Supplementum
904 2362 940 2394 et
966 2359 1158 2403 castigatio
1185 2359 1229 2393 ad
1256 2358 1457 2404 Scriptores
1483 2358 1592 2392 trium
1620 2357 1794 2392 Ordinum
1821 2356 1855 2392 S.
1883 2357 1990 2391 Fran-

219 2413 305 2446 cisci
333 2411 482 2457 [Romae
512 2412 617 2457 1806]
645 2424 677 2457 p.
706 2412 924 2455 387—388).

341 2467 351 2486 ¹
377 2465 534 2500 Thomas
560 2465 760 2510 Campeggi
789 2466 825 2508 (†
855 2466 974 2509 1564),
1001 2465 1240 2505 bononiensis,
1267 2465 1324 2499 vir
1349 2464 1437 2499 iuris
1463 2464 1725 2509 peritissimus,
1752 2463 1812 2508 qui
1839 2474 1870 2498 a.
1899 2463 1991 2498 1520

218 2519 263 2553 ad
301 2519 391 2553 1559
428 2518 674 2564 episcopatum
710 2518 919 2553 feltrensem
959 2518 1112 2562 (Feltre,
1148 2519 1184 2552 in
1219 2518 1326 2552 Italia
1359 2517 1559 2563 superiore)
1597 2517 1715 2552 tenuit
1751 2517 1880 2561 (Gams
1909 2516 1932 2551 l.
1959 2527 1989 2551 c.

218 2583 251 2617 p.
279 2572 383 2615 777),
418 2574 563 2616 praeter
589 2571 679 2606 alios
704 2571 814 2606 libros
841 2572 884 2606 de
916 2571 992 2606 iure
1029 2571 1199 2606 canonico
1233 2571 1407 2616 scriptos,
1443 2582 1475 2605 a.
1503 2571 1591 2605 1561
1620 2569 1784 2605 Venetiis
1808 2569 1845 2604 in
1870 2569 1988 2604 lucem

218 2624 338 2659 emisit
362 2624 494 2659 librum
525 2624 597 2667 „De
623 2625 838 2659 auctoritate
865 2624 1129 2667 conciliorum“,
1165 2625 1201 2659 in
1228 2636 1297 2669 quo
1333 2624 1468 2658 multas
1503 2623 1732 2668 quaestiones
1762 2623 1806 2657 ad
1832 2622 1990 2668 synodos

219 2680 255 2712 et
281 2678 325 2712 ad
351 2689 529 2712 summum
557 2677 762 2723 pontificem
788 2680 996 2723 spectantes
1021 2678 1206 2723 praeclare
1233 2677 1407 2712 tractavit
1428 2677 1583 2720 (Hurter
1607 2677 1630 2711 l.
1651 2689 1680 2712 c.
1698 2677 1724 2718 I,
1750 2677 1807 2711 40.
1848 2677 1892 2710 L.
1918 2676 1988 2710 En.

218 2732 279 2765 Du
305 2732 386 2775 Pin,
416 2731 593 2765 Nouvelle
620 2730 872 2775 Bibliotheque
898 2731 961 2766 des
989 2732 1145 2766 Auteurs
1172 2731 1466 2775 ecclesiastiques
1492 2730 1578 2764 XVI
1604 2729 1650 2774 [2.
1678 2730 1742 2772 ed„
1770 2730 1801 2764 A
1828 2729 1988 2764 Amster-

218 2784 300 2818 dam
329 2783 445 2828 1710]‚
473 2783 643 2827 73-78).

338 2838 352 2858 ²
377 2837 524 2871 Herculi
551 2837 753 2881 Gonzagae,
779 2837 895 2882 primo
921 2837 1062 2872 concilii
1089 2837 1256 2883 praesidi.

339 2891 351 2911 ³
376 2890 429 2924 De
463 2890 520 2924 his
547 2890 681 2925 Canisii
717 2890 942 2925 contionibus
977 2891 1060 2925 vide
1094 2891 1208 2931 infra,
1252 2901 1396 2924 monum
1430 2889 1630 2924 236—239.
1665 2888 1746 2923 248.
1789 2887 1987 2922 Iubilaeum

218 2944 407 2988 Augustae
433 2955 455 2978 a
483 2944 536 2978 14.
565 2944 609 2978 ad
636 2943 691 2978 28.
719 2943 930 2978 Decembris
956 2945 1077 2978 actum
1104 2945 1178 2984 est;
1205 2943 1289 2977 vide
1314 2954 1424 2988 supra
1449 2954 1483 2988 p.
1510 2942 1612 2977 328⁴.

338 2998 351 3017 4
379 2996 432 3031 Cf.
459 2996 590 3031 Matth.
617 2997 649 3038 2,
679 2996 805 3031 1-18,

339 3050 351 3070 ⁵
377 3049 563 3084 Elisabeth
589 3049 715 3093 regina
742 3049 1001 3095 Hieronymum
1027 3049 1298 3093 Martinengum
1330 3048 1497 3083 abbatem
1533 3059 1554 3082 a
1579 3047 1643 3081 Pio
1669 3045 1747 3088 IV.,
1782 3048 1822 3080 ut
1847 3045 1986 3090 Anglos

218 3103 263 3137 ad
299 3102 489 3137 concilium
522 3102 714 3143 invitaret,
753 3102 798 3136 ad
831 3102 948 3147 ipsam
982 3102 1143 3146 legatum
1178 3101 1281 3145 regni
1306 3101 1473 3145 ingressu
1498 3099 1730 3146 prohibuerat
1757 3098 1986 3142 (Raynaldus

217 3155 241 3190 l.
268 3167 298 3190 c.
324 3156 360 3189 in
387 3167 418 3190 a.
447 3156 549 3195 1561,
575 3167 610 3190 n.
638 3156 712 3199 51).
823 3156 836 3176 ⁶
864 3155 916 3190 Cf.
943 3155 1073 3190 Matth.
1103 3155 1156 3196 13,
1183 3155 1334 3189 24—30.
1446 3155 1458 3174 '¹
1485 3153 1540 3188 cf.
1565 3163 1676 3197 supra
1700 3163 1733 3197 p.
1761 3151 1842 3186 326.
