2093 3444
192 195 246 236 76
534 193 612 226 531.
650 192 836 226 Hurtadus
863 192 974 226 Perez
1000 192 1143 225 nomine
1171 190 1304 226 Canisii
1332 192 1459 226 Iacobo
1485 193 1619 227 Lainio.

189 312 218 352 il
253 311 330 353 che
363 325 409 353 se
442 310 657 352 facessino
691 310 998 363 consegliando
1030 311 1169 364 prima
1203 311 1231 351 il
1259 311 1423 353 medico
1457 311 1657 365 spiritual
1691 315 1734 354 et
1766 312 1964 367 corporal

190 377 375 418 secondo
408 377 434 418 1“
459 376 608 418 ordine
641 376 755 417 della
787 375 985 418 chiesa1.
1029 389 1114 417 11011
1147 375 1441 418 accaderebbe
1476 377 1716 418 domandas
1747 377 1963 432 dispensa.

191 456 261 483 ma
293 442 520 483 facendolo
554 441 608 482 da
641 455 719 482 sua
752 444 878 495 posta
911 443 955 482 et
988 440 1104 482 forse
1127 455 1257 483 senza
1289 441 1401 483 alt-re
1425 441 1655 490 necessita,
1690 443 1768 484 che
1801 443 1965 485 uolerle

191 507 436 560 maligna-re,
471 521 494 547 0
528 520 604 560 per
637 520 757 548 esser
787 505 946 558 meglio
978 510 1172 548 mercato
1207 506 1288 547 del·
1313 506 1425 548 altre
1459 521 1570 557 cose,
1610 507 1688 548 che
1721 507 1788 549 del
1822 521 1963 562 pesce,

192 585 238 613 se
270 572 312 613 111
347 574 499 625 questa
541 574 667 625 parte
700 571 935 625 potessimo
968 571 1170 612 absoluer
1211 571 1239 612 li
1272 571 1375 620 tali,
1419 585 1466 613 se
1507 572 1589 614 ben
1630 586 1716 614 non
1748 572 1965 615 0010001110

191 637 443 687 abstenirsi,
488 637 557 678 uel
599 637 678 678 dar
710 636 846 678 anche
887 636 1051 679 facolta
1092 636 1132 677 di
1166 637 1366 689 inangiar
1406 637 1436 678 11
1477 637 1556 679 tali
1589 637 1673 679 cibi
1705 637 1815 679 doue
1847 637 1965 680 fusse

193 717 216 744 0
249 703 403 744 alcuna
445 702 660 744 necessita
703 703 922 755 corporal,
966 715 1096 743 ouero
1140 703 1247 743 com'
1273 704 1295 743 0
1329 702 1450 745 detto
1492 716 1578 744 non
1619 702 1963 756 acquietandoci,

192 781 238 809 se
275 782 357 822 pur
397 768 466 809 nel
508 767 620 809 altro
662 767 830 809 fussero
873 767 1082 809 Catholici
1117 801 1125 809 .
1159 766 1302 808 inanzi
1344 767 1442 809 duoi
1486 782 1510 809 0
1553 770 1606 810 ,3.
1641 767 1742 809 anni
1775 782 1815 810 v,
1849 783 1883 811 r.
1928 769 1965 810 ci

193 833 350 875 mando
391 832 557 875 faculta
597 846 675 887 per
707 833 910 874 absoluer
951 832 1081 885 quelli
1120 831 1197 874 che
1239 846 1323 874 non
1365 832 1583 874 uolessino
1625 832 1826 886 digiunar
1865 833 1965 875 delli

196 898 397 951 Germanj
415 900 444 947 2,
479 898 515 939 si
548 901 705 940 trouan
737 898 854 940 forse
887 898 989 940 altri
1022 896 1256 950 strangieri
1289 900 1359 939 tra
1391 897 1421 939 li
1448 898 1642 952 germanj
1677 912 1757 940 con
1789 897 1819 939 li
1851 899 1967 952 quali

195 966 217 1005 e
249 963 498 1006 necessaria
530 966 686 1017 questa
718 963 894 1006 facolta.

313 1029 448 1071 Molto
483 1029 753 1071 desideramo
786 1029 826 1071 10
850 1028 1239 1071 communicatione
1273 1028 1350 1070 che
1373 1043 1412 1070 v.
1437 1043 1476 1082 p.
1513 1029 1568 1070 ha
1600 1043 1822 1082 promesso
1856 1029 1967 1071 delle

194 1095 335 1136 buone
368 1109 498 1148 opere
530 1108 607 1149 per
639 1095 681 1136 la
714 1095 897 1147 Signora
932 1094 1154 1143 Contessa,
1190 1096 1233 1135 et
1266 1094 1413 1135 Bruno
1430 1095 1458 1136 3.

312 1159 367 1201 Di
399 1159 543 1213 quelli,
577 1162 603 1202 a
637 1160 703 1201 0111
737 1160 788 1202 V.
824 1160 870 1202 P.
905 1160 958 1201 da
993 1159 1158 1201 facult-a
1192 1159 1230 1200 (Γ
1255 1159 1393 1201 andar
1425 1159 1465 1201 al
1493 1158 1683 1213 Collegio
1717 1159 1967 1212 germanico

194 1225 234 1266 di
263 1224 401 1267 Roma
434 1225 743 1279 Christoplioro
777 1227 799 1267 e
832 1225 994 1267 and-ato
1027 1224 1097 1277 gia
1132 1224 1223 1266 solo
1257 1238 1334 1279 per
1367 1224 1446 1266 cho
1479 1224 1549 1266 all’
1573 1225 1680 1266 hora
1712 1238 1798 1266 non
1829 1224 1967 1267 hauea

194 1385 363 1420 carnibus
389 1387 603 1421 vescantur,
638 1396 723 1419 suas
751 1385 943 1418 afferentes
980 1383 1251 1424 excusationem
1289 1383 1381 1427 quod
1417 1383 1447 1417 si
1483 1383 1659 1417 consultis
1694 1383 1847 1428 primum
1873 1385 1968 1418 iusto

195 1439 367 1473 ecclesiae
394 1439 493 1473 11111ι
529 1441 565 1473 01
591 1439 790 1472 «1010101010
817 1441 852 1471 et
879 1449 1066 1482 corporum
1096 1437 1244 1471 nndicis
1275 1437 1454 1473 sacen-,ent
1491 1436 1795 1481 dispensationem
1823 1449 1884 1471 eos
1911 1449 1967 1482 pe-

194 1495 270 1526 tere
296 1503 444 1527 necesse
470 1504 539 1526 non
567 1494 683 1533 esset;
710 1492 772 1525 sed
800 1503 880 1525 cum
908 1503 972 1525 suo
999 1491 1111 1524 a1bit1
1115 1493 1176 1524 atu
1203 1490 1237 1523 id
1265 1490 1401 1524 fici-int
1427 1502 1542 1534 neque
1569 1490 1641 1524 alia
1666 1491 1822 1525 foitasse
1848 1502 1968 1525 neces-

194 1546 304 1580 sitate
331 1545 485 1585 adducti
513 1545 581 1579 nisi
609 1545 702 1589 quod
730 1545 773 1579 iis
801 1544 899 1579 vesci
927 1544 1053 1578 volunt
1080 1544 1136 1578 vel
1164 1530 1257 1588 quod
1277 1544 1415 1588 icliqua
1433 1544 1568 1578 minore
1595 1546 1695 1578 stant
1720 1543 1834 1589 pretio
1861 1555 1968 1588 quam

196 1599 324 1643 pisces
351 1600 545 1644 optandum
573 1610 653 1633 csse
680 1599 832 1639 videtur,
861 1601 899 1632 ut
927 1597 1128 1632 huiusmodi
1148 1597 1322 1638 1101111000,
1350 1597 1490 1631 etiamsi
1519 1596 1607 1631 cibis
1634 1597 1705 1631 11110
1730 1608 1769 1631 00
1787 1597 1968 1632 abstinere

195 1652 327 1693 nolint,
366 1653 555 1687 absolvere
593 1652 695 1687 nobis
733 1652 840 1686 liceat
880 1652 937 1685 vel
977 1651 1084 1685 etiam
1123 1651 1335 1685 facultatem
1371 1651 1459 1695 ipsis
1494 1651 1652 1685 tribuere
1679 1650 1853 1685 eiusmodi
1879 1650 1969 1686 cibis

199 1706 377 1743 vescendi.
406 1719 486 1740 cum
514 1706 571 1740 vel
600 1707 758 1751 corporis
776 1705 946 1740 valetudo
973 1705 1092 1749 aliqua
1120 1704 1258 1739 ratione
1286 1704 1318 1737 id
1339 1704 1463 1747 exigit,
1492 1704 1559 1743 vel,
1588 1706 1626 1738 ut
1646 1705 1781 1738 dictum
1808 1706 1874 1745 est,
1901 1704 1969 1749 ipsi

197 1771 238 1794 ea
264 1772 302 1794 re
328 1772 398 1794 non
424 1760 669 1804 acquiescunt,
695 1759 781 1794 licet
806 1759 842 1793 in
869 1758 1016 1803 reliquis
1034 1759 1140 1792 rebus
1159 1757 1329 1792 catholici
1347 1757 1431 1792 sint.
1467 1757 1606 1792 Abhinc
1636 1758 1723 1792 duos
1741 1757 1800 1791 vel
1818 1758 1839 1792 3
1857 1769 1969 1792 annos

199 1813 239 1847 RV.
254 1812 298 1848 V.
313 1813 523 1847 facultatem
543 1813 644 1847 nobis
660 1813 759 1847 misit
772 1812 853 1847 illos
871 1824 916 1846 ex
931 1812 1132 1853 Germanis,
1151 1811 1211 1855 qui
1230 1811 1389 1845 ieiunare
1407 1810 1553 1851 nollent,
1572 1811 1782 1845 absolvendi
1795 1811 1827 1851 2;
1846 1812 1884 1844 at
1900 1811 1969 1845 for-

198 1869 295 1900 tasse
315 1867 410 1900 inter
427 1867 626 1902 Germanos
644 1866 704 1901 alii
723 1866 838 1900 exteri
857 1866 1101 1907 inveniuntur,
1128 1865 1258 1909 quibus
1275 1864 1369 1898 hanc
1387 1863 1598 1898 facultatem
1617 1864 1775 1898 adhiberi
1795 1866 1969 1909 oporteat.

317 1920 560 1955 Vehementer
595 1920 842 1954 desideramus
875 1919 1017 1953 litteras
1052 1931 1072 1953 a
1099 1918 1138 1953 P.
1166 1919 1209 1953 V.
1246 1918 1461 1963 promissae,
1497 1918 1627 1961 quibus
1662 1920 1699 1951 et
1732 1917 1875 1952 domina
1908 1917 1969 1952 illa

198 1973 383 2008 comitissa
410 1976 446 2008 et
472 1974 615 2008 Brunus
641 1973 814 2008 bonorum
840 1984 987 2018 operum
1013 1974 1216 2006 nostrorum
1243 1971 1439 2016 participes
1466 1971 1670 2005 efficiantur
1685 1971 1709 2004 ⁸.

319 2027 374 2061 Ex
400 2027 454 2068 iis,
482 2028 612 2071 quibus
638 2027 677 2061 P.
706 2027 748 2061 V.
775 2028 992 2072 potestatem
1019 2026 1081 2060 dat
1115 2026 1150 2059 in
1178 2025 1437 2059 Germanorum
1473 2024 1665 2068 collegium
1699 2035 1886 2058 romanum
1912 2035 1970 2058 ve-

199 2080 327 2122 niendi,
356 2080 635 2126 Christophorus
662 2080 731 2115 iam
751 2080 840 2114 abiit
864 2079 982 2120 solus;
1009 2080 1106 2114 socio
1124 2078 1217 2113 enim
1237 2080 1323 2112 tunc
1341 2078 1498 2119 carebat,
1526 2078 1640 2123 ipsius
1665 2077 1777 2112 solius
1802 2077 1968 2111 mittendi

202 2217 368 2250 Andreas
393 2217 612 2250 Paris-iensis
646 2216 835 2261 episcopus
863 2216 899 2258 (†
925 2215 1010 2258 870)
1047 2214 1212 2259 scripsit:
1254 2213 1466 2255 „Germania
1503 2224 1522 2246 a
1558 2212 1664 2246 lactis
1700 2214 1737 2246 et
1771 2212 1891 2257 butyri
1927 2223 1968 2247 ac

200 2269 296 2303 casei
323 2271 359 2303 et
384 2281 532 2303 ovorum
559 2281 622 2304 esu
649 2281 712 2314 pei·
742 2272 856 2303 totam
883 2267 1205 2312 Quadragesimam
1241 2266 1461 2310 generaliter
1495 2278 1565 2300 non
1600 2265 1778 2306 abstinet;
1818 2268 1969 2311 excepto

201 2334 307 2366 quem
333 2325 531 2368 spontanea
557 2322 710 2357 attrahit
736 2322 948 2356 voluntas“:
975 2321 1081 2355 Liber
1107 2321 1282 2355 adversus
1302 2319 1460 2354 Graecos
1487 2331 1516 2353 0.
1539 2320 1605 2353 175
1634 2318 1782 2363 (Miyne,
1809 2318 1880 2353 PP.
1900 2318 1969 2353 LL.

201 2375 325 2417 CXXI,
354 2376 451 2419 742).
486 2377 539 2410 Ac
567 2377 701 2410 Paulus
718 2377 911 2420 Laymann
930 2375 964 2409 S.
983 2375 1015 2409 J.
1043 2374 1304 2419 oenipontanus
1333 2371 1600 2417 (1574—1635)
1630 2383 1778 2406 ovorum
1806 2374 1843 2406 et
1867 2371 1971 2406 lacti-

201 2429 374 2463 ciniorum
400 2441 504 2463 usum
535 2429 714 2474 „permitti
750 2429 859 2463 etiam
894 2428 929 2462 in
956 2428 1241 2471 Quadragesima
1269 2454 1275 2460 .
1305 2454 1311 2460 .
1345 2427 1382 2460 in
1416 2426 1472 2460 his
1499 2425 1714 2460 Germaniae
1750 2425 1965 2470 prouincijs“

202 2482 401 2516 affirmavit
429 2482 641 2526 (Theologia
676 2482 822 2517 moralis
858 2482 880 2516 1.
907 2483 947 2523 4
984 2483 1090 2516 tract.
1117 2480 1156 2521 8,
1193 2492 1223 2515 0.
1253 2481 1290 2520 1,
1326 2491 1360 2514 n.
1387 2479 1408 2514 3
1443 2479 1512 2522 [ed.
1547 2478 1577 2513 3.
1614 2478 1838 2523 Antverpiae
1869 2478 1969 2519 1634,

202 2548 235 2581 p.
255 2535 368 2580 704J).
397 2535 450 2570 Cf.
470 2536 579 2570 etiam
596 2537 779 2570 Benedicti
795 2537 897 2570 XII.
919 2534 1167 2569 Institutiones
1187 2532 1464 2574 ecclesiasticas,
1483 2532 1571 2566 Inst.
1590 2531 1686 2573 XVL
1705 2543 1738 2565 n.
1755 2532 1787 2566 5.
1814 2531 1870 2565 Ad
1889 2543 1968 2565 eum

202 2591 324 2623 autem
349 2601 483 2623 morem
512 2589 589 2634 (qui
614 2590 651 2623 in
670 2589 861 2624 Germania
888 2600 955 2622 nec
980 2588 1139 2622 locorum
1166 2598 1230 2620 nec
1257 2588 1459 2631 temporum
1486 2585 1643 2619 omnium
1668 2584 1761 2628 erat)
1788 2578 1969 2630 dispensa-

202 2643 319 2677 tiones
344 2654 565 2676 summorum
592 2643 800 2687 pontificum
820 2641 1060 2681 accedebant:
1087 2651 1239 2685 quarum
1258 2639 1462 2684 exemplum
1482 2638 1564 2673 vide
1582 2638 1686 2679 insi-‚a
1713 2649 1869 2672 monum.
1889 2637 1969 2672 261.

326 2696 335 2716 ¹
362 2696 497 2730 Beatus
523 2697 681 2740 Anyelus
710 2697 873 2730 Car-Zetus
901 2694 959 2739 (de
987 2693 1172 2734 Clavasio,
1198 2694 1219 2734 †
1247 2692 1354 2736 1495)
1382 2691 1423 2726 O.
1451 2692 1537 2726 Min.
1565 2691 1670 2726 Obs.:
1702 2691 1758 2733 „Si
1783 2690 1971 2735 loquamur

203 2748 286 2792 [non
313 2749 356 2783 de
383 2749 669 2794 dispensatione,
705 2748 782 2793 sed]
809 2749 852 2783 de
879 2747 1121 2782 declaratione
1147 2746 1288 2781 scilicet
1314 2748 1434 2780 vtrum
1461 2745 1509 2779 sit
1543 2756 1652 2779 causa
1687 2743 1851 2787 legitima
1887 2742 1968 2788 [non

202 2802 396 2846 ieiunandi]
425 2802 484 2836 vel
509 2814 579 2836 non
607 2830 613 2837 .
640 2803 693 2837 sic
719 2802 824 2837 credo
850 2801 987 2836 sufficit
1012 2800 1075 2835 illa
1101 2799 1318 2835 confessoris
1344 2798 1478 2844 proprij
1505 2798 1566 2842 qui
1601 2799 1658 2832 est
1692 2797 1807 2831 bonus
1841 2797 1898 2831 vir
1935 2798 1972 2830 et

204 2856 312 2890 etiam
339 2856 527 2890 consilium
552 2856 725 2890 medici“:
752 2855 899 2890 Summa
925 2854 968 2888 de
994 2854 1138 2888 casibus
1165 2852 1426 2892 conscientiae,
1452 2851 1519 2886 sub
1545 2863 1579 2885 V.
1612 2850 1834 2893 „Jeiunium‘
1864 2861 1897 2883 11.
1924 2849 1970 2884 20

206 2908 257 2952 (in
285 2909 439 2944 editione
464 2910 686 2954 Argentinae
712 2920 743 2943 a.
773 2909 863 2943 1489
890 2918 1024 2942 excusa
1055 2907 1080 2942 f.
1108 2905 1267 2949 CLXI-²).
1318 2904 1491 2939 Similiter
1522 2903 1715 2939 cardinalis
1741 2903 1876 2936 Franc.
1907 2903 1969 2936 To-

205 2963 293 2996 letus
318 2962 353 2997 S.
379 2963 424 3004 J„
451 2962 597 2997 Summa
623 2963 782 2997 Casuum
808 2960 1058 2996 Conscientiae
1087 2957 1296 3002 (Instructio
1323 2957 1572 3000 Sacerdotum)
1594 2956 1618 2991 1.
1637 2957 1668 2998 6,
1695 2967 1725 2990 0.
1743 2957 1767 2990 4
1786 2955 1970 3000 (Coloniae

204 3015 427 3060 Agrippinae
455 3016 561 3059 1599)
599 3028 632 3061 p.
659 3016 739 3050 561.
789 3014 847 3049 Ex
881 3013 1016 3048 Canisii
1051 3024 1135 3047 vero
1171 3011 1292 3046 verbis
1326 3010 1564 3051 concluseris,
1603 3011 1719 3054 ipsum
1764 3008 1970 3052 „utriusque

204 3068 334 3103 medici
359 3069 568 3103 consilium“
601 3069 657 3113 (ut
682 3070 807 3114 postea
832 3068 1043 3102 Benedictus
1067 3064 1185 3109 XIV.)
1215 3063 1475 3109 exquirendum
1502 3074 1581 3098 esse
1608 3061 1803 3096 censuisse.

327 3122 340 3142 ²
365 3122 438 3156 Sub
464 3134 510 3156 m.
537 3121 706 3156 Martium
734 3132 765 3156 a.
795 3120 885 3155 1558
911 3120 1023 3154 missa
1048 3121 1105 3154 est
1131 3119 1239 3163 (Can.
1264 3117 1354 3162 Epp.
1383 3117 1425 3158 ΙΙ,
1452 3116 1531 3151 226.
1560 3115 1656 3158 254).

327 3175 340 3195 ³
366 3174 539 3220 Sibyllam
565 3175 770 3219 Fuggeram
796 3175 832 3208 et
858 3173 1060 3208 conradum
1086 3172 1246 3206 Brunum
1271 3170 1368 3205 dicit.
