2093 3444
225 160 382 195 Monum.
412 161 620 205 (litteraria)
650 163 728 197 386.
759 164 872 206 (lnter
898 165 988 198 med.
1016 176 1047 199 a.
1077 165 1166 199 1559
1193 167 1229 199 et
1255 177 1300 199 10.
1328 165 1463 200 Maium
1489 177 1520 200 3.
1550 165 1668 209 1561.)
1746 168 1831 209 773

185 275 259 309 Hos
286 276 397 318 igitur
424 276 589 322 Staphyli
616 278 725 312 libros
753 278 916 313 Canisius
952 280 1176 324 significasse
1208 281 1368 322 videtur,
1406 293 1486 315 cum
1513 282 1680 324 Augusta
1706 282 1737 315 4.
1766 280 1832 314 De-

65 329 218 364 cembris
247 329 335 363 1561
364 329 408 362 ad
435 329 585 364 Hosium
612 332 654 364 de
682 332 856 376 Staphylo
883 333 1075 367 scriberet:
1118 334 1271 375 „Hortor
1306 334 1426 375 illum,
1462 337 1502 368 ut
1536 334 1835 378 quemadmodum

65 394 197 426 magna
224 393 304 416 cum
331 381 436 416 laude
463 384 599 428 coepit,
627 385 676 418 ita
704 397 807 429 porro
835 388 961 429 pergat
988 386 1227 421 Schmidelino
1254 388 1490 432 respondere“
1523 388 1647 432 (supra
1673 399 1707 432 p.
1734 387 1833 429 320).

184 435 284 477 Quod
319 437 439 469 autem
475 436 517 470 ad
555 439 753 471 Martinam
787 439 992 472 Cromernm
1028 439 1254 476 attinet,·P.
1291 442 1471 474 Hem-iens
1508 442 1686 475 Somalcus
1722 440 1757 474 S.
1789 440 1833 481 J„

64 488 311 534 philosophiae
338 489 520 533 professor
546 490 580 523 in
609 491 758 534 collegio
795 491 1008 533 coloniensi,
1046 492 1190 526 Colonia
1219 494 1248 527 7.
1277 493 1499 538 Septembris
1528 494 1615 527 1561
1644 493 1683 528 P.
1711 493 1834 527 loanni

65 541 193 576 Rethio
221 541 254 576 S.
282 542 314 576 J.
347 542 637 584 „Francfordium
665 544 723 577 vel
749 544 993 587 Moguntiam*
1033 545 1139 587 haec,
1176 548 1318 591 praeter
1344 546 1434 587 alia,
1470 547 1663 591 >'‘scripsit:
1703 547 1764 588 „R
1794 546 1832 580 P.

65 595 230 629 Canisius
257 597 395 629 aestate
421 597 595 640 superiori
631 597 674 630 ad
710 609 765 631 me
801 597 925 632 literas
961 598 1076 639 dedit,
1116 599 1244 643 quibus
1279 600 1385 645 petijt
1410 600 1452 634 D.
1482 600 1639 634 Cromeri
1675 611 1762 644 opus
1797 599 1832 633 in

65 649 212 692 galliam
239 648 354 683 mitti.
381 650 421 682 ut
447 648 521 682 illic
548 653 746 684 correctum
774 653 810 684 et
836 651 1062 685 emendatum
1090 652 1133 685 ab
1161 653 1283 686 eodem
1311 655 1435 687 autore
1461 654 1497 687 in
1523 653 1639 687 lucem
1664 653 1832 697 prodiret.

64 701 149 735 Misi
174 701 286 744 igitur
313 701 470 735 Parisios
497 702 541 735 ad
570 702 832 743 Alexandrum,
860 704 919 747 qui
946 716 1078 738 annum
1105 708 1141 740 et
1167 705 1320 750 amplius
1349 705 1513 740 Coloniae
1540 707 1575 740 in
1602 706 1725 751 pingui
1752 705 1833 740 Gal-

64 755 162 789 linal
189 755 273 798 egit,
300 757 341 788 ut
366 755 441 789 suis
468 755 566 800 typis
593 757 795 797 excuderet,
823 758 916 801 quod
944 758 1078 792 factum
1106 759 1154 792 sit
1179 771 1301 797 necne,
1329 771 1408 793 sum
1435 760 1574 793 dubius.
1611 759 1729 801 Quare
1746 770 1833 802 rogo

64 808 105 842 T.
132 808 171 842 P.
198 810 239 841 ut
265 808 415 842 eundem
442 810 518 842 tota
544 809 781 843 Frankfordia
808 813 977 854 quaerat,
1013 814 1053 845 ut
1080 811 1110 844 ei
1137 814 1281 846 nostrae
1307 812 1433 846 literae
1460 813 1667 853 tradantur,
1704 812 1833 856 quibus

65 862 228 896 sarcinae
255 861 299 895 ad
327 873 408 895 eum
434 862 564 896 missae
592 864 860 897 commonefiat“
894 864 954 907 (ex
981 865 1215 909 autographo.
1253 865 1335 899 Cod.
1363 865 1475 899 colon.
1507 865 1613 911 „Epp.
1642 867 1685 900 ad
1704 865 1828 899 Retli.“

64 914 89 949 f.
119 915 214 957 130).
265 915 415 948 Missam
454 917 574 949 autem
610 915 645 949 in
673 916 828 950 Galliam
854 919 939 951 tunc
967 929 1045 951 esse
1072 930 1140 951 non
1169 918 1326 952 Cromeri
1357 919 1575 963 „Epistolam
1603 919 1646 953 ad
1674 919 1829 962 Regem“

64 968 248 1009 existimo,
277 979 385 1011 quam
412 979 442 1002 a.
470 969 560 1002 1564
587 968 737 1003 Parisiis
764 970 857 1014 apud
884 970 1080 1004 Nivellium
1106 972 1141 1005 in
1168 971 1283 1005 lucem
1311 972 1471 1016 prodisse
1498 972 1657 1006 affirmat
1681 973 1727 1006 K.
1755 973 1834 1005 Est-

64 1022 201 1055 wz'cleer
228 1021 434 1065 (Polnische
461 1021 730 1067 Bibliographie
757 1023 818 1057 des
844 1023 1086 1058 XV.—XVH.
1114 1024 1380 1059 Jahrhunderts
1401 1024 1562 1069 [Krakau
1583 1025 1686 1068 1883]
1706 1037 1740 1069 p.
1760 1025 1833 1067 53),

65 1075 127 1108 sed
155 1074 324 1117 Dialogos
350 1074 428 1108 sive
456 1074 640 1118 Colloquia
668 1076 709 1109 de
736 1076 830 1110 falsa
857 1078 893 1110 et
919 1089 1005 1110 vera
1030 1077 1214 1120 religione,
1242 1078 1302 1121 qui
1328 1078 1490 1122 polonice
1516 1078 1680 1123 primum,
1707 1078 1833 1112 deinde

64 1127 176 1162 latine
203 1127 370 1170 Dilingae
397 1139 428 1162 a.
458 1129 547 1162 1559
576 1131 611 1162 et
632 1129 720 1163 1561
749 1141 790 1163 ac
817 1129 985 1163 Coloniae
1016 1130 1192 1175 (inscripti
1224 1131 1480 1174 „Monachus“)
1509 1131 1601 1176 apud
1628 1132 1831 1165 Maternum

66 1181 254 1215 Cholinum
290 1193 321 1216 a.
359 1181 450 1216 1568
486 1181 648 1225 evulgati
683 1185 778 1216 sunt.
831 1182 935 1217 Certe
963 1183 1118 1218 Cromeri
1160 1183 1231 1225 „De
1266 1184 1373 1219 Falsa
1408 1185 1712 1225 Lutheranorum,
1749 1184 1832 1219 Sive

66 1234 369 1278 Evangelicorum
394 1234 509 1268 nostri
536 1235 719 1280 temporis,
746 1235 791 1269 Et
817 1236 913 1270 Vera
941 1235 1073 1270 Christi
1101 1237 1287 1280 Religione
1314 1237 1410 1271 Libri
1437 1237 1513 1271 Duo
1541 1237 1652 1271 Primi
1679 1238 1720 1271 de
1740 1237 1831 1278 Qua-

63 1288 163 1322 111101ιι
194 1287 354 1332 polonice
380 1290 463 1322 ante
487 1289 507 1321 8
535 1288 593 1322 vel
620 1289 639 1322 9
667 1300 778 1323 annos
805 1289 940 1334 scripti,
967 1290 1070 1323 modo
1096 1292 1215 1324 autem
1242 1290 1353 1332 latine
1380 1291 1486 1332 versi⁷
1515 1291 1663 1325 Parisiis
1690 1302 1720 1324 a.
1742 1290 1832 1324 1560

65 1341 101 1375 10
126 1341 242 1375 lucem
270 1341 392 1375 emissi
418 1343 503 1375 sunt
529 1353 610 1375 cum
636 1341 767 1375 litteris
795 1342 1022 1377 dedicatoriis
1058 1343 1101 1376 ad
1129 1343 1299 1377 Ottonem
1335 1344 1550 1378 cardinalem
1578 1345 1831 1387 Augustanum

66 1394 159 1428 datis
188 1394 335 1438 (Tlieod.
366 1395 633 1439 Wierzbowslsi,
670 1395 939 1440 Bibliographia
971 1396 1140 1430 Polonica
1166 1396 1233 1430 XV
1270 1408 1311 1430 ac
1336 1397 1421 1430 XVI
1447 1408 1495 1431 ss.
1530 1397 1607 1431 Vol.
1636 1397 1651 1431 1
1688 1396 1832 1441 [Varso-

65 1448 146 1482 viae
175 1447 280 1492 1889]
308 1460 339 1492 p.
367 1448 442 1491 44).

184 1502 236 1535 Ac
263 1501 349 1535 mihi
376 1501 520 1546 quidem
547 1502 730 1546 probabile
758 1504 831 1542 est,
860 1502 1018 1536 eiusdem
1047 1502 1180 1536 Canisii
1207 1503 1435 1537 suasionibus
1462 1504 1627 1537 effectum
1655 1514 1752 1543 esse,
1791 1505 1832 1537 ut

66 1556 184 1589 Adam
211 1556 390 1589 Walasser
417 1555 476 1599 (de
503 1567 572 1599 quo
599 1555 693 1589 infra
724 1567 757 1600 p.
786 1556 988 1595 791—792)
1022 1568 1052 1590 a.
1083 1557 1172 1590 1562
1199 1556 1366 1600 Dilingae
1401 1569 1463 1602 per
1490 1556 1679 1591 Sebaldum
1706 1556 1834 1601 Mayer

64 1609 181 1643 denuo
218 1609 466 1643 excudendum
503 1611 646 1643 curaret
681 1610 839 1642 veterem
876 1609 1037 1643 libellum
1069 1610 1154 1651 π11110
1190 1610 1268 1644 6(161
1298 1610 1444 1644 Kleinot
1479 1610 1540 1644 der
1567 1609 1702 1644 Seelen.
1752 1609 1831 1643 Von

65 1662 128 1696 der
153 1662 318 1706 ordnung
342 1663 440 1697 unnd
466 1662 708 1706 betrachtung
735 1662 796 1696 der
823 1662 917 1696 alten
947 1662 1185 1697 Christlichen
1212 1663 1388 1704 Kirchen,
1427 1675 1472 1697 an
1507 1664 1574 1697 den
1608 1664 1832 1697 ffirnemsten

64 1715 182 1749 zeiten
207 1716 279 1750 und
306 1716 437 1750 Festen
464 1716 528 1750 des
560 1718 715 1760 gantzen
742 1717 844 1750 Jar⁸⁴s
878 1716 978 1759 (120;
1014 1717 1049 1750 ff.
1079 1716 1128 1750 [V
1164 1719 1200 1750 et
1225 1717 1314 1756 284;
1352 1717 1442 1751 liber
1477 1717 1591 1751 denuo
1628 1729 1673 1750 ex
1708 1716 1831 1750 eadem

63 1768 208 1803 officina
242 1769 375 1814 prodiit
409 1781 440 1804 a.
478 1769 607 1813 1568);
644 1770 679 1803 in
714 1769 846 1803 litteris
883 1769 975 1803 enim
1013 1770 1240 1804 dedicatoriis
1267 1770 1431 1814 Dilinga
1447 1771 1478 1804 2.
1515 1769 1638 1805 Martii
1666 1770 1756 1804 1562
1787 1770 1831 1803 ad

63 1823 318 1868 Raymundum
343 1823 548 1867 Fuggeruin
576 1823 670 1857 datis
696 1822 884 1857 Walasser
911 1824 953 1857 de
979 1823 1068 1857 libro
1103 1823 1247 1858 seiibit:
1284 1823 1332 1857 Es
1371 1808 1453 1865 „hat
1485 1823 1541 1857 ein
1577 1823 1831 1866 ehrwi'irdiger,

63 1875 340 1920 hochgelehrter
365 1877 436 1910 und
463 1876 758 1910 weltbe1uhmter
784 1877 877 1910 Herr
912 1876 979 1910 mir
1014 1876 1217 1919 dasselbige
1253 1877 1504 1921 zugeschickt,
1542 1877 1624 1911 dass
1659 1876 1716 1911 ich
1751 1877 1832 1910 dem

62 1929 161 1964 alten
187 1929 396 1964 Deutsohen
421 1929 518 1964 helfe
544 1930 615 1964 und
642 1929 677 1963 in
700 1930 854 1975 jetziger
880 1929 955 1964 Zeit
981 1929 1210 1964 brauchliche
1237 1930 1410 1964 deutsche
1437 1930 1592 1975 Sprache
1631 1929 1831 1964 verandern

61 1983 173 2017 solle‘
206 1983 264 2027 (N.
285 1985 431 2027 Paulus,
458 1984 575 2017 Adam
601 1983 800 2024 ‘Walassen
827 1983 884 2017 ein
912 1983 1173 2017 Schriftsteller
1199 1983 1262 2017 des
1290 1984 1343 2017 16.
1373 1983 1648 2024 Jahrhunderts,
1674 1984 1710 2017 in
1742 1983 1832 2025 „Der

63 2036 259 2071 Katholik“
290 2037 345 2071 75.
373 2037 498 2081 Jahrg.
536 2037 568 2070 Π
596 2036 728 2080 [Mainz
758 2037 882 2079 1895]‚
917 2036 1135 2080 455—456).
1188 2036 1292 2070 Certe
1318 2036 1506 2071 Walasser
1540 2036 1664 2081 paucis
1702 2036 1832 2070 hebdo-

63 2090 179 2125 madis
204 2092 288 2124 ante
309 2091 369 2135 (m.
390 2091 554 2124 Ianuario
574 2090 632 2124 vel
650 2090 842 2124 Februario
864 2090 970 2133 1562)
999 2090 1033 2123 in
1052 2089 1304 2135 Martyrologii
1323 2090 1518 2133 germanici
1535 2090 1668 2124 litteris
1693 2089 1831 2123 dedica-

61 2143 165 2179 toriis
190 2143 337 2187 Dilinga
362 2144 406 2178 ad
434 2144 630 2187 Georgium
666 2146 702 2177 et
727 2143 890 2177 Marcum
916 2143 1102 2187 Fuggeros
1139 2143 1233 2177 datis
1269 2143 1488 2184 affirmavit,
1524 2155 1545 2177 3
1572 2143 1733 2184 0301310,
1770 2142 1829 2187 qui

68 2198 151 2240 „der
176 2197 371 2242 ehrwirdig
396 2198 468 2231 vnd
494 2196 732 2241 hochgelehrt
758 2197 846 2245 herr·
866 2196 999 2230 Doctor
1016 2197 1055 2231 P.
1077 2196 1263 2230 Canisius“
1286 2196 1329 2230 ab
1349 2208 1388 2230 eo
1408 2198 1569 2237 vocatur,
1596 2208 1635 2230 se
1653 2197 1688 2230 in
1707 2196 1830 2230 eodem

62 2251 323 2296 Martyrologio
350 2251 484 2285 edendo
510 2250 703 2296 plurimum
729 2250 891 2284 adiutum
917 2261 1016 2291 esse;
1054 2250 1134 2283 vide
1160 2250 1253 2283 infra
1280 2261 1312 2294 p.
1342 2250 1420 2283 792.
1471 2250 1590 2294 Atque
1625 2249 1719 2283 idem
1745 2249 1830 2284 Wa-

61 2304 187 2346 lasser,
214 2316 294 2339 cum
313 2304 496 2339 contiones
523 2304 661 2348 aliquas
687 2304 780 2338 sacri
799 2304 986 2337 Adventus
1012 2305 1172 2348 tempore
1198 2314 1219 2336 a
1238 2302 1381 2337 0301310
1408 2302 1550 2337 habitas
1570 2302 1768 2346 evulgaret,
1794 2302 1830 2336 in

62 2358 287 2404 praefatione
321 2358 410 2403 ipsis
444 2357 651 2403 praeposita
687 2356 869 2391 Canisium
904 2368 974 2390 non
1009 2356 1125 2390 solum
1165 2356 1400 2400 ⁷,Ehrwiirdig
1442 2356 1539 2390 vnnd
1575 2355 1830 2399 Hochgelert“‚

63 2411 124 2456 qui
150 2411 247 2446 tituli
274 2412 536 2446 communiores
561 2412 654 2452 sunt,
681 2410 745 2444 sed
772 2410 880 2444 etiam
911 2409 1178 2452 „wolbekannt“
1211 2410 1246 2443 et
1277 2410 1365 2454 „bey
1390 2410 1457 2443 den
1476 2409 1729 2443 Catholischen
1746 2408 1832 2443 weit

62 2464 273 2510 berhiimpt“
302 2465 451 2499 vocavit
479 2463 760 2507 (Christenliche
787 2463 858 2497 vnd
884 2463 1158 2506 wolgegriindte
1184 2461 1318 2506 Predig
1343 2474 1412 2496 von
1440 2463 1509 2496 den
1543 2462 1621 2496 vier
1647 2462 1830 2506 Sontagen

62 2518 112 2552 im
137 2519 282 2553 Aduent
309 2546 315 2552 .
345 2546 351 2552 .
404 2517 525 2552 Durch
553 2545 559 2551 .
589 2545 595 2552 .
624 2545 631 2551 .
659 2517 777 2550 Heri-n
803 2517 844 2550 D.
873 2516 1021 2550 Petrum
1048 2515 1312 2550 0301311101...
1341 2515 1524 2560 [Dilingen
1553 2514 1656 2559 1570]
1686 2514 1829 2560 praefi).

63 2572 184 2607 Facile
210 2574 329 2606 autem
356 2571 435 2606 fieri
469 2572 629 2616 poterat,
665 2572 706 2604 ut
732 2569 898 2603 Canisius
924 2571 1083 2603 veterem
1119 2568 1221 2602 illum
1255 2568 1386 2603 librum
1421 2569 1465 2603 ab
1492 2568 1625 2603 Ursula
1651 2568 1829 2612 Fuggera,

62 2627 99 2661 in
125 2626 247 2661 Socios
272 2624 608 2665 beneficentissima,
637 2624 836 2668 acciperet;
873 2622 915 2656 de
942 2633 1012 2666 qua
1038 2622 1114 2667 ipse
1140 2622 1308 2666 Augusta
1335 2622 1390 2657 20.
1418 2621 1639 2667 Septembris
1667 2622 1759 2656 1560
1785 2622 1829 2656 ad

62 2679 281 2715 cardinalem
307 2679 562 2721 Augustanum
588 2677 751 2722 scripsit:
792 2677 857 2718 „Jn
884 2675 984 2710 libris
1011 2675 1145 2710 ueteris
1172 2675 1318 2720 pietatis
1344 2675 1556 2718 colligendis
1591 2677 1647 2709 est
1680 2675 1824 2709 sedula“

66 2733 191 2778 (supra
216 2744 249 2777 p.
278 2732 364 2772 653;
392 2731 437 2766 cf.
465 2731 572 2765 etiam
599 2741 708 2775 supra
734 2741 767 2774 p.
795 2729 893 2772 654).

182 2786 281 2819 Inter
319 2784 535 2827 „catholicos
568 2782 850 2829 typographos“,
889 2782 1019 2826 quibus
1055 2781 1237 2816 Canisium
1280 2781 1527 2823 „familiariter
1564 2781 1635 2815 uti“
1676 2780 1830 2815 Elderen

62 2839 234 2879 affirmat,
263 2838 448 2883 praecipui
467 2838 570 2871 erant
588 2836 764 2870 Sebaldus
781 2836 908 2880 Mayer
926 2835 1130 2878 dilinganus
1149 2837 1185 2868 et
1201 2835 1388 2868 Maternus
1407 2834 1578 2869 Cholinus
1596 2834 1829 2875 coloniensis;

62 2893 146 2927 vide
171 2903 281 2936 supra
298 2903 332 2936 p.
351 2891 407 2925 24.
425 2891 482 2924 43.
504 2890 582 2924 393.
601 2889 673 2924 408
696 2891 733 2923 et
749 2889 854 2929 infra,
880 2900 1036 2923 monum.
1056 2888 1135 2922 389.
1155 2888 1234 2922 390.
1255 2888 1334 2922 393.
1354 2888 1432 2922 399.
1469 2887 1523 2921 Ex
1542 2887 1664 2921 eodem
1682 2899 1828 2922 numero

62 2948 166 2981 erant
191 2944 342 2979 heredes
368 2943 515 2978 Arnoldi
542 2943 761 2977 Birckmann
791 2942 851 2986 (cf.
882 2943 968 2976 Can.
995 2941 1084 2987 Epp.
1112 2942 1156 2982 ΙΙ,
1184 2941 1289 2985 678),
1321 2941 1381 2985 qui
1406 2943 1491 2975 tunc
1519 2940 1700 2975 officinam
1725 2943 1828 2986 typo-

62 2999 274 3044 graphicam
316 2997 575 3041 tabernamque
621 2995 804 3030 librariam
851 2995 1032 3029 habebant
1071 2994 1239 3029 Coloniae
1282 2994 1337 3036 „in
1375 2993 1500 3039 pingui
1538 2994 1717 3038 gallina'‘;
1761 2994 1828 3029 hoc

186 3148 196 3168 ¹
221 3147 323 3188 Vide,
351 3157 442 3191 quae
467 3145 504 3179 in
530 3147 691 3179 extrema
717 3144 824 3179 huius
849 3144 1002 3190 paginae
1028 3146 1131 3189 parte
1158 3142 1335 3177 dicuntur.
