2093 3444
692 177 805 212 Roma
835 178 887 212 15.
916 178 1101 213 Februarii
1132 180 1233 214 1561.
1789 187 1844 228 49

69 294 122 336 V.
157 294 207 336 R.
241 294 354 335 ueda
394 308 441 335 se
482 297 584 336 sara
626 295 816 338 anchora
858 297 1142 340 conueniente
1184 312 1262 352 per
1302 299 1332 340 li
1373 299 1451 342 tali
1486 302 1602 344 nella
1635 317 1713 345 sua
1745 319 1846 359 pro-

70 358 234 409 uincia,
278 362 322 401 et
363 359 434 401 dia
475 359 596 401 auiso
631 361 672 402 al
704 361 861 403 Rettor
895 362 935 403 di
968 362 1128 405 uienna
1172 377 1218 405 se
1253 364 1361 405 deue
1394 365 1652 420 adoperarla
1686 372 1710 411 o
1743 385 1797 412 no
1817 371 1845 417 1,

70 438 148 480 per
179 424 210 465 li
231 423 474 478 proficienti
507 439 612 479 pare
634 425 706 479 piu
740 426 782 467 al
804 427 1026 481 proposito
1051 429 1148 482 quel
1173 429 1426 483 compendio
1451 431 1518 473 del
1543 432 1846 479 Chatechismo

73 489 115 531 di
147 489 200 532 V.
235 490 317 533 R.2

190 554 226 596 si
258 555 417 597 manda
450 555 587 597 anche
620 559 741 598 certa
773 557 1056 600 instruttione
1096 573 1174 613 per
1205 559 1236 601 li
1273 560 1430 602 scolari
1463 562 1540 604 che
1573 578 1772 618 uengono
1805 569 1846 609 al

72 620 254 674 collegio
300 623 472 671 nostro,
515 621 627 663 neda
669 621 706 663 si
738 621 774 663 si
816 623 983 664 seruira
1016 623 1207 666 anchora
1239 639 1316 679 per
1349 626 1481 679 quelli
1514 627 1555 669 di
1587 628 1845 685 Alemagna.

70 777 156 799 num
182 765 213 799 is
238 765 383 800 libellus
410 766 519 800 etiam
545 766 580 800 in
616 778 682 800 sua
708 767 893 811 provincia
925 769 1053 802 iisdem
1088 770 1298 811 conveniat,
1336 772 1372 804 et
1406 772 1451 806 ad
1477 774 1652 808 rectorem
1679 776 1848 812 vindobo-

70 830 229 860 nensem,
255 821 376 853 utrum
405 831 482 854 eum
511 819 681 854 adhibere
709 820 838 855 debeat
864 833 995 861 necne,
1032 823 1232 867 perscribat
1251 825 1270 857 ¹.
1324 824 1617 861 provectioribus
1642 840 1728 863 vero
1755 842 1848 865 com-

69 872 239 918 pendium
265 872 352 907 illud
379 872 588 907 catechismi
615 885 635 907 a
661 873 703 906 R.
730 873 773 908 V.
801 875 994 919 conscripti
1020 876 1136 919 magis
1163 877 1471 912 accommodatum
1500 891 1579 914 esse
1606 881 1750 917 videtur
1763 884 1786 918 2.

191 926 371 961 Mittimus
406 926 515 961 etiam
550 927 813 961 institutionem
850 928 1030 972 quandam
1066 929 1364 964 scholasticorum
1402 932 1438 965 in
1466 933 1658 977 collegium
1684 939 1847 972 nostruin

71 979 315 1020 venientium;
343 992 420 1021 vos,
446 992 532 1014 num
558 980 668 1014 etiam
696 980 911 1015 Germaniae
938 982 1128 1025 collegiis³
1153 983 1234 1017 usui
1262 995 1342 1018 esse
1369 986 1493 1029 possit,
1521 987 1702 1023 videbitis.

191 1067 302 1103 Nota:
329 1069 461 1103 Eodem
490 1069 546 1103 die
573 1070 750 1103 Polam-ns
777 1068 890 1102 Roma
908 1069 1157 1104 Vindobonain
1183 1071 1226 1105 ad
1254 1071 1293 1106 P.
1313 1071 1510 1108 Victoriam
1536 1075 1710 1112 *litteras
1739 1079 1848 1121 misit,

73 1122 108 1155 in
136 1121 266 1166 quibus
293 1123 439 1157 scribit:
482 1123 572 1165 „Per
606 1122 629 1156 li
667 1122 796 1167 piccoli
822 1123 853 1156 si
880 1125 898 1157 e
925 1126 1105 1168 stampato
1132 1136 1203 1158 una
1231 1125 1439 1160 dottrinella
1474 1127 1539 1162 che
1575 1130 1635 1173 qui
1662 1131 1691 1164 si
1718 1133 1849 1167 manda

73 1187 140 1210 con
176 1178 275 1210 certa
298 1176 532 1211 instruttione
568 1188 632 1221 per
666 1176 777 1220 quelli
813 1176 877 1210 che
913 1188 1077 1220 uengono
1117 1178 1151 1211 al
1179 1178 1338 1223 Collegio
1365 1182 1497 1215 nostro.
1550 1182 1594 1216 Al
1621 1183 1738 1219 Padre
1763 1185 1848 1221 Pro-

72 1229 226 1264 uinciale
253 1231 285 1264 si
310 1231 441 1264 manda
467 1242 538 1264 una
566 1230 682 1264 simile
710 1258 717 1264 .
747 1258 752 1264 .
782 1258 789 1264 .
817 1230 874 1264 cui
901 1231 1023 1264 ordine
1059 1231 1242 1275 seguitera
1272 1232 1307 1266 la
1334 1233 1549 1270 Reuerentia
1575 1236 1618 1270 V.
1647 1265 1653 1271 .
1683 1266 1689 1272 .
1719 1267 1725 1272 .
1752 1240 1849 1274 nella

72 1283 232 1317 dottrina
259 1283 457 1318 christiana
484 1283 550 1318 che
577 1287 639 1328 qui
664 1285 711 1317 ua
737 1296 801 1328 per
827 1283 892 1318 che
920 1284 953 1317 di
981 1284 1015 1318 la
1051 1285 1181 1329 meglio
1217 1286 1499 1329 giudicheranno
1535 1290 1564 1323 si
1600 1294 1683 1325 sara
1710 1292 1744 1326 al
1770 1305 1848 1338 pro-

71 1336 188 1381 posito
214 1349 279 1381 per
303 1337 329 1370 li
355 1337 448 1382 putti
476 1337 510 1370 di
529 1336 719 1381 alemagna
737 1337 803 1371 che
821 1349 885 1382 per
910 1337 933 1371 li
962 1338 1186 1382 proficientia
1212 1339 1234 1372 l’
1262 1339 1356 1374 altra
1382 1341 1447 1375 che
1474 1343 1505 1377 si
1531 1346 1619 1378 cauo
1646 1345 1703 1379 del
1730 1347 1848 1381 cathe-

72 1389 208 1424 chismo
244 1390 302 1424 del
328 1390 445 1424 Padre
473 1390 615 1425 Canisio
650 1402 761 1435 penso
797 1392 880 1424 sara
915 1391 975 1435 piu
1012 1392 1298 1436 propoi·tionata“
1342 1394 1403 1437 (ex
1441 1397 1649 1442 apographo
1688 1399 1849 1434 eiusdem

70 1443 254 1489 temporis.
299 1443 383 1478 Ood.
417 1444 557 1486 „Germ
587 1444 697 1478 1559*ι
727 1444 892 1487 f.301*1).
936 1444 1048 1486 Quem
1076 1448 1195 1479 autem
1223 1447 1482 1483 catechismum
1509 1449 1687 1485 Polancus
1707 1452 1849 1488 Canisio

71 1497 230 1538 miserit,
264 1509 336 1532 non
372 1500 526 1532 constat.
581 1498 850 1532 Catechismum
876 1510 896 1532 a
924 1498 961 1531 P.
990 1499 1121 1533 loanne
1148 1499 1368 1546 Hieronymo
1403 1502 1609 1538 Domenech
1636 1505 1670 1539 S.
1699 1507 1731 1540 J.
1769 1519 1849 1542 con-

71 1550 247 1596 scriptum
279 1551 334 1594 „in
360 1553 436 1586 toto
463 1551 608 1586 Siciliae
634 1563 755 1595 regno,
784 1552 1000 1586 auctoritate
1020 1552 1210 1596 Proregis‘⁴
1242 1566 1322 1588 esse
1354 1559 1587 1601 „usurpatum
1614 1570 1705 1593 anno
1736 1561 1845 1596 1547“

71 1604 198 1639 scribit
225 1606 497 1650 Sommervoyel‚
534 1605 626 1639 Bibl.
653 1605 723 1646 ΙΙΙ,
763 1606 840 1640 126.
892 1607 995 1640 Anno
1031 1609 1151 1640 autem
1182 1608 1271 1642 1553
1307 1620 1327 1642 a
1354 1609 1467 1644 Sociis
1498 1610 1677 1653 „Libellus
1703 1614 1850 1658 quidam

70 1658 290 1693 christianae
305 1659 498 1699 doctrinae,
518 1658 652 1693 Romae
672 1658 706 1703 [a
721 1659 860 1694 Sociis‘.³
879 1660 1035 1694 Polanco
1046 1660 1079 1704 52]
1100 1661 1345 1704 concinnatus,
1364 1663 1551 1709 Neapolim
1570 1666 1702 1701 missus
1721 1667 1849 1710 fuerat,

71 1714 112 1746 ut
138 1712 249 1746 etiam
285 1712 330 1746 ad
366 1713 437 1747 alia
471 1713 550 1747 loca
576 1713 808 1760 Societatis“;
845 1725 949 1757 quem
977 1726 997 1748 a
1025 1714 1063 1747 P.
1092 1714 1235 1749 Andrea
1270 1716 1313 1750 de
1340 1715 1477 1751 Oviedo
1505 1718 1557 1763 (22)
1586 1718 1619 1754 S.
1648 1720 1681 1754 J.
1709 1721 1744 1755 in
1771 1722 1849 1756 bre—

70 1765 259 1800 vissimam
285 1778 465 1801 summam
491 1768 717 1801 contractum
743 1769 852 1811 atque
879 1779 900 1801 a
927 1767 965 1801 P.
994 1767 1177 1812 Alphonso
1204 1769 1411 1804 Salmemne
1438 1771 1472 1806 S.
1501 1772 1533 1806 J.
1560 1775 1787 1818 recognitum
1813 1779 1849 1810 et

71 1819 354 1864 locupletatum,
391 1820 653 1865 archiepiscopi
687 1821 907 1865 neapolitani
948 1820 1145 1861 „vicarius“
1178 1821 1312 1867 (Scipio
1339 1823 1493 1866 Rebiba,
1529 1828 1570 1860 ut
1596 1826 1755 1872 videtur)
1784 1841 1849 1864 suo

72 1873 215 1907 nomine
241 1872 392 1919 Neapoli
418 1874 562 1915 eodem,
598 1876 639 1908 ut
664 1874 828 1916 videtur,
865 1885 957 1908 anno
994 1875 1243 1909 excudendum
1281 1878 1425 1911 curavit
1451 1881 1486 1912 et
1512 1879 1548 1913 in
1575 1881 1739 1916 omnibus
1765 1894 1847 1927 pue-

72 1938 194 1961 rorum
220 1927 354 1961 scholis
389 1927 557 1972 usurpari
592 1928 718 1968 iussit;
755 1928 806 1962 ita
832 1928 975 1972 quidem
1003 1930 1198 1973 Polme-us,
1235 1929 1435 1965 Chronicon
1462 1933 1530 1969 111.
1570 1934 1646 1968 174.
1698 1935 1849 1970 lneunte

73 1982 194 2014 autem
212 1992 242 2015 a.
265 1981 355 2015 1556
387 1982 597 2023 „Messanae
616 1981 762 2016 libellus
789 2009 795 2015 .
817 2009 823 2016 .
845 2009 851 2015 .
881 1981 1091 2016 catechismi
1117 1982 1315 2027 impressus
1342 1984 1420 2026 fuit,
1448 1986 1508 2030 qui
1527 1987 1640 2021 Roma
1667 1987 1702 2032 [a
1720 1988 1848 2035 Sociis]

72 2033 206 2068 missus
231 2034 371 2076 fuerat,
408 2035 623 2079 quibusdam
648 2038 771 2069 tamen
797 2035 1016 2073 immutatis.
1053 2038 1160 2080 prout
1184 2036 1220 2070 in
1246 2048 1288 2071 ea
1313 2038 1459 2081 regione
1486 2044 1726 2085 opportunum
1751 2044 1849 2078 vide-

72 2087 213 2122 batur“.
264 2088 399 2122 Eodem
426 2100 517 2123 anno
549 2088 780 2131 „Methodus‚
816 2100 887 2133 qua
924 2089 1038 2123 nostri
1064 2090 1275 2132 utebantur,
1312 2091 1530 2127 christianae
1566 2095 1750 2131 doctrinae
1776 2100 1848 2132 tra-

72 2141 227 2175 dendae“
252 2141 431 2176 Camerini
456 2143 556 2187 typis
582 2142 766 2188 exscripta
792 2144 867 2177 est:
895 2144 1081 2185 Polancus,
1109 2143 1309 2178 Chronicon
1328 2145 1389 2185 VI,
1417 2146 1496 2181 319.
1516 2147 1572 2182 84.
1593 2149 1648 2183 88.
1690 2151 1849 2185 Litterae

74 2195 357 2239 quadrimestres
385 2195 418 2230 S.
447 2195 479 2230 J.
508 2195 568 2237 IV,
598 2195 676 2230 184.
705 2196 784 2231 578.

192 2255 369 2289 Polanczcs
395 2255 437 2288 de
468 2255 618 2297 „Officio
643 2256 838 2297 rectoris“‚
875 2256 969 2300 quod
997 2255 1139 2290 Canisio
1166 2268 1247 2290 cum
1285 2257 1342 2291 his
1368 2258 1502 2293 litteris
1537 2261 1581 2294 ad
1607 2262 1725 2306 ipsum
1753 2264 1848 2299 datis

74 2307 183 2349 misit,
210 2308 280 2342 iam
308 2308 363 2342 (lie
391 2310 422 2342 5.
447 2308 615 2343 Octobris
641 2310 731 2344 1560
749 2309 862 2344 Roma
880 2309 1129 2343 vindobonam
1156 2310 1200 2344 ad
1226 2310 1427 2346 Victoriam
1452 2313 1668 2358 scripserat:
1700 2316 1848 2358 ⁷,Presto

74 2361 106 2396 si
130 2361 304 2396 mandara
329 2361 351 2395 l’
367 2362 489 2396 ufficio
516 2363 573 2397 del
591 2362 739 2397 Rettore
766 2365 802 2397 et
828 2375 876 2397 un
902 2363 937 2397 di
964 2363 1068 2397 credo
1095 2363 1125 2397 si
1152 2365 1408 2409 stamparanno
1435 2366 1468 2400 le
1495 2367 1633 2412 Regula
1658 2381 1722 2414 per
1747 2371 1849 2406 leuar

74 2414 110 2449 la
135 2415 322 2449 occasione
349 2415 384 2449 di
409 2416 503 2450 tanti
530 2417 641 2450 errori
666 2416 726 2450 nel
752 2417 930 2451 scriuere“
962 2416 1067 2459 (Can.
1094 2416 1183 2462 Epp.
1211 2417 1255 2457 ΙΙ,
1283 2419 1381 2462 741).
1434 2419 1522 2454 Cum
1548 2424 1670 2456 autem
1697 2427 1848 2464 constet,

79 2468 245 2512 „regulas
270 2468 454 2504 Rectoris“
484 2470 556 2504 iam
582 2482 613 2504 a.
643 2471 733 2504 1555
762 2470 848 2514 (quo
875 2470 908 2504 S.
938 2470 1101 2514 ignatius
1127 2470 1219 2504 inter
1247 2471 1350 2506 vivos
1376 2473 1523 2518 agebat)
1552 2476 1739 2512 exstitisse
1765 2480 1801 2512 et
1827 2491 1848 2513 a

75 2521 114 2555 P.
134 2521 355 2567 Hieronymo
373 2522 507 2563 Natali,
534 2523 727 2558 Societatis
758 2524 1001 2566 „visitatore“‚
1029 2523 1142 2558 Sociis
1159 2524 1313 2559 traditas
1340 2537 1419 2560 esse
1449 2526 1649 2572 (Epistolae
1667 2530 1708 2565 P.
1726 2533 1850 2566 Nadal

79 2575 102 2616 1,
130 2576 218 2617 317;
244 2577 433 2621 Postumus,
462 2576 661 2612 chronicon
688 2578 731 2620 V,
761 2579 847 2619 163;
876 2578 921 2612 cf.
948 2577 1078 2612 ibidem
1105 2589 1138 2622 p.
1165 2578 1271 2621 237),
1311 2579 1500 2615 dicendum
1527 2584 1592 2622 est,
1618 2583 1677 2618 hic
1701 2585 1848 2629 regulas

75 2628 178 2663 iussu
204 2629 341 2674 primae
366 2631 655 2674 congregationis
682 2631 862 2675 generalis
881 2643 911 2665 a.
935 2631 1024 2665 1558
1050 2630 1194 2665 habitae
1224 2631 1334 2676 (decr.
1356 2633 1423 2668 133
1441 2637 1524 2679 post
1550 2636 1614 2677 el.;
1641 2638 1847 2673 Daestitutum

77 2681 269 2716 Societatis
295 2683 378 2717 Iesu
403 2683 437 2717 II
466 2683 681 2727 [Florentiae
710 2684 836 2729 1893]‚
879 2684 1080 2728 185—186)
1109 2696 1130 2718 a
1155 2683 1279 2719 Lainio
1314 2688 1518 2732 praeposito
1554 2691 1716 2733 generali
1750 2704 1847 2727 reco-

196 2823 211 2838 3
235 2817 416 2863 poneretti
443 2829 523 2862 ap.‚·
553 2824 589 2854 at
613 2821 665 2854 rel
690 2819 889 2865 proficienti
916 2821 966 2854 vel
992 2820 1132 2863 aliquid
1156 2821 1271 2854 simile
1307 2821 1387 2866 (piu
1418 2823 1624 2867 prouetti?)
1663 2826 1848 2869 Zeyendum

77 2882 147 2905 esse
171 2875 203 2905 et
226 2882 283 2905 res
308 2873 388 2914 ipsa
414 2875 444 2905 et
469 2883 521 2916 ea,
547 2884 637 2917 quae
658 2874 730 2908 Pol.
749 2875 790 2908 (Ze
807 2874 862 2907 his
889 2873 1105 2907 catechismis
1122 2874 1171 2906 ad
1192 2872 1279 2908 Can.
1297 2875 1442 2918 scripsit
1461 2874 1593 2920 (supra
1610 2889 1649 2921 p.
1671 2881 1845 2924 48—49)‚

78 2925 276 2959 ostendunt.

201 3059 212 3080 ¹
238 3059 340 3101 Vide,
368 3070 460 3103 quae
485 3060 568 3104 post
592 3058 709 3104 ipsam
734 3060 828 3094 hanc
854 3059 1047 3105 epistulam
1073 3060 1251 3096 dicuntur.

198 3112 212 3133 ²
237 3112 416 3147 Polancus
428 3111 563 3147 Canisii
578 3112 755 3156 „Parvum
771 3113 1030 3148 catechismum
1042 3113 1329 3149 Catholicorum“
1344 3114 1548 3159 significat3
1563 3115 1609 3150 cf.
1624 3127 1734 3162 supra
1744 3130 1777 3163 p.
1790 3118 1846 3154 35.

200 3166 213 3186 3
237 3165 325 3201 Vel:
351 3165 581 3200 scholasticis
606 3167 798 3210 germanis.

150 3230 461 3262 Braunsberger,
481 3230 592 3255 canisii
604 3231 763 3262 Epistulae
777 3233 807 3256 et
821 3233 904 3257 Acta.
928 3231 982 3256 111.
1548 3232 1569 3261 4
