2093 3444
224 245 307 285 (554
573 240 731 273 Monuni.
760 238 995 282 (augustana)
1024 239 1104 273 268.
1135 239 1222 283 (Sub
1248 239 1429 273 ineuntem
1456 251 1488 274 a.
1518 238 1635 283 1561.)

221 358 399 399 lic-orum
445 371 551 410 quos
591 356 652 398 illi
693 370 823 410 saepe
868 357 1218 398 commendamus
1263 346 1497 410 pauperes,
1543 356 1756 409 insignem
1801 370 1847 398 se
1889 371 1987 411 pro-

222 423 477 465 curatricem
520 425 564 464 et
595 424 824 475 patronam
857 421 1058 463 ostendit.
1122 421 1214 463 Nos
1255 435 1412 474 magno
1445 421 1545 463 Zelo
1582 421 1645 463 illi
1686 421 1902 464 uetuimus
1934 435 1987 463 ne

222 487 450 541 quicquam
482 487 525 528 in
557 489 729 528 nostras
762 486 891 528 aedes
923 487 1132 535 mitteret,
1172 489 1215 528 et
1248 487 1360 539 quod
1391 485 1508 528 misit
1539 487 1754 540 reportari
1786 486 1987 528 iussimus

221 567 306 594 11011
339 554 666 594 contemnentes
698 551 887 592 animum
908 551 1005 605 piae
1038 555 1276 602 matronae,
1312 551 1387 592 sed
1410 551 1683 594 refrenantes
1715 551 1987 593 immodicam

223 617 314 659 eius
338 631 443 670 erga
465 631 542 658 nos
565 615 924 665 beneuolentiam,
953 630 1080 668 quam
1104 616 1316 657 malumus
1340 616 1508 657 Christo
1532 619 1576 658 et
1598 616 1689 658 eius
1712 616 1986 670 pauperibus,

224 680 396 736 q[uam]
421 682 542 723 nobis
565 680 774 722 inseruire
809 715 816 723 .
853 680 935 723 Sed
959 681 1111 722 omitto
1134 680 1429 723 narrationem
1451 684 1846 734 extemporaneam,
1879 694 1989 733 quae

223 750 271 789 ut
303 761 428 801 spero
464 744 716 800 [ex]citabit
748 745 937 787 animum
969 745 1145 800 pietatis
1180 749 1292 796 tuae,
1327 748 1375 787 ut
1404 746 1572 788 Christo
1606 745 1788 787 Domino
1821 745 1989 799 gratias

224 815 329 865 agat
361 826 437 866 pro
471 811 596 853 huius
629 811 783 852 nobilis
806 811 1015 852 Dominae
1048 811 1341 861 conuersione,
1376 813 1613 864 sanctaque
1644 810 1987 854 conversatione.

344 906 598 950 Apograplium
627 908 733 939 vetus
760 906 803 940 ab
830 906 906 950 ipso
933 906 1078 939 librario
1105 907 1250 950 antiquo
1278 905 1488 950 inscriptum
1517 908 1588 940 est:
1621 905 1696 948 „Ex
1722 905 1854 939 litteris
1878 905 1989 939 Reue-

224 959 323 993 rendi
360 960 479 993 Patris
514 959 610 992 Petri
648 958 780 1004 Canisij
821 959 876 993 20.
905 958 1156 1004 Septembris.“
1213 959 1394 993 Canisium
1433 961 1553 993 autem
1593 959 1783 1004 epistulam
1819 958 1911 992 hanc
1946 957 1990 991 ad

225 1013 441 1046 cardinalem
470 1012 638 1046 0110110111
665 1012 806 1046 dedisse
842 1014 878 1046 et
904 1011 1084 1057 Stephano
1112 1013 1301 1056 Agricolae
1328 1013 1394 1046 sub
1421 1014 1612 1046 exeuntem
1647 1024 1678 1046 a.
1709 1012 1798 1046 1560
1824 1012 1991 1054 Augusta

225 1066 373 1099 Romam
402 1065 544 1099 01101115
580 1065 735 1099 invitatu
772 1065 1010 1110 proficiscenti
1048 1066 1108 1109 (cf.
1139 1067 1225 1100 Can.
1253 1066 1341 1111 Epp.
1370 1066 1421 1106 ΙΙ,
1458 1066 1525 1100 913
1561 1067 1597 1099 et
1633 1077 1741 1110 supra
1777 1077 1809 1110 p.
1837 1065 1898 1108 22)
1932 1064 1992 1098 vel

225 1119 415 1153 tradidisse
441 1119 500 1153 vel
527 1118 655 1152 saltem
683 1119 824 1152 tradere
853 1119 1030 1160 voluisse,
1066 1131 1110 1153 ex
1138 1122 1299 1153 extrema
1326 1119 1523 1164 apographi
1550 1122 1670 1164 parte,
1707 1130 1798 1162 quae
1833 1118 1891 1152 hic
1921 1129 1991 1151 non

226 1173 387 1217 ponitur,
424 1173 512 1206 satis
540 1172 634 1206 clare
662 1172 900 1216 cognoscitur.
952 1174 1071 1217 Atque
1098 1175 1252 1207 exeunte
1287 1185 1318 1207 a.
1349 1173 1437 1207 1560
1465 1172 1646 1206 Canisium
1682 1172 1770 1206 haec
1804 1171 1992 1216 scripsisse

226 1227 332 1260 etiam
362 1227 558 1260 Sace-hians
583 1225 605 1260 l.
633 1238 661 1260 c.
690 1225 810 1269 aliqua
837 1226 974 1260 ratione
1000 1226 1191 1269 significat.

346 1279 422 1313 Hac
450 1279 583 1313 Canisii
619 1279 793 1323 epistula,
832 1279 989 1313 maxime
1024 1280 1054 1313 si
1090 1280 1204 1324 ipsam
1241 1291 1321 1313 cum
1357 1279 1419 1320 iis,
1459 1290 1549 1323 quae
1585 1279 1729 1312 ineunte
1764 1289 1794 1312 a.
1824 1278 1911 1312 1561
1950 1277 1992 1311 de

227 1333 364 1378 Sibylla
384 1333 550 1376 Fuggera
577 1333 620 1366 ab
644 1344 684 1366 eo
703 1332 838 1377 scripta
856 1335 940 1366 sunt
962 1333 1085 1377 (supra
1103 1345 1136 1377 p.
1157 1333 1211 1367 20.
1232 1332 1305 1375 39),
1332 1332 1538 1373 contuleris,
1565 1332 1635 1366 iam
1662 1334 1798 1366 certum
1827 1330 1992 1371 efficitur,

227 1387 320 1430 quod
355 1387 390 1420 in
426 1386 581 1420 secundo
618 1386 722 1419 liuius
757 1386 874 1430 operis
910 1386 1090 1420 volumine
1130 1398 1209 1420 cum
1245 1386 1466 1420 dubitatione
1502 1385 1654 1429 quadam
1691 1385 1784 1419 dixi:
1823 1384 1992 1419 Ursulam

227 1441 430 1484 Fuggeram
467 1451 545 1473 esse
581 1439 766 1473 mulierem
807 1439 923 1479 illam,
963 1439 1004 1473 de
1041 1451 1130 1483 qua,
1169 1439 1309 1472 nomine
1344 1439 1457 1483 ipsius
1495 1451 1564 1472 11011
1600 1450 1788 1483 expresso,
1829 1437 1993 1471 Canisius

227 1495 392 1537 Augusta
427 1505 472 1527 m.
501 1493 599 1526 Iunio
635 1504 665 1527 a.
697 1493 785 1527 1560
821 1493 1016 1537 scripserat
1042 1492 1086 1526 ad
1113 1492 1296 1526 Lainium:
1324 1492 1429 1526 Viam
1456 1492 1613 1536 aliquam
1640 1491 1682 1526 ad
1710 1491 1899 1526 Societatis
1925 1489 1993 1524 col-

226 1547 361 1591 legium
389 1547 576 1589 Augustae
603 1545 823 1580 condendum
850 1558 914 1590 per
941 1557 1019 1579 eam
1046 1546 1175 1590 aperiri
1206 1546 1310 1588 (Can.
1339 1545 1428 1590 Epp.
1456 1545 1498 1586 H,
1526 1545 1622 1588 676),
1651 1547 1685 1579 01
1715 1545 1767 1579 16.
1794 1543 1875 1578 Ι11111
1903 1543 1993 1578 1560

226 1601 269 1635 ad
290 1601 328 1634 P.
349 1600 572 1634 Leonardum
592 1599 720 1633 Kessel
739 1598 772 1633 S.
793 1600 845 1634 J.:
875 1599 970 1633 Libri
995 1599 1184 1643 ,pharetra
1203 1599 1314 1632 diuini
1333 1598 1483 1632 amoris“
1513 1597 1717 1642 „exemplar
1737 1624 1744 1631 .
1762 1624 1767 1630 .
1787 1597 1941 1631 alterum
1962 1623 1968 1629 .
1987 1623 1992 1629 .

226 1654 334 1688 etiam
362 1656 470 1697 atque
498 1652 606 1686 etiam
625 1652 781 1697 petimus
808 1653 843 1686 in
862 1653 1015 1695 gratiam
1040 1652 1169 1686 nobilis
1196 1655 1231 1686 et
1250 1653 1329 1697 piae
1356 1653 1550 1691 matronae,
1577 1662 1684 1695 quam
1711 1650 1867 1685 christus
1892 1648 1993 1683 nobis

226 1707 292 1742 1100
318 1707 394 1741 1000
422 1706 533 1740 veluti
570 1708 720 1740 matrem
748 1706 895 1739 donauit
930 1706 1141 1740 mirabiliter
1175 1706 1218 1740 ad
1246 1705 1440 1739 multorum
1468 1704 1641 1739 salutem“
1684 1704 1721 1748 (l.
1749 1715 1778 1739 0.
1806 1703 1860 1745 II,
1896 1701 1994 1746 680),

227 1764 262 1794 et
289 1761 327 1794 P.
356 1761 507 1794 Ioannes
534 1759 757 1794 Cuvillonius
785 1758 818 1793 S.
840 1759 871 1793 J.
892 1760 1058 1803 Augusta
1084 1760 1139 1794 30.
1160 1759 1240 1793 Iulii
1271 1759 1360 1793 1560
1387 1757 1488 1792 Socio
1516 1758 1675 1792 cuidam:
1708 1757 1793 1799 „Est
1819 1756 1993 1800 quaedam

228 1813 420 1848 Comitissa
446 1814 534 1847 mire
562 1812 776 1846 Societatem
813 1814 849 1846 et
884 1815 924 1846 vt
958 1814 1073 1846 mater
1108 1812 1200 1846 filios
1236 1812 1388 1856 diligens
1428 1811 1465 1854 (l.
1494 1824 1522 1845 c.
1550 1811 1601 1851 ΙΙ,
1638 1810 1741 1852 862),
1778 1812 1814 1844 et
1844 1809 1994 1843 Ioannes

228 1866 438 1901 Berckelius
465 1866 498 1900 S.
527 1867 584 1900 J.¹
613 1867 778 1909 Augusta
805 1866 870 1900 sub
898 1867 1003 1899 finem
1036 1878 1081 1900 m.
1109 1866 1330 1911 Septembris
1359 1865 1467 1900 1560:
1509 1865 1624 1906 „Pene
1659 1863 1914 1909 praeterieram
1949 1861 1993 1896 si-

228 1921 352 1959 leucio,
466 1948 471 1954 .
499 1920 627 1954 Patres
664 1919 721 1954 hic
748 1919 880 1954 habere
912 1920 1065 1963 singulis
1100 1919 1312 1964 septimanis
1339 1919 1661 1959 communicantes,
1696 1918 1791 1951 inter
1817 1928 1905 1961 quos
1940 1917 1996 1950 est

229 1974 421 2009 Comitissa
449 1973 624 2017 quaedam
651 1985 730 2007 cum
759 1975 833 2007 tota
861 1973 1016 2007 familia*
1050 1973 1086 2017 (l.
1115 1985 1144 2007 c.
1173 1973 1215 2014 ΙΙ,
1243 1972 1339 2016 864).

348 2027 408 2061 Sin
445 2034 564 2060 autem
592 2026 656 2060 has
683 2026 725 2060 de
752 2026 885 2060 Ursula
913 2026 1077 2069 Fuggera
1105 2026 1276 2060 ecclesiae
1313 2025 1511 2060 catholicae
1547 2027 1582 2058 et
1608 2023 1778 2058 Societati
1804 2022 1994 2057 conciliata

228 2081 421 2115 relationes
448 2092 527 2114 011111
556 2080 609 2120 iis,
638 2091 729 2124 quae
748 2080 789 2113 de
809 2079 947 2124 Sibylla
967 2080 1133 2123 Fuggera
1159 2080 1203 2113 ad
1222 2080 1326 2113 fldem
1355 2078 1566 2113 catholicam
1594 2089 1768 2112 conversa
1793 2077 1994 2115 narrantur,

229 2134 433 2171 contuleris.
463 2133 629 2167 Ursulam
657 2145 725 2166 non
753 2133 857 2177 plane
885 2136 1089 2178 aperteque,
1116 2135 1156 2166 ut
1174 2132 1359 2177 Sibyllam,
1387 2132 1421 2165 in
1448 2131 1723 2176 protestantium
1750 2129 1879 2164 castris
1906 2127 1995 2162 mili-

228 2192 345 2229 tasse,
381 2187 462 2227 sed‚
499 2187 532 2220 id
561 2186 653 2230 quod
681 2186 785 2220 multi
818 2186 852 2220 id
878 2186 1050 2231 temporis
1077 2186 1276 2227 faciebant,
1312 2186 1347 2219 in
1373 2187 1561 2229 utramque
1588 2186 1726 2229 partem
1762 2182 1994 2221 claudicasse,

228 2244 337 2286 atque
364 2241 407 2274 ab
426 2240 629 2274 hominibus
649 2240 791 2284 quidem
815 2239 1013 2273 catholicae
1031 2239 1112 2273 fidei
1131 2239 1347 2284 pietatisque
1373 2238 1543 2272 studiosis
1568 2237 1720 2272 alienam
1741 2237 1861 2277 fuisse,
1889 2237 1996 2269 inter-

230 2295 313 2329 dum
339 2297 460 2328 tamen
497 2293 540 2327 ad
574 2292 790 2327 catholicum
816 2292 990 2337 templum
1026 2292 1144 2326 adisse
1177 2294 1244 2326 etc.
1272 2291 1477 2325 conieceris.
1527 2292 1647 2334 Atque
1681 2290 1750 2331 ita,
1785 2289 1854 2323 nisi
1880 2288 1994 2329 fallor,

229 2349 507 2392 interpretemur
542 2348 699 2391 oportet,
736 2357 827 2389 quae
862 2346 904 2379 de
931 2345 1063 2380 Ursula
1096 2344 1247 2387 „Ganisii
1283 2356 1390 2389 opera
1425 2357 1470 2378 ex
1503 2344 1775 2378 Lutheranismo
1811 2343 1855 2377 ad
1889 2341 1995 2376 fidem

231 2400 454 2435 Catholicam
480 2400 665 2434 traducta“
698 2399 844 2443 scripsit
870 2399 1040 2442 Ayricola
1066 2398 1088 2432 l.
1108 2410 1137 2433 c.
1157 2398 1183 2432 I.
1204 2398 1287 2432 Dec.
1307 2398 1337 2438 3,
1364 2409 1396 2431 n.
1418 2398 1461 2432 62
1488 2400 1525 2431 et
1549 2400 1631 2442 post
1657 2408 1737 2430 eum
1763 2396 1996 2431 asseruerunt

230 2453 412 2497 Mangold,
440 2453 555 2494 Riess,
574 2452 677 2493 Rass,
706 2453 816 2486 Boero
836 2455 902 2486 010.
940 2451 1163 2495 Quamquam
1183 2450 1404 2489 Elisabetha,
1423 2451 1577 2485 Ursulae
1595 2462 1704 2491 soror,
1730 2461 1822 2494 quae
1841 2448 1995 2483 Christo-

231 2507 340 2552 phoro
367 2506 409 2540 de
429 2505 555 2551 Spaur,
582 2504 691 2539 nobili
717 2504 888 2546 tirolensi,
916 2507 1098 2549 nupserat,
1125 2507 1233 2548 atque
1260 2505 1367 2538 etiam
1391 2505 1524 2538 Ioanna
1550 2506 1586 2538 et
1604 2503 1812 2547 Margarita,
1839 2501 1996 2546 Philippi

231 2559 439 2603 etheorgii
475 2559 642 2593 comitum
681 2558 723 2592 de
750 2557 995 2592 Lichtenstein
1021 2558 1171 2598 viduae,
1208 2558 1301 2591 inter
1336 2569 1366 2591 a.
1398 2557 1487 2592 1560
1520 2559 1555 2591 et
1588 2557 1678 2591 1570
1714 2556 1749 2590 in
1775 2555 1884 2589 Tiroli
1919 2566 1996 2600 pro-

231 2613 461 2648 testantismo
496 2611 729 2657 pertinaciter
764 2612 1010 2656 patrocinatae
1046 2613 1131 2645 sunt
1159 2610 1273 2654 (Hirn
1308 2610 1330 2644 l.
1358 2622 1387 2644 0.
1416 2611 1449 2652 Ι,
1488 2610 1682 2644 136-137,
1714 2608 1917 2649 144-147;
1953 2607 1995 2650 ΙΙ,

233 2666 354 2710 7-8).
391 2665 534 2707 Ursula‚
562 2665 663 2698 cuius
689 2664 820 2698 mentio
846 2664 882 2698 in
906 2663 1139 2708 sequentib-us
1158 2663 1264 2698 huius
1291 2664 1407 2708 operis
1426 2663 1665 2697 voluminibus
1691 2674 1798 2706 saepe
1824 2662 1998 2701 occurret,

232 2732 278 2754 ex
305 2719 494 2754 Guilielmo
522 2718 564 2752 de
592 2717 848 2759 Lichtenstein,
879 2718 1070 2751 comitatus
1096 2716 1278 2751 tirolensis
1304 2728 1470 2761 supremo
1497 2716 1659 2761 praeside
1688 2714 1996 2759 („Landeshaupt-

231 2772 392 2816 mann“)‚
421 2775 456 2806 et
481 2771 700 2815 Magdalena
726 2771 768 2804 de
795 2770 947 2808 Stetten.
974 2772 1009 2803 et
1035 2770 1114 2815 ipsa
1140 2769 1312 2810 tirolensi,
1339 2772 1429 2811 orta,
1455 2770 1604 2804 fratrem
1631 2769 1787 2803 habebat
1812 2767 1996 2802 Bartholo-

232 2838 375 2861 maeum
402 2825 444 2859 de
471 2823 736 2864 Lichtenstein,
773 2823 866 2857 arcis
892 2822 1050 2856 Karneid
1085 2823 1120 2857 in
1146 2822 1256 2856 Tiroli
1292 2823 1490 2864 dominum,
1527 2822 1586 2866 qui
1613 2824 1737 2867 postea
1769 2821 1812 2855 ob
1838 2820 1997 2855 facinora

233 2880 410 2924 quaedam
436 2879 470 2912 in
498 2889 641 2912 carcere
660 2876 880 2921 aliquamdiu
906 2877 1083 2917 servatus,
1110 2887 1239 2919 magno
1259 2887 1399 2920 quoque
1425 2887 1506 2910 aere
1532 2875 1648 2909 alieno
1671 2874 1828 2916 obrutus,
1855 2885 1885 2907 a.
1908 2873 1997 2907 1602

233 2936 382 2967 mortem
411 2931 515 2972 obiit;
543 2942 649 2965 unam
669 2942 713 2964 ex
732 2929 913 2964 sororibus
933 2928 1085 2963 Ursulae
1105 2928 1249 2963 Gabriel
1269 2929 1312 2962 de
1330 2929 1441 2963 Taxis
1459 2929 1563 2963 duxit
1581 2939 1728 2962 uxorem
1750 2927 1997 2971 (Pinacotheca

234 2988 480 3030 Fuyyerormn
498 2984 531 3018 S.
552 2984 592 3018 R.
612 2984 638 3018 Ι.
659 2983 834 3018 Comitum
863 2994 904 3016 ac
923 2982 1101 3016 Baronum
1129 2982 1164 3015 in
1183 2982 1432 3027 Khierchperg
1459 2984 1495 3016 et
1515 2980 1772 3016 Weissenborn
1796 2979 1874 3024 [Ed.
1892 2990 1996 3013 nova.

234 3039 361 3073 Ulmac
391 3037 494 3082 1754]
521 3049 554 3072 n.
579 3037 691 3072 XVII.
730 3037 829 3071 Hz'rn
854 3035 877 3069 l.
905 3047 933 3069 0.
961 3035 1004 3076 ΙΙ,
1032 3035 1153 3078 7-8).
1206 3035 1287 3079 Ipsa
1313 3037 1433 3069 autem
1460 3046 1492 3070 a.
1523 3035 1611 3069 1542
1640 3034 1715 3078 (vel
1745 3034 1844 3072 1540,
1870 3035 1911 3066 ut
1935 3031 1997 3066 ali-

356 3161 366 3182 ¹
393 3161 558 3194 Exeunte
584 3171 629 3193 m.
649 3157 851 3203 Septembri
871 3156 962 3191 1560
982 3155 1128 3190 Colonia
1146 3156 1347 3199 Augustam
1376 3156 1475 3190 venit
1501 3156 1651 3190 Ioannes
1670 3154 1879 3189 Berckelius
1898 3153 1932 3187 S.
1953 3153 1996 3193 J„

234 3214 316 3248 inde
342 3214 492 3247 Romam
518 3212 716 3258 petiturus;
743 3211 825 3245 vide
855 3210 941 3244 Can.
968 3208 1059 3254 Epp.
1087 3209 1130 3250 ΙΙ,
1156 3208 1235 3243 863.
