2093 3444
95 181 173 215 655.
201 181 398 215 Petrarcha
417 180 469 215 Ο).
506 181 618 215 Roma
648 182 701 216 10.
720 182 794 216 Ian.
817 183 918 217 1562.
958 183 1037 217 656.
1066 183 1102 218 C.
1122 184 1219 228 Regi.
1240 187 1342 219 Aust.
1369 187 1462 229 Aug.
1481 187 1555 221 lan.
1577 187 1677 221 1562.
1733 191 1817 232 353

44 297 257 340 licismum
289 297 466 352 propius
499 298 706 340 accedere
738 299 1032 354 maioremque
1065 315 1186 355 spem
1218 302 1411 356 polliceri
1449 303 1632 346 uidetur.
1696 305 1817 347 Haec

44 363 294 405 fauentibus
313 362 379 415 (ut
397 363 566 416 opinor)
585 364 870 406 sanctissimis
887 365 1084 419 patronis
1102 365 1388 420 Augustanae
1406 368 1627 410 Ecclesiae
1643 371 1669 412 1.
1690 395 1743 398 —
1760 396 1817 399 ——

164 444 263 478 Haec
289 444 493 478 litterarum
521 455 604 489 pars
641 448 795 479 exeunte
831 458 875 480 m.
905 447 1070 481 Ianuario
1099 448 1189 481 1562
1218 447 1434 483 Salmeronis
1471 450 1571 485 iussu
1597 451 1632 484 in
1661 452 1817 487 Galliam

45 497 89 530 ad
117 497 280 531 Lainium
308 497 553 542 praepositum
580 498 786 540 generalem
813 500 923 533 missa
950 512 1029 534 esse
1057 500 1210 535 videtur.

869 607 1000 648 (555.

318 691 381 731 P.
414 690 864 734 FRANCISCUS
897 693 1352 737 PETRARCHA
1388 696 1442 738 S.
1477 697 1533 739 J.

389 780 561 822 nomine
594 780 738 822 Iacobi
771 780 923 831 Lainii,
958 783 1196 836 praepositi
1229 784 1460 837 generalis,

789 871 1062 918 CANISIO.

677 966 789 1002 Roma
816 967 863 1002 10.
892 967 1056 1003 Ianuarii
1084 968 1177 1004 1502.

595 1044 679 1058 --μά

163 1043 217 1077 Ex
245 1043 320 1077 cod.
353 1043 541 1085 „Defuncti
571 1044 655 1077 1001
716 1044 773 1087 (de
801 1056 869 1088 quo
896 1056 1004 1089 supra
1034 1058 1064 1090 p.
1096 1047 1190 1088 159),
1217 1048 1240 1080 f.
1268 1059 1338 1081 0011
1365 1048 1457 1091 sign.

163 1114 286 1147 Preces
305 1125 378 1157 pro
405 1118 425 1147 2
451 1115 699 1148 cardinalibus
725 1116 946 1158 colleffl'orum
973 1118 1230 1159 fundatoribus
1253 1119 1450 1159 faciendae.

162 1198 213 1239 Ite
243 1203 561 1253 prcceceptorzmc
597 1204 680 1251 etc„
715 1200 848 1240 Roma
884 1215 907 1240 (1
943 1203 1149 1255 supremis
1172 1202 1389 1242 Societatc's
1413 1203 1747 1246 moderatoribus
1773 1206 1813 1246 ἱη

45 1265 188 1304 carias
211 1265 300 1305 eius
324 1264 472 1305 (lomus
500 1266 734 1314 missorum,
762 1266 946 1306 indiculo
964 1267 1145 1320 quodam
1164 1268 1328 1308 saeculo
1344 1267 1462 1309 XVI.
1482 1268 1640 1310 Romae
1663 1272 1815 1325 scripi‘o

42 1328 142 1370 haec
164 1334 286 1370 smus
311 1332 467 1381 „1502
500 1331 541 1370 A
566 1330 611 1371 di
634 1329 688 1371 X.
715 1331 762 1370 (li
780 1345 937 1384 fsenaro
960 1332 998 1372 3ιῖ
1021 1332 1176 1372 meando
1198 1332 1390 1373 l’ordme
1413 1333 1459 1373 (Ζὲ
1483 1337 1816 1377 raccomamlarc

43 1395 69 1435 ὰ
101 1394 185 1435 Dio
218 1394 260 1436 Il
295 1395 504 1437 Osodinal
539 1396 584 1436 (Ζί
623 1395 810 1449 Tamion,
847 1402 881 1436 et
916 1396 1127 1438 Cardinal
1161 1397 1207 1437 dc·
1228 1397 1413 1452 Peruyia
1448 1412 1558 1439 come
1586 1399 1816 1452 fundatori

0 1504 1 1518 ζ
46 1461 206 1501 uiuenti
239 1494 247 1502 .
284 1461 307 1500 ὰ
341 1460 620 1513 Lombardia,
661 1461 863 1513 Toseana,
897 1463 1112 1515 Augsusta,
1145 1463 1320 1517 Napolj,
1356 1463 1505 1504 Sicilia
1539 1470 1574 1505 et
1606 1466 1808 1508 Vessemeaf‘

160 1547 374 1581 Franciscus
401 1548 595 1582 cardinalis
622 1548 826 1582 Tui-nonius
854 1547 913 1592 (de
939 1548 1124 1590 Toumon,
1160 1550 1180 1591 †
1209 1549 1337 1593 1562),
1371 1549 1661 1596 archiepiscopus
1687 1553 1815 1596 lugdu-

40 1601 181 1642 nensis,
217 1612 309 1634 anno
339 1601 426 1635 1561
456 1601 666 1644 collegium,
703 1602 797 1645 quod
823 1601 991 1635 Tui-none
1017 1602 1248 1645 magnificum
1274 1605 1478 1644 struxerat,
1513 1604 1682 1640 Societati
1709 1607 1813 1641 dona-

40 1657 156 1688 verat.
207 1653 406 1698 Collegium
443 1657 564 1689 autem
591 1654 784 1689 Societatis
819 1655 1027 1700 perusinum
1063 1667 1155 1690 anno
1194 1656 1285 1690 1552
1320 1668 1341 1690 a
1375 1656 1503 1691 Fulvio
1531 1657 1667 1693 Corneo
1705 1661 1814 1702 (della

41 1707 188 1749 Cornea,
215 1709 236 1750 †
258 1708 375 1751 1583),
407 1708 601 1750 „cardinali
619 1708 827 1749 Perusinffl,
855 1709 915 1752 qui
935 1709 1125 1754 episcopus
1143 1709 1296 1754 primum
1316 1710 1507 1755 perusinus
1533 1712 1813 1757 (1550-1553),

39 1761 166 1796 deinde
192 1761 402 1806 spoletanus
426 1764 514 1804 erat,
541 1762 748 1796 incohatum
777 1764 854 1796 erat
876 1763 1078 1807 (Polanczcs,
1107 1762 1305 1798 Chronicon
1324 1764 1368 1806 ΙΙ,
1395 1764 1594 1800 431-432,
1612 1766 1813 1803 438-439.

41 1815 247 1860 Sat-chinus,
273 1815 369 1850 Hist.
389 1815 422 1850 S.
442 1816 476 1850 J.
495 1816 539 1856 H,
565 1816 587 1850 l.
616 1817 648 1857 5,
674 1828 707 1850 n.
729 1816 816 1856 189;
844 1816 865 1850 l.
886 1817 916 1857 6,
944 1828 977 1850 n.
999 1816 1071 1859 17).
1124 1818 1161 1851 S.
1181 1818 1345 1860 [matius
1371 1818 1629 1854 constituerat:
1661 1821 1813 1864 „LuegQ

39 1880 83 1902 611
109 1869 232 1903 siendo
258 1869 454 1912 entregado
480 1869 591 1913 algun
610 1869 755 1913 Colegio
783 1871 803 1903 a
829 1869 864 1902 la
883 1869 1089 1914 Compafiia,
1118 1869 1150 1903 el
1169 1869 1357 1914 {Reposito
1376 1870 1530 1906 General
1550 1872 1651 1907 avise
1670 1876 1691 1907 a
1709 1875 1813 1908 todas

38 1924 161 1967 partes
188 1921 281 1956 della
307 1922 624 1964 universalmente,
650 1934 739 1968 para
757 1934 826 1966 que
844 1923 933 1957 cada
952 1923 1144 1957 Sacerdote
1164 1923 1247 1967 diga
1265 1925 1340 1958 tres
1359 1924 1471 1959 Misas
1491 1937 1554 1970 por
1573 1926 1605 1960 el
1624 1926 1814 1962 Fundador

38 1976 198 2010 viviente
215 1988 240 2021 y
257 1976 535 2017 bienhechores;
556 2003 563 2011 .
584 2004 591 2011 .
612 2003 618 2010 .
638 1989 662 2021 y
682 1977 836 2021 despues
854 1987 922 2020 que
941 1975 1042 2020 [Dios
1060 1975 1216 2010 Nuestro
1236 1976 1360 2021 Senor]
1381 1977 1434 2012 los
1452 1978 1589 2012 llevare
1608 1980 1711 2014 desta
1728 1981 1813 2015 vida

39 2031 60 2063 a
85 2029 120 2063 la
146 2033 234 2070 otra,
262 2041 304 2063 en
331 2029 538 2064 sabiendolo
565 2031 597 2064 el
616 2030 805 2075 Preposito
824 2028 979 2064 Genera]
1006 2029 1170 2064 advierta
1197 2032 1218 2064 a
1243 2030 1297 2064 los
1323 2042 1479 2066 mesmos
1506 2044 1593 2077 para
1617 2045 1685 2078 que
1704 2034 1813 2078 digan

37 2085 112 2117 tres
138 2086 236 2117 otras
253 2083 367 2117 Misas
393 2095 457 2128 por
482 2095 525 2117 su
553 2083 682 2118 anima.
716 2083 834 2117 Todas
859 2082 914 2117 las
940 2094 1058 2124 veces,
1087 2094 1155 2127 que
1181 2095 1220 2118 se
1247 2083 1324 2118 dice
1351 2096 1420 2129 que
1447 2097 1485 2119 se
1512 2085 1632 2131 hayan
1659 2087 1702 2121 de
1722 2088 1811 2122 0616-

37 2137 121 2171 brar
137 2136 252 2171 Misas
277 2148 341 2182 por
366 2136 420 2171 los
438 2137 661 2178 Sacerdotes,
688 2137 790 2171 todos
807 2136 860 2171 los
880 2137 1003 2170 demas
1022 2148 1091 2181 que
1110 2137 1218 2170 viven
1237 2149 1281 2171 en
1299 2137 1353 2172 los
1373 2137 1548 2182 Colegios,
1575 2152 1599 2185 y
1620 2152 1665 2174 no
1683 2140 1717 2174 lo
1737 2153 1811 2183 son,

37 2190 152 2224 deben
177 2189 287 2225 hacer
312 2190 455 2225 oracion
481 2193 501 2225 a
526 2190 562 2225 la
588 2190 770 2225 intencion
796 2202 933 2224 mesma
960 2202 1029 2235 que
1055 2189 1108 2224 los
1133 2189 1346 2225 Sacerdotes
1372 2192 1582 2228 celebran“:
1610 2193 1650 2228 P.
1668 2196 1701 2236 4,
1729 2207 1758 2229 c.
1781 2197 1810 2237 1,

37 2255 70 2278 0.
97 2244 120 2278 4
149 2243 450 2288 (Constitutiones
475 2244 609 2278 latinae
637 2247 673 2278 et
698 2244 906 2290 hispanicae
933 2256 964 2288 p.
995 2244 1072 2278 109.
1103 2244 1190 2285 111;
1217 2245 1261 2278 cf.
1289 2246 1455 2280 Pavhtler
1480 2246 1501 2280 l.
1530 2258 1559 2281 c.
1586 2247 1612 2289 I,
1642 2248 1810 2292 12—13).

38 2297 115 2332 Hae
142 2300 263 2332 autem
288 2309 414 2343 preces
441 2310 480 2332 60
500 2301 660 2343 tempore
686 2299 800 2343 ipsius
819 2298 934 2332 Lainii
959 2297 1164 2342 praepositi,
1191 2310 1261 2332 non
1280 2298 1499 2334 Salmeronis
1516 2300 1643 2335 vicarii
1669 2302 1810 2337 nomine

39 2351 152 2386 Sociis
177 2352 424 2397 praescriptae
451 2363 532 2386 esse
557 2352 746 2392 videntur;
775 2352 972 2385 Sacclzinus
998 2351 1093 2385 enim
1119 2350 1155 2384 in
1182 2362 1212 2385 a.
1242 2352 1333 2386 1562
1360 2353 1504 2388 scribit:
1542 2353 1708 2396 „Lainius
1733 2357 1810 2390 tan-

38 2416 146 2449 quam
171 2417 235 2450 pro
269 2405 460 2440 fundatore
496 2407 688 2440 consuetas
721 2416 846 2450 preces
880 2416 943 2449 pro
970 2403 1151 2439 Cardinali
1177 2404 1305 2440 Fuluio
1333 2405 1468 2441 Corneo
1505 2419 1568 2452 per
1594 2407 1809 2444 Societatem

37 2470 178 2493 omnem
204 2458 337 2493 edixit“
370 2459 407 2503 (l.
436 2471 464 2494 c.
491 2459 515 2493 1.
543 2460 575 2499 6,
601 2471 634 2493 n.
665 2459 738 2502 17).

855 2555 987 2598 656.

773 2644 1070 2692 CANISIUS

288 2737 640 2782 REGIMINI
671 2737 1047 2780 AUSTRIAE
1082 2737 1548 2783 SUPERIORIS.

313 2829 483 2877 Augusta
508 2828 783 2865 vindelicorum
809 2838 854 2864 m.
882 2827 1054 2865 Ianuario
1082 2830 1180 2876 (post
1206 2829 1363 2867 medium
1375 2830 1405 2876 P)
1430 2831 1526 2868 1562.

156 2906 212 2941 Ex
247 2907 454 2952 apographo
489 2906 643 2947 recenti,
679 2917 791 2950 eoque
823 2907 1005 2952 exscripto
1040 2919 1086 2941 ex
1117 2907 1322 2943 litterarum
1356 2909 1542 2953 regiminis
1578 2910 1807 2955 oenipontani

36 2960 243 3005 apographo
270 2960 419 3005 antiquo
448 2959 588 3004 (eodem
615 2959 690 2993 fere
715 2961 877 3004 tempore
903 2960 1074 3006 scripto),
1102 2961 1196 3005 quod
1223 2964 1345 2996 exstat
1371 2961 1570 3007 Oeniponte
1596 2963 1632 2997 in
1658 2964 1806 2999 archivo

36 3013 286 3058 praefecturae
312 3024 514 3054 caesareae,
541 3012 617 3047 cod.
649 3012 754 3057 „Cop.
780 3013 820 3047 Β.
848 3012 1036 3048 Embieten
1063 3014 1134 3049 und
1159 3015 1318 3049 Bevelch
1348 3016 1457 3050 1562‘
1489 3016 1512 3050 f.
1540 3017 1728 3052 61b—622.

158 3114 168 3133 ¹
195 3113 332 3147 Horum
358 3111 543 3158 praecipui
569 3113 655 3145 sunt
673 3111 706 3146 S.
726 3111 930 3154 Udalricus,
957 3112 1146 3159 episcopus
1173 3116 1397 3157 augustanus
1418 3113 1454 3157 (†
1473 3113 1570 3158 973),
1597 3116 1632 3148 et
1650 3114 1684 3149 S.
1704 3115 1804 3156 Afra,

37 3176 128 3210 quae
154 3166 297 3200 saeculo
322 3166 384 3200 IV.
411 3165 543 3199 ibidem
568 3165 783 3210 martyrium
809 3165 930 3200 subiit.

105 3230 129 3254 B
140 3230 414 3261 raunsberger,
435 3230 546 3254 Canisii
559 3229 718 3260 Epistulae
731 3230 761 3253 et
775 3230 858 3255 Acta.
881 3230 934 3254 111.
1481 3229 1522 3259 23
