2093 3444
218 236 332 264 XXIV
795 216 819 250 1.
858 215 1084 250 Prooemium
1111 213 1305 248 voluminis
1330 213 1438 247 tertii.

219 352 306 379 non
339 339 419 386 est,
457 337 494 378 7.
519 333 782 377 Novembris
811 334 937 383 1562,
972 346 1068 374 cum
1103 330 1295 373 concessi
1328 344 1484 372 revera
1516 331 1661 373 calicis
1693 346 1840 375 rumor
1871 347 1994 388 spar-

219 406 410 456 geretur,
446 400 678 450 Canisium,
712 399 872 442 litteris
905 398 960 440 ad
994 397 1176 439 Hosium
1210 396 1337 445 datis,
1370 395 1451 438 hac
1484 396 1536 438 de
1568 411 1614 438 re
1646 397 1818 440 tristem
1850 398 1994 453 potius

220 482 266 509 se
300 467 505 508 exhibere
539 480 667 519 quam
699 465 863 507 laetum
898 463 1035 515 (528).

339 532 471 574 Brevi
504 534 605 586 post
637 531 749 573 hanc
784 530 1025 572 orationem
1048 527 1257 578 Canisius,
1291 526 1537 579 Augustam
1570 526 1614 568 in
1635 528 1755 571 aedis
1778 529 1995 572 maximae

220 600 476 651 suggestum
507 599 551 639 et
573 611 599 638 a
622 596 738 638 clero
761 595 1007 649 populoque
1030 592 1243 636 catholico
1266 595 1310 635 et
1333 592 1386 633 ab
1410 591 1572 634 Ottone
1595 594 1815 636 cardinale
1837 594 1994 636 iterum

220 677 270 705 ac
304 662 478 717 saepius
511 661 747 716 repetitus,
787 660 996 702 Tridento
1031 658 1216 701 abeundi
1248 657 1421 699 veniam
1453 657 1708 712 impetravit
1740 658 1857 711 (735.
1895 661 1993 702 739.

222 728 338 783 741).
382 728 536 781 Neque
559 731 707 770 tamen
731 725 933 779 deinceps
956 723 1125 766 concilii
1149 722 1382 766 adiuvandi
1406 737 1554 764 curam
1577 723 1751 769 dimisit.
1797 724 1993 775 Hosium,

220 797 269 836 ut
300 794 345 834 in
377 792 589 848 praesidis
623 791 764 833 officio
787 790 975 833 infracto
999 790 1141 831 animo
1164 788 1432 844 persisteret,
1466 788 1702 831 identidem
1724 804 1802 844 per
1823 790 1996 833 litteras

219 859 481 901 hortabatur
523 858 640 909 (485.
685 856 803 909 488).
868 856 1019 897 Eidem
1063 870 1118 897 m.
1162 854 1383 908 Augusto,
1427 867 1554 907 quem
1596 855 1836 908 petiverat,
1879 869 1995 897 com-

222 924 482 966 mentarium
523 924 599 974 „de
631 922 838 965 abusibus
870 921 1052 963 missae“
1091 919 1295 962 tollendis
1327 919 1465 969 misit,
1499 919 1719 962 mensibus
1752 920 1995 975 Septembri

224 993 268 1033 et
291 989 483 1038 Octobri,
517 991 565 1030 ut
603 990 920 1043 „purgarentur
941 987 1017 1029 filii
1039 985 1189 1036 Levi“,
1223 998 1332 1026 neve
1372 985 1532 1033 ,solum
1567 985 1619 1027 de
1652 986 1750 1028 fidei
1784 986 1994 1034 doctrina,

225 1055 301 1098 sed
335 1055 466 1098 etiam
501 1054 552 1096 de
584 1052 895 1096 reformatione
928 1054 1119 1093 morum“
1157 1050 1353 1093 Tridenti
1394 1051 1606 1103 quaedam
1658 1051 1995 1102 „constitueren-

225 1124 340 1171 tur“,
374 1120 546 1162 iteratis
578 1118 738 1162 litteris
771 1117 1091 1160 commendavit
1125 1117 1241 1170 (474.
1277 1117 1375 1158 485,
1410 1118 1510 1158 489.
1535 1118 1633 1159 492.
1659 1116 1808 1169 516)1.
1850 1116 1996 1170 Atque

225 1186 443 1236 Canisius,
479 1199 574 1227 cum
609 1199 706 1226 eum
739 1183 812 1237 qui
845 1197 975 1237 super
1008 1182 1127 1225 Petri
1161 1181 1413 1223 cathedram
1453 1182 1684 1231 „fundatus
1717 1196 1802 1224 non
1835 1185 1995 1231 esset“‚

232 1251 509 1301 „arundinem
543 1264 638 1292 esse
671 1263 820 1304 posse,
861 1248 1153 1291 Christianum
1185 1261 1268 1288 non
1300 1249 1453 1301 posse“
1492 1247 1638 1301 (331),
1681 1251 1813 1301 atque
1847 1247 1994 1296 Sociis,

224 1317 261 1359 si
294 1331 401 1371 opus
433 1316 566 1366 foret,
601 1315 734 1357 etiam
768 1314 1037 1367 sanguinem,
1072 1316 1120 1355 ut
1153 1311 1384 1354 Germania
1416 1312 1508 1354 sedi
1541 1313 1807 1367 apostolicae
1845 1313 1996 1363 „resti-

224 1384 464 1431 tueretm‘“,
499 1381 764 1423 fundendum
799 1394 894 1421 esse
927 1381 1125 1421 censeret
1157 1381 1289 1431 atque
1321 1377 1446 1419 huius
1479 1378 1593 1420 sedis
1619 1378 1926 1421 auctoritatem
1952 1379 1995 1420 in

225 1447 405 1489 concilio
429 1448 730 1488 confirmatum
754 1446 1107 1498 illustratumque
1129 1443 1180 1484 iri
1207 1446 1429 1497 sperasset
1452 1443 1569 1495 (140.
1596 1443 1683 1496 89),
1717 1443 1999 1486 vehementer

225 1513 385 1563 doluit,
427 1526 631 1564 „gravem
666 1514 710 1553 et
744 1511 937 1552 odiosam
972 1509 1361 1552 conflictationeni“
1400 1508 1514 1550 inter
1545 1516 1695 1563 patres
1728 1512 1869 1551 ortam
1902 1523 1998 1551 esse

225 1579 277 1621 de
311 1578 578 1632 quaestione,
614 1591 743 1630 quani
776 1577 925 1630 magni
947 1574 1148 1630 ponderis
1182 1588 1278 1616 esse
1311 1577 1355 1616 et
1377 1574 1460 1628 ipsi
1481 1588 1736 1628 persuasum
1760 1577 1855 1617 erat
1877 1573 1996 1627 (443.

226 1643 354 1696 551):
396 1643 512 1685 Num
546 1643 705 1695 singuli
739 1642 951 1695 episcopi,
996 1641 1106 1682 sieut
1144 1639 1374 1690 ,ordinis“‚
1415 1639 1479 1681 ita
1511 1639 1643 1682 etiam
1675 1639 1997 1690 iurisdictionis,

225 1723 311 1762 qua
343 1723 466 1750 suam
499 1709 679 1762 quisque
713 1707 942 1749 dioecesim
978 1710 1171 1759 regeret,
1211 1708 1477 1760 potestatem
1511 1706 1564 1747 ab
1597 1705 1690 1759 ipso
1724 1706 1837 1756 Deo,
1881 1705 1997 1747 nullo

224 1774 497 1828 interposito,
532 1774 792 1827 acciperent.
841 1772 1036 1814 Canisius
1069 1784 1174 1812 sane
1206 1785 1291 1812 11011
1324 1771 1463 1813 50111111
1486 1771 1528 1812 111
1552 1770 1625 1812 1110
1650 1771 1701 1812 de
1724 1770 1858 1812 calice
1881 1784 1996 1812 com-

225 1839 437 1882 mentario
481 1839 535 1880 ad
568 1838 886 1880 Ferdinandum
921 1838 952 1880 I.
987 1837 1088 1879 dato
1130 1835 1378 1890 pontificiae
1418 1836 1653 1890 potestatis
1685 1835 1996 1890 plenitudinem

225 1904 418 1946 studiose
467 1904 626 1946 extulit
673 1904 967 1956 (mo—512),
1016 1902 1111 1944 loco
1160 1902 1233 1943 illo
1282 1901 1469 1951 Irenaei,
1518 1904 1695 1955 praeter
1741 1901 1867 1952 alios,
1921 1902 1997 1943 ad-

226 1970 385 2020 hibito,
429 1969 500 2022 qui
537 1983 650 2011 nunc
692 1982 861 2022 quoque
894 1969 946 2010 ad
980 1967 1145 2009 romani
1178 1967 1394 2022 pontificis
1427 1966 1661 2021 primatum
1695 1966 1996 2009 demonstran-

228 2036 328 2077 dum
360 2034 570 2089 imprimis
604 2034 833 2076 adhibetur
866 2033 1044 2087 (Contra
1074 2033 1192 2074 haer.
1228 2033 1253 2075 1.
1287 2034 1325 2080 3,
1361 2048 1394 2075 0.
1421 2034 1459 2081 3,
1494 2046 1533 2074 n.
1560 2033 1617 2084 2),
1652 2032 1727 2074 sed
1761 2032 1891 2074 etiam
1924 2032 1996 2075 lit-

228 2101 335 2143 teris
368 2101 423 2142 ad
446 2100 627 2141 Hosium
661 2099 775 2142 datis
806 2099 1028 2154 professus
1061 2102 1141 2148 est,
1175 2098 1438 2140 sententiam
1472 2097 1624 2148 Lainii,
1657 2097 1995 2140 iurisdictionem

227 2166 346 2207 illam
385 2179 411 2207 a
442 2165 534 2207 Deo
575 2165 800 2219 „pontifice
833 2164 1073 2206 mediant&
1113 2163 1206 2205 dari
1238 2163 1450 2213 tenentis,
1494 2163 1575 2204 sibi
1608 2177 1777 2216 quoque
1810 2163 1995 2217 placere,

228 2231 428 2284 quamvis
460 2230 673 2285 episcopis
704 2229 896 2285 hispanis
934 2229 1157 2282 „ingrata“
1196 2231 1314 2271 esset
1346 2228 1482 2281 (527).
1539 2228 1618 2278 Qui
1651 2242 1747 2270 cum
1791 2242 1841 2270 eo
1886 2231 1997 2270 tem-

226 2310 332 2350 pore
374 2295 636 2338 contrariam
678 2295 939 2338 sententiam
979 2294 1193 2336 mordicus
1236 2293 1540 2344 defenderent,
1583 2293 1779 2335 Canisius
1820 2293 1996 2335 Claudio

229 2361 375 2403 comiti
419 2361 472 2402 de
515 2360 658 2411 Luna,
712 2360 895 2414 Philippi
939 2360 993 2403 Π.
1040 2360 1095 2401 ad
1140 2358 1367 2401 concilium
1411 2359 1581 2412 legato,
1630 2372 1708 2412 per
1750 2358 1997 2411 Augustam

226 2426 473 2469 transeunti
505 2425 744 2480 persuasit,
783 2429 830 2468 ut
862 2425 913 2467 iis
946 2425 1176 2474 scriberet,
1218 2424 1437 2474 „modeste
1468 2425 1674 2476 agerent“
1712 2437 1822 2465 neve
1855 2423 1997 2465 cardi-

226 2491 397 2533 nalibus
451 2490 621 2532 concilii
673 2490 942 2545 praesidibus
994 2489 1217 2532 molestias
1268 2491 1477 2543 pararent
1525 2487 1812 2541 (532—533).
1875 2487 1995 2537 Quod

227 2570 324 2598 011111
366 2570 392 2598 a
433 2555 602 2597 Canisio
644 2556 699 2597 ad
740 2555 922 2597 Hosium
964 2555 1150 2597 relatum
1193 2557 1331 2604 esset,
1374 2553 1531 2596 Canisii
1572 2553 1747 2596 litterae
1787 2552 1995 2595 Tridento

349 2682 359 2702 ¹
387 2682 476 2715 Cum
501 2681 558 2715 his
583 2681 691 2716 factis
718 2681 934 2716 conferenda
960 2682 1063 2722 sunt,
1099 2692 1191 2725 quae
1217 2680 1265 2714 H.
1292 2680 1357 2714 Ph.
1383 2681 1431 2714 K.
1457 2680 1600 2723 HenIce,
1636 2679 1837 2713 consistorii
1872 2679 1908 2712 in
1934 2679 1994 2713 du-

228 2736 311 2768 catu
337 2734 589 2769 brunsvicensi
614 2746 760 2780 praeses
787 2734 946 2768 vicarius
973 2736 1009 2768 et
1039 2734 1171 2776 „abbas
1197 2734 1233 2768 in
1259 2733 1531 2776 Konigslutter“
1569 2735 1795 2778 protest-ans,
1830 2732 1994 2777 scripsit:

231 2787 354 2829 „Olme
389 2788 457 2822 den
483 2787 641 2822 Einfluss
676 2788 738 2822 der
763 2788 927 2822 Jesuiten
963 2787 1084 2821 wiirde
1119 2787 1211 2821 auch
1247 2786 1303 2821 die
1329 2786 1519 2820 Tridenter
1544 2785 1685 2831 Synode
1721 2786 1823 2820 einen
1861 2785 1995 2819 andern

227 2843 403 2884 Ausgang
428 2842 500 2875 und
527 2841 653 2884 Erfolg
679 2841 814 2885 gehabt
839 2841 968 2875 haben.
1021 2840 1079 2875 Sie
1105 2839 1355 2874 vornehmlich
1380 2851 1501 2874 waren
1537 2851 1593 2881 es,
1628 2839 1765 2873 welche
1793 2866 1799 2873 .
1827 2865 1835 2873 .
1864 2866 1870 2872 .
1892 2838 1997 2883 jeder

230 2893 502 2938 Verbesserung
528 2894 590 2928 der
616 2894 791 2938 Begriffe,
814 2893 916 2939 jeder
942 2893 1160 2937 Abstellung
1186 2893 1278 2927 alter
1304 2892 1564 2933 Missbrauche,
1591 2903 1630 2926 so
1656 2892 1776 2937 tapfer
1802 2893 1994 2935 entgegen-

227 2947 437 2981 arbeiteten.
459 2975 466 2981 .
487 2975 493 2981 .
544 2949 681 2981 Ausser
705 2947 819 2981 ihren]
847 2947 1171 2990 Ordensgenerale,
1197 2946 1338 2987 Lainez,
1368 2957 1486 2980 waren
1512 2945 1620 2980 Peter
1647 2945 1812 2980 Canisius
1837 2944 1909 2978 und
1934 2943 1995 2978 Al-

228 3000 386 3044 phonsus
406 3000 600 3041 Salineron,
629 3000 686 3034 ein
705 3000 855 3045 Spanier
876 3000 912 3044 (†
932 3000 964 3034 J.
988 3000 1106 3042 1585),
1131 2999 1200 3045 bey
1219 3000 1299 3033 dem
1318 2999 1414 3033 allen
1431 2998 1642 3041 vorziiglich
1660 2998 1897 3038 betriebsam;
1922 2997 1994 3031 und

229 3052 341 3086 durch
374 3053 515 3087 solcher
540 3053 652 3087 Lente
687 3053 870 3094 mehrere,
906 3053 1020 3087 durch
1053 3053 1178 3096 listige
1205 3051 1413 3087 Sohleicher
1447 3052 1519 3086 und
1553 3050 1771 3085 stiirmische
1807 3049 1994 3095 Schreyer‚

229 3105 327 3138 ward
353 3106 415 3139 der
440 3106 586 3149 Mangel
613 3106 795 3149 gelehrter
821 3107 972 3140 Manner
998 3105 1063 3139 auf
1086 3106 1148 3140 der
1173 3105 1316 3151 Synode
1343 3106 1485 3146 ersetzt,
1519 3104 1587 3138 und
1610 3103 1712 3149 jeder
1738 3102 1995 3137 woldenkende

231 3157 436 3200 Rathgeber
461 3170 541 3192 zum
560 3159 771 3203 Schweigen
797 3159 991 3203 gebracht⁸⁴
1009 3173 1015 3193 :
1042 3158 1269 3202 Allgemeine
1288 3157 1504 3192 Geschichte
1523 3157 1585 3191 der
1603 3155 1844 3191 Christlichen
1861 3155 1994 3190 Kirche

230 3209 323 3243 nach
350 3211 411 3244 der
436 3211 622 3255 Zeitfolge.
647 3213 680 3246 4.
707 3212 800 3246 Aufl.
829 3212 860 3246 3.
888 3212 988 3246 Theil
1018 3211 1317 3254 (Braunschweig
1346 3210 1463 3254 1806),
1489 3221 1523 3255 p.
1550 3209 1748 3244 220—221.
