2093 3444
199 197 285 238 460
361 195 438 228 695.
476 192 641 228 Canisius
667 193 798 228 Sancto
825 192 1016 227 Francis-,eo
1042 192 1197 235 Borgiae
1223 194 1291 226 etc.
1329 192 1499 228 Tridento
1526 194 1558 229 8.
1585 195 1678 229 Iunii
1707 196 1808 230 1562.

318 312 381 353 De
414 311 629 353 Nicolao1
669 313 855 352 venturo
896 310 1002 352 nihil
1042 310 1165 352 nobis
1205 310 1512 365 promittimus.
1577 313 1814 357 Conseruet
1850 315 1970 358 illum

198 391 367 431 quoque
400 377 608 427 Christus,
642 376 885 429 vbicunque
919 376 1089 418 demum
1121 379 1337 420 versatur.

316 448 442 490 Alter
473 448 713 490 Nicolaus2
744 447 935 489 Liuonus
968 450 1012 489 et
1045 446 1378 501 Christophorus
1409 448 1639 491 Lindawer
1677 464 1771 492 cum
1805 451 1860 492 ad
1892 465 1970 494 nos

196 514 424 564 redierint,
467 528 552 555 non
584 512 712 554 facile
746 512 1054 561 admittentur,
1093 526 1189 554 cum
1223 512 1275 554 de
1307 515 1492 566 Vtroque
1524 528 1623 568 spes
1656 515 1778 557 nobis
1812 516 1972 570 exigua

196 578 396 633 supersit,
431 580 711 633 praestetque
743 577 855 620 tales
887 577 1083 619 homines
1117 577 1196 619 sibi
1230 577 1488 631 relinquere,
1523 593 1651 632 quam
1683 580 1726 621 in
1756 580 1842 622 illis
1875 595 1970 624 cor-

197 644 389 698 rigendis
421 644 586 686 frustra
617 643 817 685 laborare
833 643 862 685 3.

316 716 380 756 De
403 715 448 758 P.
474 714 670 757 Victoria
700 728 784 755 non
807 727 986 767 pergam
1012 727 1107 755 esse
1129 713 1360 756 molestus:
1395 716 1465 756 sat
1488 728 1568 768 ego
1592 715 1644 757 de
1666 715 1739 758 illo
1762 717 1971 772 scriptum

195 783 300 834 puto
335 815 342 822 .
378 780 514 821 Credo
537 779 628 821 ΒΗ,
653 778 747 821 VV.
771 792 857 820 non
890 778 1131 832 displicere,
1164 780 1213 820 vt
1244 778 1495 832 permittam
1518 793 1614 822 eum
1638 795 1715 822 suo
1748 781 1905 824 iudicio
1928 781 1971 824 in
2034 827 2043 830 Α

195 846 323 887 rebus
356 845 570 898 gerendis
606 847 649 886 et
682 843 717 885 si
741 844 794 885 ad
827 857 894 885 me
927 843 1032 884 nihil
1055 843 1230 893 scribat,
1266 843 1379 897 quod
1411 844 1523 887 sciat
1552 859 1598 887 se
1621 845 1671 888 Rs.
1697 846 1743 889 P.
1768 847 1971 889 Generali

195 910 444 952 immediate
477 910 717 952 subiectum
751 922 856 951 esse.
923 909 1032 951 Puto
1065 909 1185 950 illum
1218 909 1356 950 bonae
1389 909 1488 951 fidei
1530 912 1574 952 et
1605 910 1708 953 talis
1741 925 1836 954 esse
1869 926 1970 966 pru-

196 976 381 1026 dentiae,
416 979 465 1018 vt
498 975 603 1017 uelit
635 978 679 1017 et
711 974 850 1028 possit
883 974 1077 1027 collegijs
1108 974 1248 1016 tribus
1281 974 1359 1016 sibi
1394 975 1686 1018 concreditis4
1717 980 1836 1020 recte
1869 991 1971 1019 con-

196 1042 358 1091 sulere,
402 1040 581 1083 tametsi
614 1039 792 1082 consilia
834 1053 913 1081 sua
945 1053 1109 1081 mecum
1148 1053 1232 1081 non
1274 1040 1574 1084 communicet.
1638 1041 1783 1095 Atque
1814 1042 1858 1084 in
1890 1043 1971 1085 hac

194 1106 397 1149 libertate
430 1105 618 1160 putarim
651 1105 770 1147 illum
804 1105 988 1158 relinqui
1020 1119 1146 1158 posse
1179 1105 1233 1146 ad
1265 1105 1309 1147 P.
1334 1105 1508 1148 Natalis
1541 1107 1775 1150 aduentum
1809 1121 1968 1161 usque:

194 1171 277 1214 nisi
309 1172 422 1213 forte
445 1172 494 1214 R.
520 1171 566 1213 P.
591 1170 873 1225 Praepositus
906 1184 1001 1212 cum
1034 1170 1115 1211 huc
1149 1170 1330 1220 venerit,
1365 1170 1484 1213 illum
1513 1172 1714 1214 euocabit
1747 1175 1791 1214 et
1823 1187 1969 1214 coram

196 1237 356 1287 audiet,
380 1237 507 1279 sicuti
530 1237 713 1278 suadere
730 1236 903 1279 videtur
920 1236 966 1279 P.
987 1236 1223 1277 Salmeron.
1263 1235 1417 1279 Posset
1438 1236 1553 1279 forte
1575 1237 1686 1279 idem
1706 1237 1752 1280 P.
1774 1237 1969 1280 Victoria

196 1302 414 1344 uisitando
448 1301 632 1355 collegia
673 1301 758 1343 tria
799 1301 925 1343 simul
960 1303 1193 1351 annotare,
1238 1314 1348 1354 quae
1389 1301 1552 1344 maiore
1594 1305 1725 1356 egent
1758 1302 1969 1345 reforma-

196 1368 335 1417 tione,
379 1367 414 1409 si
448 1381 529 1421 ego
561 1370 740 1421 putarer
773 1367 827 1408 ad
860 1366 1168 1408 Visitationem
1202 1380 1286 1408 non
1319 1380 1447 1420 posse
1484 1367 1600 1410 mitti
1633 1368 1685 1410 ob
1720 1368 1968 1411 diuturnam

196 1434 250 1475 ab
285 1432 554 1486 Augustanis
587 1432 842 1474 absentiam.
907 1431 991 1473 Sed
1026 1433 1209 1485 expecto
1242 1431 1332 1473 RR.
1368 1432 1462 1475 VV.
1496 1433 1772 1477 sententiam.

317 1504 433 1554 Quae
457 1504 675 1546 Coloniam
710 1507 753 1546 et
776 1503 1046 1557 Moguntiam
1077 1502 1375 1554 mittebantur,
1410 1504 1463 1545 ad
1486 1503 1648 1547 fratres
1682 1505 1967 1548 destinantur.

314 1569 505 1611 Adiunxi
546 1569 698 1612 literas
740 1568 967 1611 Rectoris²¹
1004 1568 1315 1618 Viennensis5‚
1360 1571 1408 1612 ut
1448 1569 1608 1613 rectius
1650 1570 1741 1613 RR.
1784 1570 1879 1613 VV.
1924 1573 1969 1613 et

195 1634 258 1676 illi
291 1635 519 1677 consulant
552 1638 596 1677 et
628 1634 743 1685 mihi,
781 1635 981 1676 nimirum
1015 1637 1062 1676 ut
1095 1637 1266 1676 cessent
1298 1634 1408 1676 istae
1442 1634 1722 1678 difficultates
1755 1649 1811 1677 ex
1842 1638 1969 1690 parte

196 1700 242 1743 P.
267 1700 501 1750 Victoriae,
537 1700 606 1754 qui
640 1700 728 1742 suis
761 1700 951 1754 consilijs
984 1699 1214 1753 perplexos
1236 1699 1446 1742 Rectores
1475 1700 1671 1742 Viennae
1704 1702 1748 1743 et
1770 1701 1969 1754 Pragae6

196 1765 314 1816 facit,
349 1779 480 1819 seque
503 1768 686 1807 excusat
719 1779 813 1807 cum
836 1765 985 1807 iuuare
1008 1767 1177 1819 posset:
1211 1779 1379 1806 mecum
1402 1779 1505 1807 uero
1528 1765 1633 1807 nihil
1666 1765 1966 1809 communicat.

197 1830 334 1873 Video
367 1845 451 1872 non
484 1830 649 1873 frustra
681 1845 822 1873 meum
857 1830 1057 1885 exoptari
1091 1830 1339 1880 aduentum,
1376 1844 1502 1884 quem
1528 1830 1699 1884 longius
1730 1845 1968 1885 prorogare

197 1896 342 1938 nescio
384 1899 651 1951 quantopere
693 1896 899 1951 expediat
940 1895 1148 1950 collegijs.
1212 1896 1375 1938 Tamen
1418 1895 1578 1938 domini
1612 1896 1882 1939 voluntatem
1924 1896 1968 1938 in

197 1961 320 2003 nobis
353 1961 476 2015 cupio
510 1961 670 2016 perfici.

317 2033 576 2075 Commendo
609 2047 677 2075 me
709 2035 961 2075 reuerenter
993 2031 1214 2086 sacrificijs
1247 2034 1291 2074 et
1323 2031 1520 2086 precibus
1553 2032 1644 2075 RR.
1680 2032 1773 2075 VV.

316 2104 403 2146 Det
433 2104 556 2146 nobis
589 2104 786 2146 dominus
817 2104 987 2158 gratiae
1011 2118 1115 2145 suae
1146 2103 1472 2146 incrementum.
1517 2102 1713 2145 Tridenti
1747 2103 1772 2145 8
1804 2103 1921 2158 Junij
1957 2138 1965 2146 .

201 2171 311 2211 1562
347 2204 354 2212 .
390 2169 508 2219 Quae
541 2170 737 2224 proxime
769 2169 1013 2211 scribentur
1045 2169 1100 2211 ad
1132 2182 1213 2219 me,
1247 2169 1329 2210 huc
1362 2168 1477 2211 mitti
1508 2170 1728 2223 poterunt,
1763 2170 1811 2211 ut
1838 2168 1968 2211 Oeni-

196 2234 404 2290 pontumb
446 2236 523 2277 aut
555 2235 742 2289 Pragam
782 2234 880 2276 ilico
922 2233 1212 2288 perferantur.
1277 2233 1321 2276 Si
1354 2233 1469 2275 aliud
1511 2247 1595 2276 non
1628 2232 1810 2283 incidet,
1853 2233 1968 2276 circa

195 2299 451 2355 principium
484 2300 588 2354 Julij
622 2314 794 2354 possem
827 2299 1070 2354 Oeniponto
1105 2299 1294 2352 Pragam
1325 2298 1539 2353 proficisci

1148 2399 1308 2441 Seruus
1340 2398 1384 2440 in
1417 2397 1586 2441 Christo
1619 2398 1666 2441 P.
1699 2397 1908 2441 Canisius.

314 2512 340 2563 †
373 2510 429 2552 Al
469 2511 604 2553 molto
645 2511 900 2553 Reuerendo
945 2511 988 2552 in
1030 2510 1199 2552 Christo
1239 2510 1379 2552 Padre
1412 2545 1420 2554 .
1455 2510 1513 2552 M.
1549 2509 1753 2552 Giacomo
1795 2509 1968 2562 Laynez

194 2575 415 2631 preposito
448 2576 651 2629 generale
685 2576 798 2618 della
831 2575 1088 2630 compagnia
1121 2576 1163 2617 di
1194 2575 1302 2618 Jesv
1669 2573 1719 2616 In
1751 2573 1902 2616 Roma.

316 2667 460 2702 Canisio
486 2667 699 2712 rescriptum
728 2670 784 2702 est
810 2667 923 2703 Roma
950 2668 1006 2703 20.
1034 2667 1124 2702 lunii
1153 2667 1255 2702 1562.

316 2826 330 2840 ἢ
356 2820 528 2863 Sequitur
552 2818 760 2862 Pragensis,
787 2830 809 2852 α
840 2819 874 2852 C.
904 2820 980 2862 ipso
1007 2819 1254 2852 oblitteratum.

317 2873 331 2893 b
357 2876 379 2906 2
403 2884 453 2906 vv.
479 2884 553 2916 sqq.
577 2883 599 2905 a
629 2872 666 2906 C.
692 2873 731 2905 in
757 2883 869 2915 mary.
897 2873 1023 2906 addita
1049 2876 1142 2905 sunt.

319 3018 328 3038 ¹
355 3017 531 3052 servatio.
630 3017 643 3037 ²
669 3015 870 3051 Schricker.
971 3016 984 3036 ³
1011 3015 1064 3050 Of.
1091 3026 1201 3060 supra
1226 3026 1260 3060 p.
1287 3014 1488 3049 452—453.

316 3072 328 3091 ⁴
356 3070 596 3113 Collegiorum
621 3069 918 3110 vindobonensis,
944 3068 1153 3114 pragensis,
1188 3067 1434 3113 tyrnaviensis
1459 3067 1553 3102 bona
1578 3066 1789 3111 reditusque
1816 3065 1964 3100 admini-

197 3123 347 3158 strabat.
493 3124 506 3143 ⁵
531 3122 572 3157 P.
599 3122 704 3157 Pauli
728 3121 881 3156 Hoffaei.

318 3177 331 3197 ⁶
356 3176 396 3210 P.
424 3176 602 3210 Hem-icus
627 3175 839 3210 Blissemius
865 3177 982 3209 rector
1008 3176 1087 3209 erat
1111 3173 1313 3220 pragensis.
