2093 3444
216 190 300 230 462
554 186 633 220 697.
671 185 836 220 Canisius
864 185 909 228 [‘?]
939 184 1039 220 socio
1065 185 1206 220 cuidam
1232 186 1267 220 in
1296 186 1489 221 Germania
1516 188 1673 231 degenti.

214 305 376 356 minus,
421 305 492 358 qui
523 304 639 347 inter
670 304 748 346 hos
781 307 929 347 tantos
967 304 1084 346 uiros
1126 305 1265 346 lucem
1299 306 1393 347 vult
1435 319 1646 360 apparere
1686 306 1730 347 in
1762 306 1987 357 societate,

214 384 293 412 1160
325 369 487 420 dubito,
522 370 622 423 quin
655 370 706 412 R.
740 370 786 413 P.
813 369 1037 412 Generalis
1070 369 1260 412 aduentu
1294 384 1370 412 suo
1402 370 1543 424 magis
1576 371 1846 414 confirmabit
1878 371 1987 413 Con-

215 435 298 489 cilij
324 449 429 488 erga
452 437 625 477 nostros
647 434 1008 477 beneuolentiam.
1052 435 1208 476 <11155115
1231 450 1324 476 511111
1349 438 1393 477 et
1415 449 1495 489 ego
1519 436 1662 478 dicere
1680 438 1707 479 1.
1742 450 1986 478 successum

215 501 288 554 alij
323 500 640 543 commendant.
702 500 912 541 Dominus
944 499 1085 542 adfuit
1118 499 1219 541 mihi
1252 514 1328 554 per
1359 500 1582 543 societatis
1624 501 1867 544 communia
1898 501 1988 544 suf-

213 565 369 619 fragia.
403 565 485 619 ipsi
527 565 664 607 omnis
697 565 848 618 gloria.
913 564 1040 607 Nunc
1081 580 1149 607 me
1190 567 1330 608 totum
1362 565 1530 609 instruo
1572 567 1627 608 ad
1663 566 1748 608 iter
1779 569 1988 621 expecta-

213 634 337 674 turus
380 630 611 684 Oeniponti
653 630 703 673 R.
744 630 790 673 P.
831 629 1110 681 Generalem,
1157 644 1236 672 nec
1277 630 1398 672 licuit
1439 634 1570 674 antea
1614 631 1848 674 discedere.
1919 631 1987 674 Sic

214 696 352 738 uoluit
384 696 434 738 R.
469 696 514 738 P.
549 695 749 737 Vicarius
765 696 793 738 2.
839 695 923 737 Sed
956 695 1157 749 quoniam
1192 696 1242 738 R.
1267 696 1314 738 P.
1348 695 1572 738 Generalis
1604 696 1726 739 breui
1758 696 1988 740 adfuturus

216 764 284 803 est
316 763 365 803 vt
398 760 616 810 audimus,
659 759 887 814 Augustae
920 775 970 802 ac
1004 760 1258 815 Oeniponti,
1303 761 1525 804 decretum
1567 764 1656 813 est,
1699 765 1748 804 vt
1788 762 1849 803 illi
1892 775 1987 804 eam

216 826 410 876 obuiam,
453 840 503 868 ac
540 825 770 880 Oeniponti
814 826 1027 880 excipiam
1069 827 1252 880 patres3
1293 826 1459 868 tamdiu
1501 827 1783 870 desideratos.
1847 827 1990 877 Quare

218 894 273 933 20
305 891 467 933 mensis
499 891 624 933 huius
657 891 740 934 iter
772 891 1003 945 ingrediar,
1039 892 1151 944 quod
1184 891 1351 934 absolui
1380 892 1544 946 poterit
1566 892 1809 946 quatriduo,
1842 892 1879 934 si
1899 893 1988 934 Do-

217 957 358 998 minus
391 956 593 999 adfuerit.
651 956 845 1009 Agemus
877 959 969 998 tum
1003 970 1149 998 coram
1183 957 1234 998 de
1268 960 1386 999 certo
1419 957 1606 1000 Rectore
1639 957 1823 1013 collegij,
1859 959 1903 1000 et
1935 957 1988 999 de

217 1023 274 1064 M.
291 1022 466 1064 Ramiro
484 1022 634 1064 forsan
649 1021 733 1064 alio
748 1021 1065 1064 transferendo.
1090 1022 1195 1065 Doc.
1211 1022 1398 1064 Lanoius
1413 1037 1526 1064 nunc
1542 1023 1784 1078 Oeniponto
1800 1022 1986 1077 scripsit.

218 1088 384 1140 Sequar
416 1090 591 1130 autem³
624 1086 826 1129 iudicium
849 1087 898 1129 R.
925 1087 1068 1129 Patris
1101 1087 1367 1142 praepositib
1401 1087 1492 1130 siue
1525 1089 1579 1130 ad
1602 1088 1896 1131 visitationem
1919 1102 1987 1130 me

216 1153 365 1195 iubeat
397 1153 621 1206 progredi,
664 1153 755 1194 51116
788 1153 1032 1205 Augustam
1066 1153 1173 1195 uelit
1204 1167 1271 1194 me
1304 1153 1454 1196 statim
1486 1154 1679 1207 regredi,
1714 1157 1763 1196 ut
1795 1153 1988 1208 postulat

217 1218 457 1260 Cardinalis
478 1216 821 1272 Augusta[nus]
867 1217 997 1271 Cupio
1030 1232 1098 1259 me
1131 1232 1301 1272 semper
1323 1218 1504 1260 Domino
1529 1219 1820 1261 commendari
1852 1217 1987 1260 sacri-

218 1283 326 1338 ficijs
360 1286 403 1326 et
435 1283 595 1337 precib.
629 1283 719 1325 RR.
744 1283 838 1325 VV.
883 1283 1067 1325 Multum
1103 1283 1236 1325 debeo
1269 1297 1374 1325 sane
1406 1284 1638 1327 Jllustriss.
1667 1284 1851 1326 Domino
1885 1283 1988 1326 Car-

218 1349 351 1390 dinali
372 1348 650 1399 11731111161151,
685 1348 755 1401 qui
789 1362 957 1389 summa
989 1362 1160 1403 semper
1191 1348 1463 1392 humanitate
1496 1363 1601 1403 erga
1632 1364 1701 1391 me
1734 1352 1777 1392 et
1804 1350 1850 1392 P.
1873 1349 1987 1391 Doc-

216 1417 355 1456 torem
380 1414 674 1456 Salmeronem
698 1413 760 1456 vti
787 1428 868 1455 non
893 1413 1050 1456 desinit
1073 1450 1081 1457 .
1106 1417 1153 1456 ut
1176 1428 1253 1468 pro
1276 1414 1349 1455 illo
1372 1414 1603 1457 Dominum
1632 1415 1725 1457 iure
1747 1428 1985 1470 precemur.

217 1479 413 1521 Tridenti
449 1481 501 1521 18
535 1479 652 1533 Junij
689 1480 814 1521 1562.
1118 1479 1278 1522 Seruus
1312 1480 1355 1521 in
1389 1480 1557 1523 Christo
1590 1481 1684 1524 Pet.
1718 1480 1925 1523 Canisius.

336 1575 363 1626 †
404 1573 458 1614 Al
503 1573 636 1615 molto
678 1573 934 1614 Reuerendo
978 1572 1021 1614 in
1064 1572 1234 1615 Christo
1280 1573 1419 1616 Padre
1463 1574 1521 1617 Μ.
1565 1574 1768 1616 Giacomo
1813 1574 1986 1627 Laynez

216 1639 442 1693 Preposito
475 1638 678 1691 gencrale
711 1638 823 1680 della
857 1638 1115 1692 compagnia
1148 1638 1189 1679 di
1221 1638 1329 1680 Jesv
1685 1639 1742 1681 Jn
1774 1639 1925 1681 Roma.

1034 1771 1165 1814 697.

907 1865 1203 1913 0111115105
1246 1867 1297 1925 12]

379 1963 594 2007 50010
629 1963 914 2006 cunum
946 1965 1022 2006 ΙΝ
1055 1964 1447 2007 dammum
1480 1965 1824 2009 naemu.

808 2060 980 2098 Tridento
1008 2062 1073 2098 sub
1101 2062 1147 2098 19.
1176 2061 1270 2098 Iunii
1299 2062 1391 2098 1562.

334 2146 387 2181 Ex
414 2146 621 2191 apographo
648 2147 807 2181 ciusdem
835 2147 1006 2192 temporis
1036 2148 1114 2191 (2⁰3
1148 2148 1168 2181 ‘2
1196 2147 1292 2193 pp.)‚
1328 2148 1421 2192 quod
1449 2149 1570 2181 exstat
1596 2146 1765 2182 Treveris
1799 2147 1835 2181 in
1861 2147 1985 2182 biblio·

213 2199 318 2233 theca
344 2200 500 2241 urbana,
530 2199 613 2234 Cod.
640 2212 692 2234 111.
722 2201 811 2235 1237
843 2201 965 2245 (603),
1002 2201 1025 2235 f.
1053 2213 1121 2235 non
1150 2201 1262 2245 sign,
1299 2201 1392 2245 quod
1419 2200 1455 2234 in
1482 2199 1597 2234 medio
1623 2199 1699 2234 fere
1726 2200 1865 2242 codice,
1902 2203 1985 2236 ante

213 2252 338 2287 folium
366 2265 475 2298 supra
502 2265 534 2298 p.
561 2254 630 2288 455
659 2257 906 2294 memoratum,
933 2255 1090 2299 positum
1118 2256 1183 2288 est.

333 2306 537 2352 Epistulam
573 2318 592 2340 a
628 2306 669 2340 R.
697 2307 738 2341 D.
774 2308 835 2341 Dr.
863 2309 910 2342 H.
938 2309 975 2342 V.
1004 2309 1211 2342 Saum-land
1245 2309 1280 2342 in
1317 2319 1357 2342 eo
1393 2307 1514 2342 codice
1548 2306 1734 2341 inventam
1770 2318 1814 2341 ex
1849 2307 1984 2341 recenti

214 2360 422 2405 apographo
448 2360 535 2394 mihi
570 2360 680 2395 misso
707 2362 861 2405 primum
889 2361 982 2395 edidi
1018 2362 1053 2395 in
1082 2361 1287 2405 „Romz'sche
1316 2357 1620 2404 Quartalschrift“
1648 2362 1715 2394 etc.
1746 2360 1843 2404 (vide
1874 2371 1984 2406 supra

214 2424 247 2458 p.
273 2413 358 2457 455)
387 2413 409 2448 1.
437 2425 465 2447 0.
493 2425 526 2458 p.
554 2413 754 2449 283—285.
805 2414 937 2449 Postea
964 2417 1083 2449 autem
1109 2414 1226 2458 ipsum
1254 2414 1411 2448 codicem
1439 2414 1523 2448 vidi.

339 2473 512 2517 Tridenti,
539 2473 687 2507 motibus
705 2474 915 2517 quibusdam
934 2476 1075 2518 sedatis,
1104 2476 1175 2507 iam
1195 2475 1352 2517 plurimi
1371 2474 1556 2507 variarum
1575 2475 1758 2507 nationum
1777 2473 1927 2517 theoloyi
1943 2473 1984 2506 de

215 2527 481 2569 „commuuione
498 2527 683 2570 utriusque
700 2525 845 2570 speciest
874 2528 998 2560 cotidie
1017 2538 1136 2561 coram
1155 2527 1413 2570 cardinalibus,
1440 2527 1620 2570 episcopis,
1647 2527 1849 2560 oratoribeoe
1866 2526 1983 2570 libere,

213 2580 320 2622 docte,
339 2580 484 2622 copiose,
502 2580 650 2612 modeste
667 2581 860 2623 disputant.
908 2582 1000 2622 Quos
1023 2581 1199 2614 audivisse
1216 2580 1494 2624 protestantibus
1516 2580 1745 2613 utilissimum
1770 2583 1861 2613 esset.
1904 2579 1983 2613 Sal-

212 2642 335 2665 meron
352 2643 481 2675 magma
501 2643 578 2665 cum
596 2633 703 2666 lande
720 2634 823 2667 dizit.
859 2634 1069 2675 Dolendum,
1089 2645 1132 2667 ωε
1148 2634 1345 2667 Germania
1363 2637 1434 2666 tam
1449 2644 1583 2676 paucos
1601 2634 1649 2666 ad
1662 2633 1849 2666 concilium
1868 2633 1982 2666 adire.

332 2749 345 2764 ³
373 2745 437 2777 aut
462 2746 506 2778 A.
605 2745 620 2764 ¹>
646 2746 679 2777 A
710 2745 744 2777 C.
773 2746 849 2787 ips-0
876 2748 1069 2778 correctum
1098 2756 1140 2778 ex
1165 2743 1403 2789 praepositus.

213 2854 324 2896 gans“
355 2853 425 2887 viri
455 2853 510 2896 „in
537 2864 641 2888 sacra
666 2853 848 2896 theologia
873 2854 1113 2898 undequaque
1139 2853 1411 2898 circumspecti“
1439 2865 1460 2888 a
1478 2855 1590 2888 Plzola
1610 2853 1675 2898 [Le
1692 2855 1774 2887 Plat
1790 2853 1813 2888 1.
1832 2865 1862 2888 0.
1882 2853 1980 2896 V11²‚

215 2905 297 2950 187]
324 2905 502 2950 vocatur),
530 2908 704 2951 quantum
730 2906 874 2950 quidem
900 2908 935 2941 in
962 2907 1064 2942 Actis
1089 2906 1373 2941 massarellianis
1397 2909 1544 2942 notatus
1570 2907 1628 2941 vel
1655 2907 1889 2941 adumbratus
1915 2909 1981 2948 est,

213 2959 335 3003 posuit
358 2960 573 3003 Raynaldus
599 2959 622 2993 l.
650 2971 679 2994 c.
706 2959 743 2993 in
769 2971 799 2994 a.
830 2960 920 2994 1562
946 2972 980 2994 n.
1009 2960 1167 3001 50-51,
1203 2961 1240 2994 et
1265 2971 1309 2993 ex
1337 2971 1377 2994 eo
1404 2962 1455 2995 Le
1480 2961 1562 2994 Plat
1586 2960 1610 2995 1.
1637 2972 1667 2995 e.
1693 2960 1736 3002 V,
1772 2959 1980 3000 272—276;

214 3012 416 3046 breviorem
443 3013 623 3056 quandam
650 3024 827 3047 summam
853 3013 1040 3058 proposuit
1065 3014 1310 3047 Pallavz'cinus
1334 3012 1356 3047 l.
1384 3025 1413 3047 0.
1440 3013 1463 3048 l.
1494 3014 1546 3055 17,
1573 3025 1602 3048 c.
1630 3014 1662 3056 6,
1688 3025 1721 3047 n.
1749 3013 1853 3047 2-4,

338 3066 348 3085 ¹
375 3065 541 3100 canisius
567 3067 610 3100 de
627 3066 753 3100 iisdem
776 3066 977 3109 „articulis“
1002 3067 1038 3101 in
1055 3066 1304 3109 theologorum
1323 3066 1499 3101 minorum
1517 3066 1796 3110 congregatione
1816 3066 1870 3100 15.
1888 3064 1980 3099 Iunii

214 3120 297 3162 post
322 3118 507 3152 meridiem
533 3119 656 3154 habita
684 3119 785 3154 dixit.
836 3119 888 3153 De
915 3130 984 3163 quo
1011 3131 1174 3154 sermone
1201 3119 1284 3153 vide
1310 3119 1415 3162 infra,
1441 3131 1596 3154 monum.
1624 3119 1821 3154 367—370.

334 3171 348 3192 ²
373 3171 570 3206 Salmeron.
669 3173 682 3193 ³
708 3172 871 3206 Lainium
897 3175 934 3206 et
959 3172 1168 3207 Polancum.
