2093 3444
101 209 258 244 Monum.
289 208 464 252 (august.)
492 208 572 243 249.
602 208 737 253 (Sacris
765 208 945 251 Quadrag.
973 207 1089 252 [Febr.
1117 208 1153 241 et
1178 207 1299 250 Mart]
1328 218 1359 241 a.
1389 207 1477 242 1561
1507 208 1543 241 et
1562 206 1679 250 1562.)
1738 207 1821 249 627

54 323 307 368 comperisset,
343 324 379 357 in
414 323 470 357 his
505 335 568 368 per
603 323 782 357 Andrean]
820 324 919 365 Stijr,
957 323 1013 357 cui
1041 335 1080 357 eo
1106 325 1266 368 tempore
1293 323 1476 357 contiones
1504 322 1640 356 dictare
1674 321 1824 363 solebat,

55 377 213 421 quinque
239 388 285 410 ex
311 376 535 411 contionibus
562 376 635 411 illis
661 376 895 411 catecheticis
921 377 1131 411 scribendas
1167 376 1307 410 curavit
1347 376 1385 419 (f.
1414 376 1584 410 32—17l‘.
1612 373 1824 418 202—212).

176 459 319 512 Atque
351 459 394 501 in
428 459 604 501 exordio
637 459 802 514 primae
835 459 1094 510 >*³conti0nis,
1128 459 1238 501 feria
1267 459 1343 502 ΠΙ.
1376 461 1475 513 post
1499 458 1767 500 Dominicam
1791 459 1824 501 I.

57 524 425 577 Quadragesimae
457 524 550 566 sive
586 526 652 567 17.
688 524 911 566 Februarii
948 526 1059 566 1562
1092 524 1320 566 habitae1:
1367 523 1630 574 „Conclusi“,
1672 523 1825 576 inquit,

64 593 132 640 „et
172 590 349 644 promisi
395 589 712 632 Catechismum
756 589 799 630 in
843 603 996 631 manus
1041 603 1210 631 sumere
1254 592 1299 631 et
1342 589 1504 631 seruire
1549 589 1824 643 simplicibus.

57 654 184 697 Nunc
216 654 402 709 primum
434 654 627 697 rationes
660 654 897 707 quasdama
929 654 1178 705 adducamb,
1222 668 1355 707 quare
1388 654 1617 696 conueniat
1650 657 1694 696 et
1726 668 1826 695 con-

57 720 174 762 ferat
205 720 293 762 tale
325 719 560 762 Doctrinae
593 733 730 773 genus
762 721 977 769 tractare,
1021 721 1069 760 ut
1102 733 1177 760 uos
1211 722 1255 762 et
1294 733 1362 761 me
1395 719 1450 761 ad
1482 719 1594 761 hunc
1634 719 1827 760 laborem

58 785 323 828 lubentiores
346 785 524 827 reddam
559 819 566 827 .
603 787 648 826 2⁶?
682 784 782 837 quia
804 784 929 826 multi
952 798 1036 825 non
1070 784 1330 826 audiuerunt
1352 784 1464 838 quod
1497 798 1609 826 anno
1631 786 1827 838 praeter-

58 850 119 893 ito
164 850 232 892 hic
278 852 518 893 tractatum
566 852 655 900 est,
705 852 748 892 et
794 849 827 890 si
878 849 948 902 qui
997 849 1256 891 audiuerunt
1301 849 1467 891 tamdiu
1515 849 1702 891 retinere
1742 863 1827 891 non

59 917 309 970 potuerunt,
342 915 481 958 uisum
516 918 583 957 est
614 929 765 956 rursus
798 915 851 955 ab
884 914 1006 956 initio
1030 928 1120 955 rem
1152 914 1342 969 incipere
1375 917 1419 957 et
1451 915 1504 957 ad
1537 915 1691 956 breues
1724 928 1828 967 que-

60 979 224 1024 stiones
265 981 452 1032 referre,
498 980 573 1022 sed
616 981 848 1022 obseruata
889 979 1105 1022 breuitate
1147 994 1200 1021 ne
1241 979 1374 1021 simus
1406 979 1623 1033 longiores
1664 982 1712 1022 ut
1752 993 1830 1033 per

60 1045 172 1088 hanc
205 1045 589 1100 Quadragesimam
632 1045 793 1098 aliquid
836 1044 1050 1099 possimus
1091 1044 1307 1098 expedire.
1372 1045 1528 1086 Nullus
1561 1044 1829 1086 Christianus

62 1111 342 1154 concionator
373 1111 551 1165 grauari
584 1111 733 1161 debet,
777 1110 994 1164 simplices
1032 1109 1248 1152 instruere
1287 1113 1330 1153 et
1362 1112 1554 1152 tractare
1588 1109 1830 1152 cathechis—

61 1178 218 1219 mum.“
285 1177 557 1219 Postremam
588 1176 700 1218 hanc
741 1175 1003 1218 sententiam
1038 1175 1232 1217 Canisius
1274 1175 1422 1217 multis
1456 1175 1695 1217 rationibus
1728 1189 1830 1217 con-

61 1243 229 1293 firmat,
276 1244 325 1285 ut
366 1241 523 1284 Christi
566 1240 740 1283 Domini
785 1243 829 1282 et
870 1240 992 1282 Pauli
1038 1240 1223 1294 apostoli
1269 1254 1319 1282 ac
1363 1243 1610 1282 sanctorum
1653 1241 1831 1282 Patrum

63 1307 286 1362 exemplis,
321 1321 472 1349 sacrae
506 1307 754 1361 Scripturae
786 1306 1070 1360 praescripto,
1105 1305 1413 1360 experimentis
1447 1308 1527 1347 etc,
1562 1304 1607 1357 (l.
1633 1320 1667 1348 c.
1696 1305 1724 1348 f.
1751 1305 1829 1359 5¹³).

62 1373 112 1415 In
144 1372 449 1415 >“contionibus
483 1375 629 1415 autem
661 1372 852 1413 secunda
884 1374 929 1413 et
957 1371 1121 1414 terti-(12
1154 1371 1205 1412 de
1229 1371 1411 1424 symboli
1435 1370 1659 1424 apostolici
1683 1370 1832 1423 gravi-

22 1476 24 1478 .
62 1441 157 1481 tate
189 1440 397 1492 rectoque
439 1452 542 1489 usu,
586 1438 638 1479 de
671 1437 862 1479 eiusdem
906 1436 1090 1490 symboli
1132 1450 1183 1478 ac
1215 1436 1314 1477 fidei
1357 1435 1596 1478 catholicae
1628 1435 1831 1486 veritate,

62 1504 106 1546 in
139 1505 331 1557 *quarta
364 1504 416 1545 de
449 1517 525 1558 spe
558 1506 602 1546 et
635 1502 831 1545 oratione
855 1501 1087 1554 (dominica
1111 1502 1226 1555 etc),
1261 1501 1304 1542 in
1337 1501 1522 1554 >¹<quinta
1555 1501 1606 1542 de
1634 1501 1831 1551 caritate,

64 1569 285 1623 Decalogo
317 1569 533 1620 universo,
567 1567 704 1623 primo
729 1568 820 1610 eius
842 1569 1077 1622 praecepto
1102 1566 1286 1608 disserit.
1333 1567 1478 1619 Atque
1502 1566 1698 1619 quintum
1721 1566 1832 1607 hunc

65 1649 310 1677 sermonem
347 1637 383 1678 1.
418 1633 566 1677 Martii
597 1633 750 1676 habuit
782 1632 900 1686 (vide
933 1646 1063 1687 supra
1095 1647 1136 1686 p.
1173 1632 1290 1685 624).

185 1721 316 1756 Postea
334 1724 454 1755 autem
474 1720 655 1756 Canisium
676 1721 717 1755 de
736 1720 884 1764 reliquis
904 1731 1044 1765 quoque
1064 1719 1274 1765 praeceptis,
1295 1719 1337 1752 de
1355 1718 1561 1759 virtutibus,
1588 1718 1747 1763 peccatis
1766 1719 1835 1752 etc.

64 1775 218 1817 dixisse,
255 1775 362 1810 valde
396 1775 579 1820 probabile
616 1777 688 1817 est,
724 1775 937 1820 praesertim
974 1785 1053 1808 cum
1080 1773 1246 1817 Augusta
1283 1773 1336 1806 14.
1364 1771 1486 1806 Martii
1514 1772 1604 1806 1562
1637 1771 1835 1806 Salmeroni

64 1828 270 1874 scripserit:
311 1829 480 1873 „Aliquot
514 1828 558 1863 ab
592 1828 675 1863 hinc
711 1827 922 1873 septimanis
957 1827 1045 1861 nihil
1081 1839 1126 1860 ex
1151 1826 1247 1860 Vrbe
1274 1826 1423 1860 missum
1455 1825 1587 1870 accepi.
1639 1824 1773 1870 Scripsi
1801 1827 1837 1860 et

65 1894 132 1926 ego
158 1883 285 1923 rarius,
313 1882 520 1927 quotidiana
539 1882 715 1917 Concione
741 1881 945 1926 impeditus.
980 1880 1155 1915 Audimus
1182 1879 1339 1914 laborem
1365 1879 1460 1913 hunc
1485 1890 1553 1912 non
1581 1889 1659 1912 esse
1685 1878 1832 1912 frustra·

65 1947 182 1978 neum,
209 1937 271 1970 sed
299 1936 522 1970 auditoribus
546 1935 691 1970 utilem“
726 1934 849 1980 (supra
876 1947 909 1980 p.
938 1934 1034 1977 389).
1070 1933 1116 1967 Et
1142 1933 1250 1967 Hosio
1280 1933 1333 1967 16.
1360 1931 1482 1966 Martii
1511 1931 1619 1966 1562:
1652 1931 1836 1973 „Quotidie

65 1989 152 2024 mihi
179 1989 458 2024 concionandum
485 1990 572 2024 est.“
611 1989 657 2023 Et
682 1989 815 2023 iterum
841 1988 955 2022 eidem
982 1988 1038 2022 28.
1058 1987 1179 2021 Martii
1200 1986 1308 2020 1562:
1340 1985 1469 2030 „Coepi
1494 1985 1668 2019 febricula
1695 1985 1836 2030 corripi,

65 2043 222 2077 fortasse
257 2043 300 2077 ob
335 2042 580 2087 quotidianam
606 2042 704 2076 illam
731 2042 766 2076 in
795 2041 1033 2087 praedicando
1060 2040 1126 2075 Dei
1152 2040 1262 2074 verbo
1289 2039 1570 2073 contentionem“
1604 2038 1702 2082 (vide
1728 2050 1837 2083 supra

65 2108 99 2142 p.
127 2096 206 2131 393.
235 2096 332 2140 396).
382 2096 502 2141 Atque
535 2097 572 2130 in
607 2095 728 2131 codice
764 2096 969 2130 contionum
1005 2106 1044 2128 eo
1080 2096 1239 2138 tempore
1276 2093 1319 2126 ab
1356 2104 1395 2126 eo
1430 2091 1634 2126 habitarum
1661 2103 1837 2126 commen-

64 2149 180 2185 tarius
206 2151 357 2195 apparet
381 2149 584 2184 ÷⁶sermonis
610 2149 841 2191 catechetici‚
879 2160 947 2192 quo
974 2147 1065 2182 feria
1091 2147 1151 2181 IV.
1187 2148 1269 2191 post
1295 2145 1516 2180 Dominicam
1543 2144 1727 2179 Passionis
1759 2146 1837 2179 sive

69 2203 123 2238 18.
150 2203 272 2238 Martii
301 2203 410 2244 1562,
450 2215 512 2238 cur
538 2205 574 2237 et
599 2203 773 2247 quomodo
800 2214 904 2237 sacra
931 2201 1149 2236 eucharistia
1175 2200 1348 2234 sumenda
1383 2211 1426 2233 ac
1461 2210 1551 2243 quae
1587 2199 1662 2232 eius
1698 2198 1838 2233 utilitas

67 2259 183 2299 esset,
218 2257 254 2291 in
289 2256 546 2302 simpliciorum
582 2257 737 2300 gratiam
770 2255 929 2290 breviter
960 2254 1164 2300 exponebat
1193 2253 1292 2297 (Cod.
1324 2252 1428 2295 „Can
1456 2251 1500 2286 X.
1526 2251 1587 2286 T.“
1624 2252 1647 2286 f.
1679 2251 1767 2286 15ῧῦ
1793 2252 1836 2286 ad

69 2310 187 2354 156²).
238 2310 290 2344 De
325 2310 475 2355 reliquis
511 2312 631 2344 autem
667 2309 891 2344 sermonibus
924 2307 1173 2343 eucharisticis
1209 2318 1230 2340 a
1257 2305 1400 2340 Canisio
1436 2307 1589 2340 exeunte
1623 2317 1670 2340 m.
1706 2305 1839 2339 Martio

70 2364 161 2400 1562
186 2364 320 2398 habitis
346 2364 429 2399 vide
453 2375 564 2410 supra
589 2375 622 2409 p.
650 2364 729 2398 623.

187 2447 441 2489 Notandum
481 2447 563 2489 hoc
605 2460 774 2500 quoque
813 2448 900 2495 est,
945 2444 1183 2494 Canisium,
1227 2456 1322 2484 cum
1364 2443 1431 2484 15.
1466 2440 1689 2483 Februarii
1726 2442 1837 2483 1562

67 2513 417 2568 pronuntiasset,
461 2526 507 2554 se
543 2512 587 2553 in
619 2514 843 2566 posterum
877 2510 1026 2552 diebus
1059 2508 1207 2551 Martii
1250 2509 1294 2550 et
1326 2506 1441 2549 Iovis
1479 2509 1579 2561 post
1611 2506 1838 2561 prandium

70 2579 123 2620 de
156 2578 419 2620 catechismo
443 2580 655 2627 acturum,
689 2580 838 2619 tamen
861 2574 1086 2617 Dominica
1109 2574 1183 2615 ΙΙΙ.
1209 2571 1577 2625 Quadragesimae
1610 2571 1668 2621 (1.
1693 2571 1841 2615 Martii

74 2643 205 2697 1562)
246 2657 373 2685 mane
407 2657 429 2684 e
461 2645 673 2696 suggestu
707 2641 891 2691 dixisse,
935 2654 981 2682 se
1014 2640 1108 2694 ipso
1141 2639 1214 2680 illo
1248 2637 1337 2688 die,
1380 2637 1514 2687 „sicut
1546 2641 1648 2680 ante
1681 2651 1841 2679 annum

69 2709 234 2751 factum
268 2710 427 2758 esset“,
470 2710 570 2762 post
601 2706 830 2761 prandium
865 2705 1175 2748 catechismum
1209 2702 1532 2757 expositurum3
1575 2702 1687 2744 unde
1721 2702 1840 2756 equi—

71 2774 169 2816 dem
192 2773 344 2828 opinor
359 2799 416 2803 -
437 2786 576 2826 neque
599 2772 711 2814 enim
737 2771 843 2813 certi
868 2770 1094 2824 quicquam
1118 2769 1288 2811 affirmo
1311 2791 1381 2817 -——,
1406 2767 1623 2809 Canisium
1646 2767 1841 2817 Quadra-

71 2839 238 2893 gesima
271 2838 442 2891 quidem
475 2851 513 2880 a.
541 2839 651 2879 1561
686 2839 778 2879 tres
810 2836 908 2878 illos
940 2848 1161 2877 sermones
1195 2833 1496 2883 cateeloetioos,
1531 2847 1638 2886 quos
1665 2835 1843 2887 praeter

191 2967 205 2982 ³
232 2962 401 3005 Sequitur
426 2960 553 3003 adhuc,
579 2971 601 2993 a
627 2960 707 2993 libr.
735 2960 982 2993 oblitteratum.
1081 2957 1095 2977 ¹³
1121 2956 1273 2990 aducam
1300 2956 1381 2990 libr.

196 3085 204 3105 ¹
237 3083 303 3126 „La
331 3082 460 3117 Concio
486 3082 522 3115 in
549 3079 787 3119 catechismo,
814 3078 916 3112 Anno
947 3077 1079 3112 1562“:
1108 3076 1145 3110 L.
1174 3088 1203 3110 c.
1231 3076 1256 3110 f.
1284 3077 1342 3111 5b.

193 3137 206 3158 2
236 3136 378 3179 „Tertia
404 3134 533 3170 Concio
569 3134 612 3168 de
639 3132 865 3168 Catechismo
900 3131 990 3165 feria
1017 3130 1048 3165 3.
1084 3132 1166 3176 post
1192 3129 1453 3164 Reminiscere“
1494 3128 1530 3173 [i.
1557 3140 1586 3163 e.
1622 3129 1677 3164 24.
1704 3128 1840 3174 Febr.]:

73 3189 112 3225 L.
140 3202 169 3225 c.
196 3191 221 3225 f.
252 3190 328 3224 10¹³.

1491 3243 1564 3275 40*
