2093 3444
319 185 398 220 704.
436 185 603 220 Canisius
629 185 813 220 Leonardo
840 184 980 219 Kessel.
1018 185 1112 228 Aug.
1139 184 1245 218 Vind.
1276 185 1330 219 17.
1357 185 1515 229 Augusti
1544 186 1646 221 1562.
1781 189 1866 230 475

214 303 344 346 Quinto
370 316 415 338 ne
442 303 542 338 Laici
568 305 689 338 astent
714 315 824 349 prope
851 303 976 338 altare.

213 356 323 391 Sexto
348 369 393 391 ne
419 357 555 391 Missae
582 357 808 392 celebrentur
843 357 879 390 in
906 356 1072 402 oratorijs
1098 355 1251 401 priuatis
1278 357 1491 401 praesertim
1528 357 1564 391 in
1591 358 1741 392 summis
1767 359 1868 393 festi-

94 410 246 444 uitatib:

213 463 372 509 Septimo
397 475 442 498 ne
468 463 622 509 populus
649 466 732 498 ante
759 464 864 497 finein
892 463 1028 498 Missae
1055 463 1217 498 discedat
1242 462 1455 507 praesertim
1482 463 1668 498 Dominico
1695 464 1782 498 die.“
1804 466 1811 485 ¹

214 516 374 560 Singulis
410 516 588 562 capitibus
623 529 734 551 unuin
760 517 912 562 plurave
940 519 1104 551 veterum
1140 516 1358 562 synodorum
1384 516 1444 550 vel
1476 517 1684 561 pontificum
1722 519 1868 552 decreta

94 570 254 615 ascripta
279 572 375 605 sunt.

213 624 311 657 Inter
345 625 576 657 monumenta
601 623 798 657 tridentina
833 623 877 657 ab
904 622 1086 657 Ludovico
1112 622 1336 663 Beccadelli,
1372 623 1641 668 archiepiscopo
1676 635 1867 667 ragusano,

95 676 156 720 qui
175 677 332 715 ,concilio
359 679 446 711 tunc
472 677 665 718 intererat,
693 676 844 711 collecta
870 679 1035 721 repertus
1063 678 1117 710 est
1144 676 1423 710 commentarius
1449 677 1539 711 satis
1567 677 1731 721 copiosus
1759 680 1868 721 atque

94 730 146 764 sic
172 730 387 776 inscriptus:
419 731 584 772 „Abusus
608 730 703 764 circa
722 730 943 765 Sacrificium
963 730 1097 764 Missae
1125 730 1168 764 ab
1188 729 1503 764 Reverendissimo
1517 730 1737 765 Wormiensi
1766 730 1869 775 [Zeqes

93 783 327 828 Warmiensi]
346 784 471 826 notati,
499 795 540 818 ac
564 783 721 818 Concilio
749 783 944 823 exhibiti“;
973 783 1034 827 qui
1060 783 1158 828 typis
1186 783 1359 828 exscripti
1386 786 1472 818 sunt
1496 784 1533 818 in
1565 784 1806 826 „Monumenti
1833 784 1868 818 di

94 837 196 871 varia
231 837 461 872 Letteratura
496 837 600 872 tratti
635 837 693 871 dai
728 836 957 870 Manoscritti
994 836 1028 870 di
1064 837 1273 880 Monsignor
1309 838 1483 871 Lodozfico
1518 839 1731 871 Beccadellffl‘
1767 838 1806 872 T.
1834 838 1868 872 H

96 889 192 934 (Vol.
221 890 255 933 3)
296 891 349 936 [In
377 891 537 935 Bologna
566 890 692 934 1804],
727 889 926 924 253-258,
979 889 1074 931 Quos
1114 890 1286 931 „abusus“
1327 891 1470 925 eosdem
1507 903 1585 925 esse
1611 893 1698 936 puto
1737 891 1869 935 (neque

94 943 187 978 enim
214 944 348 979 alteros
374 957 455 979 cum
482 944 606 978 alteris
633 943 795 978 conferre
821 955 885 988 per
921 944 1064 988 tempus
1100 943 1218 986 licuit)
1257 945 1365 988 atque
1396 945 1560 986 „Abusus
1597 945 1692 979 circa
1718 945 1869 979 Missam

93 1009 114 1031 a
141 997 324 1032 Cardinali
350 998 554 1032 Varmiensi
580 999 724 1031 notatos
750 997 784 1030 in
814 996 1007 1038 Concilio“‚
1043 996 1105 1040 qui
1131 1009 1240 1030 manu
1275 997 1433 1031 eiusdem
1460 998 1632 1043 temporis
1658 998 1870 1044 transcripti

94 1053 241 1085 exstant
267 1051 429 1086 Tridenti
456 1052 491 1085 in
519 1051 736 1085 bibliotheca
762 1050 917 1091 urbana,
955 1049 1038 1084 Cod.
1068 1050 1145 1084 118.
1199 1050 1304 1085 Certe
1331 1051 1487 1085 dubitari
1513 1064 1582 1085 non
1608 1054 1746 1096 potest,
1783 1052 1869 1096 quin

93 1103 228 1139 Hosius
262 1105 306 1139 ad
342 1104 636 1139 commentarium
674 1104 716 1138 de
755 1103 927 1138 abusibus
963 1104 1246 1148 componendum
1282 1105 1390 1138 etiam
1427 1104 1561 1139 Canisii
1596 1106 1770 1150 scriptum
1809 1106 1869 1140 ad-

93 1157 260 1192 hibuerit.

917 1234 1048 1276 ⁸704.

835 1327 1132 1374 CANISIUS

471 1428 535 1469 P.
567 1426 969 1470 LE0NARJJ0
1002 1425 1293 1469 KnssEL
1329 1426 1384 1470 s.
1418 1427 1493 1481 J„

705 1507 835 1542 rectori
862 1507 1005 1551 collegii
1032 1507 1257 1542 coloniensis.

553 1592 724 1642 Augusta
749 1593 1026 1631 Vindelicorum
1052 1594 1098 1630 17.
1125 1593 1285 1641 Augusti
1310 1595 1404 1631 1562.

215 1677 270 1712 Ex
297 1678 417 1712 codice
445 1678 557 1712 colon.
589 1678 734 1721 „Kess.“
765 1678 801 1712 in
828 1689 858 1712 a.
888 1678 978 1712 1562
1006 1677 1029 1711 f.
1060 1677 1135 1712 151³.

213 1788 271 1792 —
304 1787 360 1792 ——
394 1762 463 1805 Ad
504 1762 727 1816 Synodum
767 1763 891 1805 breui
932 1762 1142 1805 accedent
1183 1763 1239 1804 40
1273 1761 1478 1816 Episcopi
1512 1762 1679 1806 Gallici.
1722 1790 1780 1794 —-
1812 1790 1870 1795 —

215 1854 345 1888 Kessel
371 1855 464 1889 hanc
489 1855 707 1900 particulam
733 1866 799 1889 sua
825 1867 933 1889 manu
961 1855 1180 1900 exscriptam
1213 1867 1278 1889 suo
1305 1854 1542 1899 epistularum
1575 1855 1685 1890 codici
1716 1856 1775 1900 (cle
1802 1868 1870 1901 quo

98 1908 184 1942 Can.
213 1907 302 1953 Epp.
330 1908 373 1950 Π,
400 1909 576 1953 XLIX—L)
605 1909 640 1943 in
671 1921 702 1943 a,
733 1909 824 1943 1562
851 1909 1003 1943 inseruit
1030 1911 1065 1943 et
1091 1909 1143 1943 sic
1169 1909 1372 1954 inscripsit:
1405 1908 1591 1951 „Canisius
1620 1910 1661 1944 17
1689 1911 1868 1954 augusti.“

95 1961 201 1996 Hunc
237 1964 358 1996 autem
392 1963 451 1996 vel
489 1963 566 2008 ipso
605 1962 672 1997 hoc
711 1962 767 1997 die
803 1962 862 1997 vel
902 1962 1007 2007 paulo
1045 1964 1129 1996 ante
1169 1962 1369 2007 Oeniponte
1405 1962 1608 2006 Augustam
1643 1964 1788 1998 venisse
1827 1976 1873 1999 ex

93 2014 339 2061 superioribus
365 2015 498 2051 litteris
528 2015 654 2062 (supra
679 2028 713 2061 p.
739 2016 824 2060 474)
855 2015 1090 2059 intellegitur.

918 2139 1048 2182 205.

510 2233 575 2275 P.
607 2232 929 2276 IOANNES
962 2233 1060 2275 DE
1093 2232 1454 2286 POLANCO,

708 2320 928 2355 secretarius
955 2319 1146 2354 Societatis
1172 2320 1264 2362 Iesu,

205 2404 464 2452 CANISIO
505 2404 898 2460 OETERISQUE
938 2404 1306 2453 SOOIETATIS
1346 2405 1763 2453 PRAEPOSITIS

705 2481 1268 2530 PROVINCIALIBUS.

702 2582 874 2620 Tridento
902 2583 959 2620 30.
985 2583 1148 2632 Augusti
1173 2584 1268 2621 1562.

218 2664 274 2699 Ex
300 2665 507 2710 apographo
544 2665 702 2700 eiusdem
729 2666 804 2700 fere
830 2667 1022 2712 temporis;
1059 2667 1095 2701 in
1121 2667 1284 2711 margine
1320 2668 1444 2702 eadem
1471 2679 1579 2702 manu
1606 2669 1770 2702 notatum
1797 2670 1873 2704 est:

103 2718 261 2762 „Comun
286 2730 350 2764 per
375 2718 399 2752 li
427 2719 642 2753 Prouinciali
670 2747 676 2754 .
704 2720 750 2753 Al
775 2721 886 2765 padre
915 2720 1088 2756 Canisio.“
1146 2720 1229 2755 Cod.
1261 2720 1323 2764 „V.
1353 2721 1392 2756 P.
1420 2721 1484 2755 62²
1515 2722 1540 2756 f.
1567 2721 1621 2756 8¹³.

219 2771 384 2817 Epistula
410 2784 497 2806 usus
524 2774 580 2807 est
607 2774 814 2818 Sat-chinus,
841 2773 935 2808 Hist.
963 2773 997 2808 S.
1026 2774 1059 2809 J.
1086 2774 1130 2817 Il,
1157 2774 1180 2809 l.
1208 2775 1239 2817 6,
1267 2786 1301 2809 n.
1329 2774 1481 2809 80—82.

218 2849 288 2882 Res
313 2850 476 2882 concilii:
510 2850 578 2883 PP.
607 2850 795 2884 Salmerou
830 2855 860 2884 et
889 2851 1110 2885 Ouvizlonvssus
1135 2853 1229 2885 inter
1253 2852 1426 2895 theoloyos
1451 2853 1607 2885 minores
1632 2852 1673 2884 de
1697 2852 1874 2894 sacrificio

99 2902 227 2935 missae
253 2913 331 2935 cum
358 2903 464 2936 laude
489 2903 670 2937 dixerunt.
709 2904 867 2938 Laim'us
893 2905 1080 2939 Sociorum
1099 2905 1370 2948 precationibus
1396 2905 1554 2948 adiutam,
1580 2906 1674 2938 inter
1699 2907 1876 2949 episcopos

100 2956 142 2988 de
165 2956 344 2998 sacrificio
378 2957 418 2989 in
443 2956 571 2989 ultima
597 2967 681 2990 cena
707 2968 730 2990 a
759 2957 898 2991 Christo
935 2958 1049 2992 oblato
1076 2959 1210 3002 copiose
1236 2959 1399 3002 docteque
1433 2958 1611 2992 disseruit.
1662 2958 1827 2992 Honores
1852 2970 1875 2992 a

101 3010 249 3043 concilio
283 3010 315 3042 ei
348 3009 466 3043 delati.
516 3010 562 3043 In
597 3010 739 3044 ecclesia
773 3011 972 3045 cathedrali
1005 3023 1126 3046 coram
1159 3012 1449 3055 frequentissima
1485 3021 1617 3044 corona
1652 3013 1876 3045 contionatus

100 3066 159 3096 est.
210 3063 367 3096 Latmus
402 3067 432 3096 et
468 3063 656 3097 Salmeron
691 3065 740 3097 ad
774 3065 923 3098 consilia
957 3066 1147 3099 secretiora
1184 3065 1345 3098 adhibiti.
1397 3065 1450 3098 De
1485 3064 1660 3098 laicorum
1695 3065 1802 3098 calice
1835 3067 1875 3098 in

100 3119 290 3160 utramque
317 3121 460 3160 partem
495 3117 725 3160 disputatum
762 3119 877 3152 exitus
910 3119 1089 3162 incertus,-
1127 3119 1243 3162 aliqui
1277 3129 1351 3151 rem
1388 3118 1437 3150 ad
1475 3118 1661 3151 concilium
1696 3120 1877 3162 pertinere

102 3172 244 3212 negant.
