2093 3444
205 193 284 227 717.
319 193 367 227 Io.
395 193 438 227 de
465 193 540 227 Pol.
568 192 653 228 Can.
681 193 832 237 aliisque
859 192 988 228 Societ.
1014 205 1135 238 praep.
1175 193 1344 228 Tridento
1372 194 1427 228 22.
1455 194 1533 229 Oct.
1564 195 1665 230 1562.
1731 198 1817 239 495

50 310 182 352 „lector
219 310 282 344 3⁸⁸
321 309 485 351 classis“,
530 309 885 352 ⁷,Bibliothecarius“‚
929 309 1157 351 „Catechista
1200 310 1447 353 germanicus“
1492 313 1710 347 constitutus
1753 314 1818 347 est.

46 362 343 397 Bartholomaeus
370 361 530 404 Siculus,
559 363 764 397 Ludovicus
791 362 938 404 Gallus,
974 363 1125 397 Ioannes
1151 362 1306 397 Flandcr
1336 362 1445 407 (sicut
1472 364 1579 398 etiam
1605 365 1820 401 Franciscus

45 416 88 450 de
114 415 287 458 Marchia,
314 417 355 450 ut
379 415 482 449 modo
510 418 695 450 ostensum
721 415 791 458 est)
821 416 953 450 ibidem
977 416 1203 458 „Studiosos“
1235 427 1342 460 agere
1368 416 1458 450 iussi
1484 420 1568 451 sunt
1597 418 1656 461 (ex
1685 419 1819 453 *Cata-

44 469 138 513 logis
174 469 316 513 collegii
351 469 599 514 oenipontani‚
635 481 656 504 a
692 469 731 504 P.
759 471 896 503 Ioanne
921 471 1055 514 Dyrsz'o
1090 472 1228 504 rectore
1263 469 1370 514 paulo
1406 472 1487 514 post
1512 491 1559 495 —
1584 473 1725 517 tenipus
1761 473 1820 507 ad-

45 524 209 557 notatum
235 534 305 557 non
332 524 389 557 est
413 542 460 546 -—
486 523 642 568 scriptis.
694 522 777 557 Cod.
809 521 871 564 „Gn
900 522 938 557 C.
966 524 1041 557 67.“
1076 535 1110 568 p.
1137 523 1216 558 250.
1245 523 1324 557 254.
1352 523 1450 567 261).
1501 524 1619 568 Atque
1645 525 1681 559 in
1708 526 1819 569 ingol-

45 576 219 611 stadiensi
256 576 407 620 collegio
444 579 599 610 exeunte
644 587 675 611 a.
714 576 804 610 1562
845 576 1013 618 „Patres“
1053 577 1210 611 Thomas
1244 576 1387 620 Anglus
1422 579 1459 611 et
1496 577 1671 620 „Michael
1707 579 1813 624 Spes“

49 629 274 673 „theologiae
300 630 518 671 auditores“,
551 630 616 672 „M.
637 629 844 664 Leonardus
869 629 1039 664 boschius
1066 630 1179 664 lector
1206 630 1269 664 .4.“
1301 630 1430 665 classis
1457 633 1560 665 erant
1589 631 1649 675 (ex
1676 632 1818 676 collegii

44 682 247 726 *Catalogo
283 694 303 717 a
338 683 378 717 P.
405 684 554 717 Nz‘eolao
590 684 732 717 Lanoz’o
766 684 905 717 rectore
941 683 1087 728 scripto.
1139 683 1222 717 Cod.
1263 683 1430 728 „Antiqu.
1458 683 1629 728 Ingolst.“
1668 685 1692 719 f.
1720 685 1817 729 21¹³).

44 736 217 770 Thoniam
244 736 404 780 Anglum
430 748 476 770 ex
502 735 681 770 Societate
717 735 903 770 dimissum
944 736 1067 778 „modo
1099 736 1378 771 Franciscanum
1417 739 1514 772 esse“
1554 738 1589 771 in
1620 739 1817 783 *Cataloqo

44 790 199 834 quodam
237 790 466 824 dimissorum
504 801 535 824 a.
566 790 655 824 1567
696 789 897 834 conscripto
936 792 1098 824 notatum
1138 792 1194 824 est
1234 790 1335 835 (Cod.
1368 790 1429 833 „G.
1458 790 1494 825 C.
1531 792 1606 826 67.“
1649 804 1682 837 p.
1719 792 1817 836 230).

44 842 202 878 Michael
228 843 317 888 Spes
347 842 525 888 (Spezius)
564 843 601 877 in
628 843 826 887 *Cataloqo
862 842 1007 886 collegii
1041 843 1320 878 vindobonensis
1355 856 1400 878 m.
1429 843 1631 889 Septembri
1666 857 1697 880 a.
1728 846 1819 880 1564

44 897 246 942 conscripto
281 896 375 931 inter
411 897 488 931 eius
524 896 665 940 collegii
692 896 814 931 Socios
849 898 1034 941 comparet
1069 899 1178 941 atque
1219 897 1446 942 „hispanus“,
1486 900 1631 942 „gratus
1666 898 1703 932 in
1738 911 1818 933 con-

44 950 231 991 uersando,
259 950 410 992 facetus,
437 950 574 992 hilaris,
602 952 708 995 aptus
736 950 780 984 ad
807 950 1106 991 concionandum,
1134 952 1170 984 et
1194 950 1386 994 legendum
1414 951 1449 984 in
1475 951 1755 993 humanioribus,
1782 952 1818 986 in

44 1004 173 1048 quibus
199 1004 343 1038 uidetur
369 1004 603 1045 instructus“,
630 1005 782 1037 vocatur
810 1003 911 1047 (Cod.
943 1002 1006 1046 „G.
1027 1002 1063 1038 C.
1092 1004 1168 1038 67.“
1198 1016 1231 1048 p.
1260 1004 1357 1047 347).
1396 1005 1482 1039 Inde
1509 1007 1628 1039 autem
1656 1017 1687 1040 a.
1716 1006 1817 1048 1565,

44 1069 123 1092 cum
150 1057 323 1092 Italorum
350 1057 600 1098 sodalitatem,
636 1057 693 1091 cui
720 1069 740 1091 a
766 1056 919 1091 caritate
945 1068 1073 1091 nomen
1101 1059 1198 1099 erat,
1234 1057 1471 1101 instituisset,
1498 1059 1534 1093 in
1560 1059 1702 1093 Italiam
1730 1060 1819 1094 abiit

46 1112 195 1156 (Soeher
229 1111 251 1145 1.
280 1122 309 1145 c.
336 1122 369 1156 p.
399 1110 502 1154 127),
539 1110 599 1145 ubi
631 1110 702 1144 iam
739 1122 770 1144 a.
800 1110 890 1145 1555
927 1121 1008 1144 cum
1043 1110 1182 1155 aliquot
1216 1111 1324 1146 sociis
1359 1123 1601 1157 syracusanas
1628 1112 1819 1148 Societatis

42 1164 184 1200 scholas
202 1164 439 1199 incohaverat
460 1164 662 1208 (Polancns,
689 1163 890 1199 Chronicon
904 1163 948 1206 V,
975 1163 1073 1208 221).
1113 1164 1319 1199 Leonardus
1338 1165 1455 1200 Bosch
1479 1166 1814 1209 „ingolstadiensis“

43 1221 79 1253 et
109 1218 173 1261 „ad
199 1218 417 1252 studendum
443 1217 766 1263 propensissimus“
798 1219 950 1252 vocatur
984 1216 1022 1251 in
1049 1217 1192 1262 collegii
1220 1218 1394 1262 dilingani
1430 1219 1506 1261 (ubi
1531 1222 1619 1254 tunc
1646 1220 1814 1263 degebat)

42 1272 241 1316 *Cataloyo
278 1272 308 1306 1.
335 1271 493 1305 Ianuarii
532 1271 620 1305 1565
658 1271 811 1316 scripto,
847 1270 1051 1315 ibidemque
1086 1271 1261 1314 refertur,
1301 1284 1381 1306 eum
1415 1273 1628 1316 Ingolstadii
1666 1285 1698 1307 a.
1727 1273 1817 1308 1558

42 1325 257 1360 Societatem
285 1325 498 1369 ingressum,
526 1325 672 1359 Laureti
702 1325 754 1359 15.
780 1324 937 1367 Augusti
965 1324 1055 1359 1559
1083 1327 1168 1359 vota
1194 1337 1421 1371 nuncupasse
1450 1326 1549 1369 (Cod.
1573 1326 1816 1372 „Ge1·ni.Sup.

43 1379 119 1414 Cat.
149 1380 250 1414 1566.
281 1378 392 1413 1599“
431 1379 456 1412 f.
484 1378 611 1423 375b);
647 1378 751 1423 plura
777 1378 820 1412 de
856 1390 896 1412 eo
923 1379 1048 1423 postea
1074 1378 1248 1413 dicentur.
1299 1379 1420 1423 Atque
1456 1382 1492 1414 et
1517 1380 1631 1421 hunc,
1666 1382 1702 1414 et
1728 1381 1818 1415 alios

42 1444 86 1467 ex
113 1433 167 1474 iis,
195 1444 285 1476 quos
312 1432 416 1466 modo
443 1432 528 1474 dixi,
555 1432 591 1466 in
611 1431 842 1466 Germaniam
868 1443 913 1465 ex
938 1431 1125 1465 lauretano
1144 1432 1294 1476 collegio
1312 1433 1456 1467 venisse
1474 1434 1622 1467 Potamoi
1647 1433 1819 1468 *litterae

44 1487 96 1521 17.
125 1486 292 1521 Octobris
320 1486 411 1520 1562
438 1485 675 1531 Oenipontem
708 1485 841 1520 missae
868 1485 1062 1519 ostendunt
1072 1499 1078 1526 ;
1116 1485 1175 1519 ubi
1202 1486 1310 1520 etiam
1346 1487 1521 1528 refertur,
1557 1486 1747 1521 Horatium
1773 1488 1817 1522 ad

41 1539 238 1574 domestica
265 1539 385 1574 officia
402 1539 620 1584 praestanda
646 1538 743 1573 mitti
771 1538 832 1583 (ex
855 1538 1033 1584 epistulae
1059 1541 1214 1583 regesto,
1242 1540 1365 1574 eodem
1391 1540 1467 1574 fere
1485 1542 1645 1586 tempore
1671 1541 1816 1586 scripto.

43 1593 126 1628 cod.
158 1594 221 1637 „V.
249 1593 289 1628 P.
317 1594 381 1628 62“
412 1593 436 1627 f.
464 1593 559 1637 2212).

864 1674 984 1717 717.

454 1767 519 1809 P.
551 1765 872 1809 IOANNES
906 1766 1004 1808 DE
1037 1766 1398 1822 POLANGO,

651 1848 870 1883 secretarius
898 1848 1090 1883 Societatis
1115 1849 1209 1891 Iesu,

191 1933 449 1981 OANISIO
489 1934 789 1990 ALIISQUE
829 1934 1198 1982 SOCIETATIS
1237 1935 1670 1984 PRAEPOSITIS.

639 2041 813 2079 Tridento
841 2042 897 2078 22.
925 2041 1093 2078 Octobris
1119 2041 1216 2078 1562.

160 2125 215 2159 Ex
241 2124 448 2170 apographo
475 2125 600 2160 eodem
625 2125 701 2160 fere
727 2128 889 2170 tempore
914 2125 1060 2171 scripto.
1113 2125 1196 2160 Cod.
1229 2125 1291 2168 „V.
1318 2124 1358 2160 P.
1386 2125 1450 2159 62“
1481 2125 1506 2160 f.
1533 2124 1612 2160 241’.

161 2178 329 2223 Epistula
354 2190 442 2213 usus
469 2180 525 2213 est
553 2180 759 2224 Saeehinus,
786 2179 880 2214 Hist.
909 2178 943 2214 S.
971 2178 1002 2214 J.
1030 2179 1074 2221 H,
1100 2178 1123 2213 1.
1152 2179 1184 2221 6,
1210 2191 1243 2213 n.
1272 2179 1327 2214 85.
1355 2179 1411 2214 86.

160 2257 372 2290 Docti-inam
397 2257 439 2290 de
455 2261 677 2290 sacramento
704 2258 844 2291 ordinis
861 2257 1019 2290 Laenius
1037 2257 1288 2300 praelatorum
1306 2258 1516 2290 delectormn
1542 2259 1641 2290 iussu
1660 2258 1815 2300 confecit.

42 2311 246 2351 Decretum,
271 2314 311 2344 ut
336 2311 501 2344 doctrina
528 2311 667 2344 brevior
693 2311 900 2353 efficeretur.
952 2311 1077 2344 Multis
1102 2311 1273 2354 episcopis
1298 2312 1541 2344 demonstrare
1567 2312 1720 2354 conaris,
1747 2312 1817 2354 epi-

42 2374 161 2407 scopos
186 2365 290 2397 etiam
315 2364 578 2397 iurisdictionis
588 2369 795 2407 potestatem-
820 2365 864 2397 ab
889 2365 965 2407 ipso
983 2365 1069 2408 Deo,
1095 2365 1194 2398 nullo
1221 2366 1439 2409 imm-posito,
1466 2366 1634 2408 accipere,
1661 2365 1819 2397 Latnt'us

43 2418 81 2450 id
104 2418 199 2460 falso
224 2418 339 2451 asseri
365 2418 522 2451 ostendit.
577 2419 692 2459 Quam
717 2419 913 2451 orationem
938 2419 970 2451 is
994 2418 1119 2451 scribet
1146 2419 1306 2462 quidem,
1338 2419 1578 2452 excudendum
1605 2422 1721 2451 antem
1745 2429 1817 2451 non

44 2471 195 2505 curabit.
246 2471 300 2504 De
324 2471 554 2504 matrimonio
581 2471 709 2513 ayende'
728 2482 884 2514 parvum
909 2475 1067 2515 superest
1091 2476 1235 2515 tempus.
1289 2469 1447 2516 „Indeast
1475 2476 1691 2505 maturatur.
1744 2472 1817 2505 Ad-

42 2528 161 2558 ventus
187 2525 430 2568 episcoporum
453 2525 642 2567 yallorum.
695 2525 803 2558 Multi
828 2526 981 2568 episcopi
1006 2536 1028 2558 a
1056 2525 1169 2559 Sociis
1195 2526 1383 2559 consilium
1403 2529 1540 2569 petunt.

162 2612 229 2655 Ya
270 2614 368 2655 otra
399 2626 477 2654 vez
519 2613 573 2654 he
611 2612 773 2667 scripto
815 2620 937 2656 como
977 2614 1043 2656 los
1075 2614 1320 2668 Theologos
1361 2614 1491 2656 auian
1532 2614 1724 2656 acabado
1766 2613 1818 2655 de

44 2677 160 2720 dezir
193 2677 245 2719 de
277 2680 552 2720 sacramento
587 2677 747 2720 ordinis
765 2681 791 2730 1,
826 2693 883 2733 ya
909 2679 1101 2722 tambien
1132 2680 1197 2722 los
1229 2680 1430 2735 perlados
1461 2679 1548 2722 han
1581 2679 1774 2722 acabado
1787 2679 1817 2730 2,

163 2827 265 2861 Alias
299 2827 371 2861 iam
406 2826 535 2873 scripsi
568 2828 612 2862 ad
646 2827 754 2862 finem
789 2829 999 2874 pervenisse
1032 2829 1282 2873 theologorum
1318 2829 1361 2862 de
1395 2829 1623 2862 sacrament-0
1659 2827 1818 2862 ordinis¹

44 2880 245 2921 orationes;
272 2891 366 2914 nunc
384 2891 469 2914 vero
488 2879 597 2914 etiam
616 2880 767 2925 praelati
787 2893 909 2916 omnes
927 2882 1123 2917 dixerunt2
1134 2896 1142 2924 3
1170 2882 1212 2916 de
1231 2882 1415 2916 doctrinae
1432 2883 1554 2916 tamen
1580 2880 1818 2915 delineatione

168 3008 177 3027 ¹
202 3006 279 3041 Has
305 3005 453 3041 Polanci
476 3005 619 3041 litteras
643 3019 714 3041 non
738 3008 834 3042 novi.

165 3059 178 3080 ²
203 3059 377 3103 Theologi
402 3059 557 3094 minores
583 3060 626 3094 de
653 3061 672 3095 7
705 3060 909 3104 „articulis“
940 3061 984 3096 ad
1010 3063 1279 3096 sacramentum
1306 3059 1439 3094 ordinis
1465 3059 1713 3104 spectantibus
1742 3059 1818 3104 (ex-

45 3114 145 3147 stant
170 3113 265 3158 apud
291 3113 564 3158 Massarellum,
599 3114 693 3148 Acta
718 3114 741 3149 l.
768 3127 797 3149 c.
824 3115 869 3157 ΙΙ,
904 3114 989 3157 133,
1026 3116 1063 3148 et
1098 3114 1193 3159 apud
1219 3114 1448 3157 Raynazdmn
1485 3113 1508 3147 l.
1536 3125 1564 3148 c.
1592 3113 1629 3147 in
1655 3125 1686 3148 a.
1716 3113 1818 3156 1562,

44 3178 78 3200 n.
106 3165 150 3200 89
176 3177 219 3200 ac
244 3167 295 3201 Le
320 3167 401 3200 Plat
425 3166 449 3200 1.
477 3177 507 3200 c.
533 3165 576 3209 V,
605 3167 687 3211 508)
717 3179 737 3202 a
764 3168 820 3202 23.
848 3167 1070 3213 Septembris
1096 3167 1141 3202 ad
1167 3167 1199 3201 2.
1228 3166 1406 3208 Octobris,
1432 3168 1555 3211 patres
1587 3166 1630 3201 de
1657 3167 1819 3202 doctrina
