2093 3444
221 176 307 217 294
389 173 469 208 624.
507 173 675 209 Canisius
701 172 887 218 Alphonso
915 171 1124 207 Salmeroni.
1168 172 1260 216 Aug.
1287 171 1393 206 Vind.
1421 171 1453 206 8.
1479 170 1695 206 Novembris
1724 173 1824 207 1561.

219 306 380 343 5555111,
425 307 520 334 011111
553 291 662 334 satis
699 291 963 344 intelligam,
1007 289 1110 331 nihil
1153 289 1314 332 nostris
1356 289 1603 332 defuturum
1635 289 1677 331 in
1719 290 1990 345 necessarijs,

217 358 345 411 idque
369 371 497 400 curae
521 371 616 399 esse
639 355 827 407 Caesari,
856 358 905 398 vt
927 355 1014 397 sint
1036 354 1102 396 sui
1124 357 1361 409 prouentus
1384 354 1537 408 cuique
1559 355 1741 408 collegio
1764 355 1990 410 assignati.

218 424 455 477 Pergemus
487 422 662 464 interim
703 422 783 463 hoc
815 434 1071 475 promouere
1103 434 1280 471 saxum,
1325 420 1379 462 ad
1421 420 1533 473 quod
1571 419 1779 474 optimam
1812 421 1994 464 nauabit

219 502 395 544 operam
428 488 474 531 P.
508 487 717 538 Victoria,
753 485 971 540 generalis
1003 485 1170 527 scilicet
1201 485 1373 527 futurus
1405 488 1662 539 procurator
1697 485 1989 539 collegiorum,

219 568 330 608 quae
374 553 453 596 sub
498 552 696 595 Caesaris
741 552 903 594 ditione
949 554 1135 604 quatuor
1179 553 1305 592 erunt
1349 550 1470 592 breui
1514 550 1697 592 Domino
1742 551 1991 595 adiuuante.

219 619 311 670 Qua
344 619 396 661 de
428 633 475 661 re
506 617 671 660 moneri
704 630 874 671 quoque
907 616 953 658 P.
985 615 1225 658 Victoriam
1258 615 1400 657 uelim.
1444 615 1515 657 Ex
1545 615 1612 657 his
1645 615 1839 670 collegijs
1862 615 1992 658 Oeni-

218 687 459 739 pontanum
493 682 722 737 collegium
763 682 959 736 accipere
991 683 1140 736 posset
1172 695 1303 722 vnum
1337 683 1469 734 atque
1508 681 1692 723 alterum
1727 681 1990 723 Germanum

219 752 548 804 praeceptorem
592 749 635 790 in
681 747 891 790 classibus
935 745 1232 796 inferioribus,
1280 760 1330 788 ac
1374 749 1604 800 praeterea
1649 745 1992 790 contionatorem

218 815 276 857 M.
311 815 596 857 Hermetem1
638 816 686 856 ut
728 815 796 855 est
835 812 962 854 modo
1001 811 1235 854 definitum.
1300 810 1569 853 Viennenses
1601 811 1648 854 P.
1683 811 1915 853 Carolum2
1948 814 1995 855 et

219 880 266 923 P.
300 880 688 922 Bartholomeum3
730 878 857 920 simul
890 876 1121 931 Oeniponti
1153 876 1352 918 viuentes
1387 876 1672 919 donauerunt.
1736 876 1992 931 praecipuos

221 948 367 988 autem
413 945 582 999 collegij
628 943 901 999 professores
946 945 990 984 et
1031 945 1180 996 patres
1222 941 1539 992 desideramus,
1586 941 1638 984 de
1683 942 1836 995 quibus
1876 942 1992 984 haud

221 1010 348 1052 dubie
389 1010 625 1065 prospiciet
666 1009 789 1051 nobis
821 1008 979 1059 Jtalia,
1022 1007 1278 1062 praesertim
1322 1021 1372 1050 50
1413 1007 1457 1049 111
1494 1008 1610 1058 1000,
1652 1007 1725 1049 vbi
1766 1007 1904 1050 nostri
1937 1007 1992 1050 ad

220 1089 378 1118 nouum
413 1078 457 1118 et
497 1075 714 1130 publicum
747 1072 1021 1128 gymnasium
1054 1075 1341 1127 expetuntur,
1385 1075 1429 1115 et
1460 1072 1574 1115 inter
1611 1072 1761 1115 doctos
1793 1072 1994 1115 Caesaris

221 1141 498 1183 Consiliarios
530 1140 834 1182 versabuntur.

340 1206 437 1259 Ago
478 1206 679 1259 ingentes
720 1204 887 1258 gratias
928 1202 1152 1254 charitati,
1197 1203 1310 1256 quod
1351 1203 1401 1245 R.
1437 1203 1484 1245 T.
1525 1203 1708 1245 sollicite
1749 1206 1898 1246 monet
1939 1203 1994 1245 de

221 1271 557 1314 rationabili
591 1269 888 1323 obsequio4
921 1270 1147 1323 Augustae
1179 1268 1442 1323 praestando
1475 1269 1590 1323 patri
1622 1270 1727 1311 Deo.
1791 1269 1936 1311 fateor
1967 1281 1995 1310 a

221 1351 290 1379 me
322 1351 453 1392 saepe
485 1337 658 1378 modum
692 1335 854 1386 excedi,
888 1335 1112 1388 multaque
1141 1334 1318 1388 negligi,
1353 1348 1463 1387 quae
1485 1337 1577 1377 tum
1600 1334 1727 1385 domi,
1761 1337 1853 1377 tum
1886 1333 1993 1376 foris

222 1402 340 1445 facto
374 1417 481 1457 opus
514 1404 672 1444 essent.
737 1401 912 1443 Vellent
944 1400 1153 1443 Rectores
1187 1402 1231 1442 et
1263 1399 1541 1442 Consultores
1575 1399 1700 1441 huius
1731 1399 1991 1454 prouintiae,

223 1468 446 1523 suppetias
479 1468 532 1510 ab
566 1468 709 1520 aliquo
743 1466 844 1508 ferri
878 1466 1035 1508 misero
1068 1464 1331 1520 prouintiali.
1376 1464 1460 1507 Sed
1492 1465 1670 1507 miseret
1701 1478 1769 1506 me
1801 1463 1992 1506 uicissim

222 1534 375 1576 horum
409 1533 700 1586 collegiorum,
734 1538 873 1585 quae¹²
904 1531 1049 1573 malim
1084 1530 1233 1584 augeri
1267 1544 1393 1583 quam
1417 1530 1580 1584 priuari
1612 1529 1735 1572 bonis
1768 1529 1992 1584 operarijs,

223 1602 267 1642 et
299 1613 454 1641 vereor
494 1613 548 1641 ne
588 1598 685 1653 plus
726 1600 882 1639 noceat
921 1597 1001 1638 sibi
1043 1610 1172 1649 quam
1214 1595 1412 1638 conferat
1444 1595 1568 1646 mihi,
1612 1595 1805 1649 quisquis
1836 1595 1879 1636 in
1911 1594 1994 1637 hoc

223 1664 390 1707 laxiore
414 1664 586 1706 viuendi
619 1677 778 1717 genere
801 1665 1002 1705 versetur
1033 1676 1200 1703 mecum
1224 1662 1463 1715 Augustae,
1497 1660 1569 1703 ubi
1601 1662 1691 1703 tam
1724 1660 1849 1715 pauci
1882 1673 1994 1713 quae

224 1730 279 1773 ad
301 1730 493 1783 Regulas
525 1732 697 1772 nostras
729 1728 960 1783 pertinent,
995 1727 1135 1769 minus
1169 1727 1399 1780 diligenter
1425 1727 1660 1769 obseruant
1675 1726 1704 1769 ⁵.
1747 1726 1858 1768 Erat
1888 1725 1993 1767 mihi

224 1795 395 1850 quidem
429 1795 583 1837 solatio
617 1795 663 1836 P.
698 1793 944 1843 Hurtadus,
987 1793 1062 1835 sed
1095 1793 1148 1834 ob
1182 1791 1350 1846 collegij
1385 1791 1666 1842 Viennensis,
1709 1793 1841 1844 atque
1878 1804 1994 1832 nunc

224 1861 356 1903 etiam
389 1859 621 1914 Pragensis
654 1858 958 1901 necessitatem
1003 1858 1158 1900 donaui
1192 1857 1312 1899 illum
1344 1856 1574 1907 fratribus,
1616 1870 1672 1898 ne
1709 1856 1817 1910 mejs
1850 1855 1994 1910 potius

225 1940 353 1980 quam
399 1926 581 1968 aliorum
627 1923 1005 1967 commoditatibus
1048 1922 1316 1965 inseruirem.
1388 1921 1535 1975 Jgitur
1578 1921 1845 1963 hominem
1891 1934 1993 1962 non

224 1992 396 2034 habeo
441 1991 507 2045 (ut
539 1991 684 2034 aiebat
715 1990 787 2032 ille
801 1990 835 2043 6)
877 2003 1003 2043 quem
1034 1989 1115 2031 1100
1148 1988 1320 2042 quidem
1360 1991 1557 2042 tempore
1589 1986 1752 2029 socium
1794 1999 1994 2028 euocem:

225 2057 302 2100 sed
333 2071 571 2112 proponam
603 2059 751 2099 tamen
794 2054 1111 2097 consultoribus
1152 2057 1201 2096 ut
1242 2054 1408 2107 eligant
1448 2052 1530 2107 ipsi
1565 2066 1690 2106 quem
1724 2051 1993 2094 commodum

225 2123 489 2178 putauerint.

347 2188 530 2230 Oremus
552 2187 782 2229 Dominum
814 2199 891 2240 pro
915 2184 1108 2235 aemulis,
1144 2183 1216 2238 qui
1239 2183 1416 2237 Collegij
1439 2182 1686 2236 Augustani
1716 2195 1995 2237 progressum

226 2253 433 2308 impedire
465 2255 701 2307 coeperunt
719 2253 746 2294 ⁷.
790 2250 992 2294 Canonici
1024 2250 1138 2292 inter
1169 2263 1215 2292 55
1248 2249 1478 2291 conuenire
1509 2262 1595 2290 non
1627 2250 1821 2302 possunt.
1871 2247 1997 2289 Ciues

227 2333 359 2373 aegre
391 2318 521 2361 laturi
554 2318 756 2360 dicuntur
776 2319 949 2359 nostros
982 2315 1200 2357 accedere.
1244 2314 1447 2356 Nondum
1469 2316 1619 2356 tamen
1649 2327 1719 2355 res
1749 2313 1995 2367 desperata.

227 2384 467 2427 Cardinalis
508 2397 585 2438 per
617 2383 846 2425 Caesarem
887 2384 931 2424 et
963 2380 1179 2423 Bauariae
1217 2379 1399 2422 (11105111Β
1440 2378 1555 2421 forte
1595 2377 1789 2432 perficiet
1820 2376 1996 2430 aliquid.

228 2449 352 2492 Fiat
393 2448 607 2491 Domini
650 2447 958 2490 voluntas9.

348 2574 362 2588 ³
388 2568 432 2601 In
458 2572 530 2601 aut.
557 2568 717 2611 sequitur
743 2577 830 2609 ego,
856 2577 877 2598 (ι
908 2566 944 2599 C.
975 2567 1060 2608 ipso,
1088 2569 1124 2597 ut
1150 2564 1298 2607 ridetur,
1325 2563 1569 2596 oblitteratum.

351 2681 360 2700 ¹
387 2678 584 2723 Halbpaur.
731 2677 744 2697 2
771 2675 882 2711 (ἂι-1111.

352 2734 364 2753 ³
390 2731 574 2772 Bedulam,
600 2732 641 2764 ut
666 2729 829 2765 videtur:
857 2729 901 2763 cf.
922 2727 1134 2771 Catalogum
1161 2726 1465 2761 vindobonensem
1491 2724 1575 2758 anni
1595 2723 1683 2758 1561
1711 2722 1806 2768 apud
1825 2722 2001 2756 Sommer-

230 2787 334 2831 voyel‚
360 2785 429 2820 Les
457 2784 615 2819 ι1551111551
642 2785 708 2817 etc.
735 2782 761 2817 f.
789 2781 880 2816 C42.
1026 2782 1038 2801 ‘²
1066 2780 1166 2815 Rom.
1196 2780 1249 2821 12,
1278 2779 1308 2813 1.

351 2840 364 2860 ⁵
390 2839 484 2873 Socii
510 2836 705 2882 augustani
731 2835 798 2870 hoc
824 2836 921 2880 ipso,
949 2834 1043 2879 quod
1068 2833 1277 2879 paucissimi
1303 2831 1481 2875 simulque
1511 2828 1780 2874 occupatissimi
1805 2829 1908 2862 erant
1931 2838 2000 2862 nec

230 2892 412 2939 propriam
439 2892 581 2926 domum
607 2890 799 2931 habebant,
826 2888 1028 2933 complures
1055 2899 1073 2922 e
1100 2886 1291 2921 Societatis
1316 2885 1469 2929 legibus,
1496 2882 1628 2928 quippe
1653 2893 1746 2927 quae
1770 2881 1999 2927 potissimum

232 2947 276 2981 ad
303 2945 456 2991 amplius
482 2944 626 2988 aliquod
651 2943 833 2977 hominum
860 2941 1079 2976 consortium
1096 2941 1274 2985 spectant,
1300 2938 1364 2972 vix
1390 2939 1453 2972 aut
1477 2948 1522 2971 ne
1547 2936 1611 2971 vix
1637 2935 1779 2980 quidem
1806 2934 1999 2969 observare

231 3000 410 3045 poterant.
556 2998 569 3018 ⁶
596 2997 776 3040 Aegrotus
801 2995 863 3029 ille
889 2994 1241 3040 hierosolymitanus,
1269 2992 1318 3026 Io.
1345 2993 1377 3032 5,
1404 2992 1435 3025 7.

352 3053 366 3073 ⁷
391 3050 648 3096 Impediebant,
674 3049 864 3094 quominus
882 3048 1141 3082 monasterium
1168 3045 1202 3080 S.
1222 3045 1368 3089 Georgii
1392 3043 1505 3078 Sociis
1530 3042 1753 3082 traderetur;
1779 3040 1862 3075 vide
1887 3050 2000 3085 supra.

233 3117 267 3151 p.
294 3105 373 3147 285,
401 3106 438 3139 et
462 3104 567 3146 infra,
593 3114 750 3137 monum.
777 3101 977 3136 278—280.

354 3159 367 3179 ⁸
392 3157 583 3192 Albertum
608 3156 651 3191 V.
798 3156 811 3175 ⁹
836 3156 915 3189 Act.
943 3154 999 3196 21,
1030 3154 1082 3188 14.
1133 3152 1265 3187 Matth.
1292 3152 1324 3193 6,
1353 3150 1397 3186 10
1423 3152 1491 3184 etc.
