2093 3444
217 187 299 228 138
508 183 587 218 553.
623 183 775 217 Ioannes
801 182 844 216 de
870 182 1027 217 Polanco
1055 182 1208 218 Canisio.
1251 182 1364 217 Roma
1393 183 1446 218 10.
1473 182 1560 217 Maii
1589 183 1691 217 1561.

214 301 416 346 [Augustae
442 300 546 334 nobis
571 299 744 333 traditis‘?
778 299 903 344 Neque
930 299 1024 333 enim
1051 299 1207 334 dubitari
1234 301 1364 344 potest,
1392 299 1479 342 quin
1509 299 1574 339 m,
1600 310 1671 332 non
1696 298 1753 332 26.
1773 298 1859 332 Maii
1886 299 1990 333 datae

213 353 311 398 sint].
363 353 462 395 Quod
490 353 737 398 apographum
767 353 831 397 (H)
861 354 984 387 exstat
1009 353 1046 386 in
1073 353 1148 387 cod.
1176 352 1320 398 guelph.
1354 353 1429 394 „36.
1457 353 1512 386 24.
1539 352 1654 396 Aug.“
1685 352 1709 386 f.
1737 352 1814 386 302.

336 435 425 464 Acta
450 431 579 473 synodi
604 431 799 473 ephesinae.
838 430 1030 473 Colleyium
1053 431 1309 473 yet-manicam.
1349 429 1534 463 Cccnisium
1557 430 1701 472 colleyia«
1720 440 1790 473 per
1813 440 1848 462 se
1875 431 1990 473 ipsum
2052 423 2054 427 ’

216 485 359 518 visitare
393 485 561 517 convenit.
613 484 681 517 Res
716 484 900 527 reliqionis
937 485 974 516 ἰη
1000 484 1172 517 Bohmm'a
1207 488 1237 517 ec
1272 484 1405 517 Gallia.
1457 483 1511 516 De
1543 484 1780 525 fenerationis
1813 483 1918 516 rebus
1952 484 1991 516 ἰη

209 548 381 581 praesens
405 537 614 581 sinqulate'm
640 548 711 570 non
738 537 935 570 dicendum.
987 538 1175 570 Valdenses
1199 538 1399 580 similes-qne
1433 537 1601 570 haeretiei
1625 547 1648 569 (ι
1674 537 1880 570 Βαόαιιᾱὶαε
1905 536 1992 570 duce

216 591 389 634 castiyati.

1017 651 1188 693 Jhesus.

904 730 999 772 Pax
1031 730 1181 773 christi
1215 733 1298 773 etc,

336 811 564 854 Riceuette
597 814 746 854 nostro
770 812 911 855 Padre
944 813 1086 866 quelle
1119 813 1161 854 di
1187 814 1253 856 19.
1289 814 1425 855 6126.
1460 812 1528 854 del
1556 814 1733 866 passato
1767 812 1835 854 del
1857 811 1991 867 padre

217 877 417 919 Hurtado
450 877 492 919 in
526 877 725 920 absentia
758 877 874 919 della
905 878 1171 921 Reuerentia
1204 878 1255 920 V.
1275 879 1289 905 1
1323 880 1366 920 et
1399 877 1548 919 dubito
1581 877 1718 920 anche
1758 891 1805 919 se
1837 879 1993 930 questa

216 943 284 985 10²
317 941 378 997 [1³]
414 945 592 984 trouara
632 943 675 984 in
708 943 912 996 Augusta
945 946 1076 985 onero
1119 958 1164 985 se
1197 957 1297 985 sara
1330 943 1492 997 partito
1526 956 1605 997 per
1637 942 1791 986 uisitar
1823 942 1992 984 Vienna

217 1010 262 1050 et
293 1007 439 1061 Praga
472 1043 480 1051 .
514 1008 623 1050 intal
658 1022 757 1051 caso
791 1009 958 1051 seruira
992 1012 1148 1062 questa
1180 1009 1250 1063 pel
1282 1009 1423 1050 Padre
1456 1008 1669 1050 Hurtado.

339 1074 392 1116 Se
426 1074 452 1115 ’l
484 1076 674 1116 maestro
702 1074 929 1116 Theodoro
963 1089 1047 1116 non
1081 1077 1165 1129 puo
1200 1074 1572 1116 connnodamente
1605 1074 1750 1116 uoltar
1780 1073 1824 1115 111
1856 1072 1991 1116 latino

218 1139 315 1191 quel
350 1139 457 1180 libro
492 1153 731 1181 commesso
772 1140 840 1194 pel
876 1140 999 1182 Duca
1032 1140 1073 1181 di
1106 1139 1324 1181 Babiera2
1366 1142 1461 1181 esta
1504 1139 1586 1181 ben
1625 1142 1777 1182 trouar
1809 1138 1992 1192 qualche

217 1204 344 1246 modo
376 1204 559 1247 honesto
592 1219 670 1259 per
701 1206 945 1258 sgrauarlo.

336 1270 436 1311 Non
469 1274 516 1312 so
550 1285 670 1312 corne
703 1271 887 1313 tardano
920 1273 1046 1313 tauto
1080 1270 1211 1324 quelli
1245 1270 1322 1312 che
1355 1270 1580 1312 doueuano
1620 1270 1769 1312 uenire
1801 1269 1871 1324 pel
1904 1268 1992 1311 col-

217 1335 331 1388 legio
366 1335 623 1378 Germanico
656 1336 968 1390 specialmente
1000 1350 1085 1378 uno
1118 1335 1335 1378 cliiamato
1369 1335 1651 1386 christoforo,
1694 1335 1773 1377 che
1805 1334 1992 1377 secondo

216 1401 243 1441 l'
269 1401 390 1442 auiso
424 1402 464 1443 di
499 1402 541 1443 la
574 1402 614 1443 10
648 1405 954 1456 aspettauamo
988 1416 1065 1456 per
1097 1402 1140 1443 la
1172 1415 1340 1456 pasqua
1355 1402 1384 1444 3.
1429 1401 1481 1444 V.
1516 1400 1781 1444 Reuerentia
1813 1400 1850 1442 ci
1883 1399 1992 1442 auisi

219 1466 261 1508 di
294 1466 436 1520 quello
470 1467 547 1509 che
580 1469 641 1510 sa.

338 1531 417 1573 Piii
451 1532 735 1575 conueniente
769 1534 791 1574 e
825 1547 953 1587 parso
982 1533 1023 1574 di
1046 1547 1132 1586 qua
1155 1532 1232 1574 che
1255 1532 1296 1574 la
1322 1532 1583 1574 Reuerentia
1606 1532 1658 1575 V.
1683 1545 1760 1586 per
1781 1545 1828 1573 se
1851 1532 1993 1573 stessa

218 1596 359 1639 faccia
392 1597 434 1639 la
458 1597 601 1644 uisita‚
637 1598 715 1639 6116
747 1612 825 1652 per
847 1598 961 1640 altro
985 1601 1029 1641 et
1052 1598 1139 1640 cosi
1163 1612 1297 1653 penso
1320 1597 1349 1638 li
1372 1597 1437 1639 sia
1460 1600 1577 1640 stato
1600 1597 1775 1647 scritto;
1811 1596 1889 1638 che
1920 1595 1993 1650 gia

219 1665 251 1704 s’
277 1677 352 1704 era
375 1662 496 1706 detto
520 1663 562 1705 al
585 1663 819 1705 Cardinal*
851 1663 1170 1706 sicontentasse
1205 1698 1212 1706 .
1248 1666 1291 1706 et
1315 1676 1399 1704 non
1431 1663 1488 1704 ha
1521 1664 1667 1705 niente
1700 1661 1991 1706 contradetto.

338 1728 455 1771 Certi
497 1728 620 1782 punti
660 1728 802 1770 nelleb
836 1727 897 1784 [P]
941 1742 1040 1771 cose
1082 1729 1197 1770 della
1229 1727 1454 1781 Religione
1495 1728 1646 1771 hauuti
1687 1728 1742 1770 da
1773 1728 1918 1781 Praga
1956 1725 1994 1767 ci

219 1793 376 1834 mando
417 1793 447 1834 il
480 1793 621 1835 Padro
657 1794 854 1836 Hurtado
897 1794 1012 1847 quali
1055 1798 1277 1836 mostrano
1318 1793 1349 1834 il
1391 1793 1570 1835 missero
1612 1796 1729 1836 stato
1772 1792 1813 1834 di
1852 1791 1993 1846 quelle

338 1933 507 1967 Traditae
542 1937 628 1968 sunt
662 1934 755 1979 patri
791 1937 914 1968 nostro
941 1933 1134 1979 epistulae,
1172 1946 1262 1978 quas
1288 1937 1392 1979 pater
1418 1934 1604 1968 Hurtadus
1639 1933 1765 1968 diebus
1793 1933 1847 1967 19.
1874 1933 1911 1966 61
1935 1931 1992 1965 26.

219 1986 354 2020 mensis
380 1987 575 2032 superioris
602 1987 807 2021 reverentia
833 1990 957 2022 vestra
983 1987 1133 2021 absente
1160 1987 1204 2021 ad
1231 1987 1347 2032 ipsum
1375 1987 1523 2022 dederat
1540 1988 1560 2028 ¹,
1588 1989 1697 2031 atque
1723 1986 1833 2020 etiam
1859 1984 1993 2026 dubito,

217 2042 339 2073 utrum
366 2040 406 2074 R.
435 2040 489 2081 V„
517 2052 596 2074 cum
624 2040 692 2075 hae
718 2041 862 2075 litterae
883 2043 1084 2085 Augustam
1112 2040 1274 2086 perlatae
1301 2044 1416 2081 erunt,
1443 2041 1491 2075 ibi
1518 2041 1628 2085 degat
1653 2051 1698 2074 an
1723 2039 1805 2074 inde
1831 2038 1992 2084 profecta

217 2093 266 2126 sit
292 2093 336 2127 ad
354 2093 652 2128 vindobonenses
678 2097 714 2128 et
733 2094 935 2137 pragenses
960 2094 1173 2129 visitandos.
1209 2093 1310 2135 Quod
1336 2095 1366 2128 si
1394 2094 1554 2140 profecta
1580 2093 1658 2135 erit,
1685 2096 1788 2138 pater
1805 2091 1993 2126 Hurtadus

219 2146 275 2180 his
300 2149 434 2181 utetur.

339 2199 375 2234 Si
403 2200 578 2244 magister
595 2201 804 2235 Theodorus
830 2200 960 2235 librum
987 2200 1088 2235 illum
1115 2212 1136 2235 a
1155 2201 1333 2235 Bavariae
1351 2201 1440 2236 duce
1465 2201 1533 2235 sibi
1550 2200 1754 2235 traditum²
1779 2199 1815 2234 in
1840 2198 1991 2233 latinum

218 2264 419 2287 sermonem
436 2254 635 2288 transferre
654 2254 838 2289 commode
856 2266 926 2288 non
945 2257 1075 2299 potest,
1103 2254 1292 2289 honestam
1319 2254 1476 2299 aliquam
1502 2255 1689 2295 rationem,
1716 2265 1786 2298 qua
1812 2264 1853 2287 eo
1871 2251 1991 2286 labore

217 2305 399 2348 liberetur,
426 2307 582 2341 inveniri
610 2308 789 2342 convenit.

337 2359 468 2394 Nescio
495 2372 558 2395 cur
584 2360 620 2400 ii,
648 2361 777 2405 quibus
804 2361 839 2395 in
866 2360 1059 2404 collegium
1077 2360 1323 2405 germanicum
1349 2361 1566 2395 veniendum
1593 2363 1680 2403 erat,
1707 2362 1893 2404 tantopere
1918 2369 1991 2392 mo-

217 2414 361 2453 rentur,
398 2416 506 2458 atque
532 2413 708 2459 imprimis
735 2414 880 2459 quidam
906 2415 1048 2448 nomine
1077 2414 1372 2459 Christophorus‚
1409 2426 1516 2459 quem
1552 2414 1618 2448 sub
1644 2414 1738 2448 diem
1763 2413 1898 2447 festum
1923 2411 1990 2445 Pa-

217 2465 355 2500 schatis
380 2466 450 2500 huc
476 2467 717 2501 adventurum
743 2479 823 2502 esse
850 2478 896 2501 ex
922 2467 1054 2501 litteris
1080 2467 1188 2502 istinc
1215 2468 1373 2512 acceptis
1391 2467 1682 2502 coniectabamus
1698 2467 1720 2501 ⁸.
1772 2465 1990 2500 Reverentia

217 2520 351 2560 vestra,
379 2531 470 2563 quae
497 2519 565 2554 hac
591 2520 634 2554 de
660 2532 698 2554 re
725 2521 947 2564 cognoverit,
974 2521 1018 2554 ad
1044 2532 1109 2554 nos
1135 2521 1347 2565 perscribat.

337 2571 460 2615 Nobis,
486 2574 683 2608 reverende
701 2575 814 2619 pater,
841 2574 959 2608 visum
987 2575 1043 2608 est
1069 2573 1261 2608 convenire
1288 2574 1416 2617 magis,
1442 2576 1483 2608 ut
1509 2573 1754 2608 visitationem
1780 2573 1888 2607 istam
1913 2582 1990 2616 per·

217 2636 346 2668 ageres
372 2638 435 2671 per
460 2628 496 2660 te
522 2627 640 2671 ipsum
675 2638 782 2671 quam
824 2639 888 2672 per
914 2626 1089 2668 alterum;
1125 2627 1159 2660 id
1196 2627 1291 2671 quod
1327 2628 1372 2661 ad
1407 2629 1443 2661 te
1478 2627 1548 2661 iam
1576 2638 1655 2661 esse
1680 2626 1857 2671 scriptum
1882 2626 1988 2670 puto;

216 2689 333 2722 neque
360 2679 453 2713 enim
483 2679 724 2722 cardinalis⁴‚
760 2692 781 2714 a
807 2680 928 2720 nobis,
965 2682 1003 2713 ut
1029 2691 1103 2713 rem
1130 2679 1212 2714 boni
1247 2679 1471 2722 consuleret,
1506 2682 1674 2724 rogatus,
1709 2679 1904 2724 quiequam
1929 2677 1988 2711 ad-

217 2734 387 2766 versatus
413 2735 480 2767 est.

336 2785 438 2820 Misit
471 2786 573 2820 nobis
607 2789 712 2831 pater
736 2786 923 2821 Hurtadus
959 2786 1079 2831 capita
1114 2786 1310 2830 quaedam,
1346 2798 1438 2831 quae
1473 2787 1517 2821 de
1550 2787 1658 2821 rebus
1683 2785 1868 2830 religionis
1893 2788 1988 2825 sunt,

217 2837 337 2880 Praga
363 2839 407 2872 ad
433 2850 472 2873 se
498 2839 628 2880 missa;
656 2851 701 2873 ex
728 2840 868 2884 quibus,
895 2851 1003 2884 quam
1029 2839 1182 2874 miserae
1207 2839 1243 2873 in
1262 2839 1469 2883 regionibus
1494 2839 1567 2874 illis
1592 2839 1702 2874 etiam
1728 2838 1987 2874 catholicorum

335 2955 349 2969 ³
376 2950 437 2983 Sic
462 2951 520 2992 A,·
544 2950 603 2983 sed
627 2950 852 2983 scribendum
876 2951 990 2993 fuisse
1014 2951 1155 2984 videtur
1179 2950 1226 2984 la.
1326 2950 1340 2971 b
1367 2951 1428 2984 Sic
1454 2953 1484 2984 A
1496 2963 1511 2993 ,·
1536 2950 1660 2984 delle?

340 3062 348 3081 ¹
376 3061 454 3094 Hae
481 3060 657 3106 epistulae
682 3061 819 3106 perisse
845 3061 1025 3095 videntur.

337 3113 350 3133 ²¹
377 3114 468 3147 Acta
494 3125 625 3157 graeca
650 3113 869 3148 oecumenici
895 3113 1036 3148 concilii
1063 3113 1243 3159 ephesini;
1270 3114 1353 3149 vide
1378 3125 1488 3159 supra
1514 3126 1548 3159 p.
1577 3113 1773 3148 136—137.

338 3167 351 3186 ³
376 3166 467 3201 Vide
493 3178 603 3211 supra
628 3179 661 3212 p.
690 3167 840 3201 76—77.
940 3169 953 3188 ⁴
978 3166 1191 3202 Truchsess.

2052 518 2064 570 *³¹-

2065 1196 2067 1205 -
2064 1156 2066 1161 .
2062 1106 2067 1139 1.,
2058 943 2067 1092 „uvae-*fi
2042 587 2066 927 &Ades-Q-

2076 2885 2078 2892 ἡ
2070 2600 2083 2854 ὲ.;.,“-4.ῆ,.ρν-ᾼ
2076 2524 2078 2548 2⁷
2072 2417 2079 2498 *.*v-
2072 2371 2073 2374 Α
