2093 3444
216 238 299 278 662
586 233 743 267 Monuni.
772 232 1007 277 (augustana)
1037 233 1116 268 270.
1148 233 1236 277 (Sub
1262 233 1404 268 initium
1432 245 1462 268 a.
1492 233 1612 278 1561).

213 349 321 383 editis
347 347 455 382 etiam
482 347 710 388 adversariis,
737 349 778 381 ut
802 349 980 391 Leopoldo
1005 349 1046 382 de
1071 350 1207 393 Ranlre,
1233 349 1289 383 sui
1316 349 1585 383 admirationem
1612 350 1734 384 iniecit
1749 352 1771 385 ¹.
1806 351 1874 385 Hic
1902 363 1981 385 cum

214 401 349 436 Canisii
374 400 622 445 biographiam
648 400 826 435 meditans
862 412 907 434 ex
932 412 1004 434 una
1029 404 1131 446 parte
1157 402 1349 436 relationes
1376 414 1395 436 a
1423 402 1564 437 Canisio
1597 406 1633 437 et
1659 403 1834 438 Eldereno
1861 404 1904 438 de
1931 403 1981 438 Si-

212 454 333 499 byllae
369 454 602 488 conversione
638 465 669 487 a.
699 454 785 488 1561
824 453 974 488 Romam
1008 455 1139 489 missas
1164 475 1209 478 —
1236 455 1416 489 Raderuln
1453 458 1487 489 et
1512 456 1696 490 Keller-um
1731 457 1798 491 hae
1832 457 1982 492 latuisse

212 508 382 542 videntur
407 527 472 549 —‚
509 519 553 541 ex
580 507 712 547 altera,
748 518 840 551 quae
866 507 901 540 in
928 506 1059 541 Raderi
1088 508 1139 551 (et
1164 508 1314 552 Kelleri)
1344 509 1608 543 commentariis
1643 510 1686 543 de
1712 510 1836 544 eadem
1864 521 1982 544 narra-

212 561 363 602 bantur,
390 563 473 595 ante
500 560 621 594 oculos
647 560 814 601 haberet,
848 560 1016 605 scrupulo
1042 561 1119 595 eius
1145 562 1302 595 animum
1329 562 1522 603 subeunte,
1558 574 1588 596 a.
1619 563 1709 597 1614
1734 563 1794 597 vel
1821 564 1911 597 1615
1938 563 1982 597 ad

213 613 335 648 Socios
370 616 592 657 augustanos
628 613 685 647 vel
721 613 797 658 ipse
833 613 892 647 vel
926 613 965 647 P.
993 614 1206 648 Ferdinandi
1239 615 1368 656 Alber,
1405 615 1464 659 qui
1499 617 1585 649 tunc
1619 615 1753 650 Romae
1788 616 1982 661 praepositi

212 667 394 711 generalis
428 679 491 712 pro
519 666 710 701 Germania
742 667 1011 708 „assistenten1“
1041 668 1190 711 agebat,
1227 680 1332 712 opera
1369 668 1579 713 interposita
1613 669 1802 714 scripsisse
1828 669 1982 710 videtur,

212 722 253 754 ut
278 732 353 754 rem
373 720 582 764 diligentius
600 720 873 763 investigarent,
901 722 937 754 et
955 721 1128 764 quomodo
1147 721 1338 755 relationes
1357 721 1440 755 illae
1463 721 1557 756 inter
1582 733 1620 756 se
1639 722 1800 767 componi
1826 724 1982 767 possent,

214 773 282 808 sibi
309 773 566 817 significarent.
618 773 748 807 Exstat
775 773 868 807 enim
900 773 1171 819 „*Responsum
1199 775 1242 808 ad
1270 775 1376 808 dubia
1412 775 1454 808 de
1490 776 1722 809 conversione
1760 775 1981 819 quarundam

212 826 410 861 illustrium
436 838 669 871 personarum
696 828 885 870 Augustae
911 838 974 872 per
1000 827 1041 861 R..
1068 827 1108 861 P.
1137 827 1318 862 Canisium
1353 828 1467 862 facta“
1502 828 1567 871 (ita
1598 829 1810 874 inscriptum
1837 828 1927 873 est),
1963 840 1983 863 a

215 881 319 914 Socio
345 881 467 924 aliquo
494 885 692 923 aumas-hmo
710 900 755 903 —-
781 891 846 914 nec
872 891 1000 914 nomen
1026 893 1091 914 nec
1117 883 1259 925 tempus
1286 882 1443 926 ascripta
1470 883 1554 915 sunt
1571 902 1615 904 —
1639 893 1719 915 cum
1746 882 1788 916 de
1814 882 1881 916 hac
1906 885 1982 916 tum

213 933 256 967 de
282 933 459 968 similibus
486 933 621 977 aliquot
644 933 936 968 conversionibus
965 934 1023 977 (de
1050 934 1178 978 quibus
1205 934 1366 979 proxime
1393 935 1546 978 dicetur)
1574 935 1747 979 scriptum
1776 938 1812 970 et
1834 935 1982 969 Romam

212 986 257 1020 ad
289 986 522 1029 „Germaniae
548 987 798 1021 assistentem“
828 986 989 1027 missum,
1016 987 1111 1031 quod
1137 999 1156 1021 a
1176 987 1350 1022 Sacchino
1377 988 1420 1021 ad
1448 987 1582 1022 Canisii
1608 989 1722 1023 vitam
1748 989 1982 1023 enarrandam

213 1039 412 1074 adhibitum
439 1052 518 1074 esse
544 1040 760 1085 scriptorum
787 1041 880 1074 inter
906 1052 944 1074 se
971 1040 1113 1074 collatio
1141 1041 1307 1075 ostendit.
1348 1042 1385 1075 111
1413 1041 1478 1075 1100
1505 1042 1616 1085 igitur
1645 1041 1867 1087 „Responso“
1898 1041 1982 1076 scri-

212 1093 328 1128 bitur:
360 1094 418 1135 ,In
445 1093 595 1127 historia
620 1094 756 1138 scripta
781 1093 931 1137 Collegii
957 1094 1161 1137 Augustani
1187 1094 1268 1138 plus
1295 1106 1363 1128 non
1389 1094 1577 1139 reperitur,
1604 1105 1710 1138 quam
1737 1095 1829 1139 quod
1856 1095 1895 1129 P.
1914 1095 1983 1129 Ra-

213 1147 321 1181 derus
346 1147 381 1180 in
408 1147 484 1181 vita
512 1146 646 1181 Canisii
672 1147 828 1192 scripsit.
864 1147 974 1181 Porro
1000 1160 1070 1181 non
1096 1147 1286 1182 dissentire
1314 1148 1444 1182 Raderi
1469 1148 1639 1182 historias
1666 1160 1686 1182 a
1710 1147 1844 1183 Canisii
1868 1148 1984 1182 literis

213 1211 305 1234 anno
335 1201 422 1234 1561
452 1200 566 1241 datis,
602 1199 685 1234 hinc
712 1200 860 1244 colligo,
898 1201 991 1245 quod
1018 1200 1180 1235 Raderus
1214 1201 1358 1242 scribit,
1395 1213 1439 1235 ex
1467 1201 1603 1236 visione
1633 1202 1772 1236 obiecta
1805 1202 1980 1236 illustrem

214 1252 389 1297 Sybillam
407 1253 522 1288 Marci
540 1253 697 1298 Fuggeri
723 1254 911 1297 coniugem
937 1254 1158 1299 propositum
1185 1265 1248 1288 seu
1268 1254 1482 1288 desiderium
1507 1255 1751 1290 conversionis
1778 1255 1983 1300 concepisse

216 1306 370 1351 (,Coepit
388 1307 483 1340 velle
510 1307 688 1341 calculum
706 1309 849 1342 vertere
876 1310 911 1341 et
938 1319 1019 1341 cum
1045 1320 1085 1341 00
1105 1308 1273 1352 postridie
1301 1308 1343 1341 de
1361 1308 1512 1342 salutari
1539 1308 1797 1343 catholicorum
1823 1308 1981 1343 doctrina

213 1360 397 1401 conferre‘,
432 1360 549 1405 inquit
574 1360 738 1395 Raderus
765 1360 801 1404 [l.
831 1362 860 1395 1.
889 1373 919 1395 c.
947 1361 1020 1405 9]);
1056 1363 1093 1394 at
1121 1372 1205 1394 vero
1238 1373 1283 1395 ex
1318 1362 1547 1395 concionibus
1583 1364 1619 1396 et
1653 1362 1983 1397 conversationibus

214 1425 294 1448 cum
315 1413 457 1447 Canisio
483 1414 643 1459 perfecte
669 1426 864 1448 conversas
891 1426 981 1454 esse,
1008 1426 1077 1447 non
1096 1414 1264 1455 excludit,
1293 1414 1467 1448 visionem
1494 1415 1634 1450 dedisse
1661 1427 1768 1450 ansas
1794 1417 1831 1449 et
1855 1426 1983 1450 causas

214 1467 450 1501 conversioni.
503 1466 602 1508 Quod
638 1479 723 1501 vero
760 1467 926 1502 Canisius
953 1468 995 1501 de
1030 1467 1097 1501 hac
1125 1467 1263 1501 visione
1298 1468 1386 1502 nihil
1421 1468 1626 1513 scripserit,
1662 1480 1740 1503 meo
1774 1468 1904 1503 iudicio
1939 1468 1983 1502 ad

212 1519 455 1554 humilitatem
491 1520 604 1565 ipsius
639 1520 756 1554 sancti
782 1521 896 1565 patris
922 1523 1086 1565 spectare
1114 1521 1276 1561 videtur,
1312 1522 1373 1565 qui
1398 1521 1573 1555 visionem
1608 1521 1706 1556 illam
1736 1522 1852 1556 noluit
1877 1522 1919 1556 de
1945 1533 1983 1556 se

212 1573 290 1618 ipso
316 1573 473 1607 scribere
488 1574 511 1607 ‘-'.
562 1573 684 1617 Aliqui
711 1576 850 1618 putant,
876 1574 953 1608 fieri
980 1573 1150 1619 potuisse,
1178 1576 1216 1608 ut
1241 1574 1405 1609 Canisius
1432 1575 1474 1608 de
1500 1575 1619 1620 specie
1645 1575 1758 1620 ipsius
1784 1575 1819 1609 in
1845 1575 1983 1609 visione

214 1626 353 1660 obiecta
379 1626 468 1660 nihil
494 1626 658 1668 sciuerit,
693 1627 756 1661 sed
792 1627 945 1672 primum
981 1628 1025 1662 ab
1053 1627 1188 1661 illustri
1215 1627 1373 1662 Patrona
1407 1628 1487 1662 aliis
1521 1628 1752 1663 manifestata
1781 1628 1908 1671 fuerit,
1945 1631 1983 1662 ut

212 1680 360 1725 proinde
386 1680 497 1714 verba
522 1679 586 1714 illa
612 1680 742 1714 Raderi
768 1680 829 1715 fol.
857 1680 912 1715 88.
941 1680 1020 1722 ,Η10
1047 1680 1117 1725 [est
1143 1692 1247 1725 quem
1274 1693 1337 1725 per
1362 1681 1568 1726 somnum]“
1595 1682 1729 1727 aspexi‘
1755 1694 1825 1716 non
1850 1681 1984 1716 fuerint

213 1733 371 1767 audienti
399 1733 542 1768 Canisio
568 1733 683 1774 dicta,
714 1734 777 1768 sed
804 1734 848 1768 ad
875 1734 1150 1768 circumstantes
1176 1734 1404 1778 ‹lu[mtaxat.]
1457 1734 1554 1778 [Sed]
1584 1735 1702 1769 minus
1728 1735 1815 1769 mihi
1840 1735 1984 1770 videtur

213 1786 408 1832 probabilis
434 1786 523 1821 haec
549 1787 707 1822 secunda
732 1787 874 1821 solutio.
910 1787 1080 1822 Praefero
1103 1788 1273 1832 primam‘
1309 1788 1368 1831 (ex
1396 1788 1612 1833 apographo,
1640 1789 1733 1832 quod
1755 1789 1822 1823 sub
1841 1800 1871 1823 a.
1894 1788 1981 1823 1885

215 1851 259 1874 ex
287 1839 484 1885 archetypo
511 1841 732 1885 exscriptum
759 1841 842 1884 est.)

334 1892 411 1927 Hoc
437 1905 608 1938 responso
645 1895 841 1927 Sacc-Mnus
867 1894 1118 1938 acquiescens,
1154 1894 1197 1928 de
1225 1894 1368 1928 Canisio
1402 1894 1548 1940 scripsit
1575 1894 1613 1938 (l.
1641 1906 1669 1929 c.
1697 1907 1730 1940 p.
1759 1894 1981 1938 173—174):

219 1945 350 1989 „Exitu
386 1947 468 1981 anni
504 1946 611 1981 huius
639 1946 780 1991 [1560],
816 1950 852 1981 et
886 1947 1108 1991 insequentis
1142 1947 1316 1992 principio
1350 1947 1463 1981 maior
1488 1949 1676 1992 Augustae
1711 1960 1730 1982 e
1756 1950 1881 1983 sancta
1907 1948 1983 1982 eius

213 1999 479 2044 praedicatione
514 2011 688 2045 apparere
714 2000 939 2035 foecunditas
966 2000 1084 2045 coepit
1111 2028 1117 2035 .
1146 2000 1335 2035 Profecere
1370 2001 1473 2034 multi
1509 2001 1553 2035 ad
1588 2002 1765 2044 insignem
1800 2002 1982 2046 pietatem,

214 2064 256 2087 ac
282 2064 367 2097 prae
403 2053 532 2087 ceteris
558 2053 692 2088 Vrsula
728 2066 773 2088 ex
807 2054 940 2088 illustri
975 2053 1114 2088 familia
1150 2053 1192 2088 de
1218 2053 1487 2088 Liechtenstain
1521 2067 1612 2089 vxor
1643 2054 1789 2100 Georgij
1815 2055 1982 2099 Fuggeri.

214 2105 313 2147 Quae
339 2118 420 2140 cum
445 2107 718 2141 Haereticorum
745 2108 782 2141 in
808 2107 953 2141 fraudes
979 2108 1050 2141 iam
1076 2107 1214 2152 pridem
1241 2107 1443 2149 incidisset,
1479 2107 1605 2142 deinde
1633 2108 1765 2153 Canisij
1792 2119 1899 2153 opera
1926 2109 1982 2142 de-

214 2159 330 2200 docta,
355 2161 433 2193 tum
452 2160 635 2195 exercitiis
661 2172 801 2205 quoque
824 2160 974 2205 spiritus
992 2160 1141 2202 erudita,
1169 2160 1323 2195 assiduis
1340 2161 1651 2206 progressionibus
1676 2161 1792 2195 forma
1818 2163 1984 2195 euaserat

214 2213 424 2247 matronalis
459 2213 494 2247 in
530 2214 625 2248 omni
651 2226 782 2257 genere
808 2213 1024 2248 sanctitatis.
1075 2213 1174 2248 Haec
1208 2225 1276 2247 non
1307 2214 1409 2248 modo
1444 2226 1545 2248 suam
1576 2215 1719 2248 domum
1745 2214 1790 2248 ad
1817 2214 1982 2259 Coenobij

215 2266 419 2310 exemplum
446 2267 666 2312 composuit,
702 2267 765 2301 sed
792 2267 919 2308 etiam,
956 2269 1131 2311 quotquot
1156 2267 1314 2301 nancisci
1349 2270 1509 2312 poterat,
1543 2267 1681 2302 nobiles
1707 2268 1860 2302 feminas
1886 2267 1983 2302 vitae

214 2319 440 2364 perfectioris
476 2331 595 2354 amore
630 2320 883 2354 succendebat.
933 2319 1024 2353 Tota
1057 2319 1095 2353 111
1129 2330 1237 2364 opera
1262 2319 1546 2360 misericordiae,
1581 2319 1617 2354 in
1653 2320 1788 2354 cultum
1823 2320 1982 2354 diuinum

215 2371 429 2415 augendum,
456 2375 493 2406 et
518 2373 761 2407 exornandum
789 2373 911 2407 effusa.
962 2372 1051 2406 Plus
1076 2374 1196 2406 tamen
1222 2372 1347 2406 habuit
1374 2372 1603 2415 celebritatis,
1634 2385 1675 2408 ac
1701 2374 1819 2408 famae
1845 2373 1983 2418 Sybilla

214 2424 428 2459 Ebersteina
462 2437 507 2459 ex
541 2426 727 2470 praeclara
754 2425 932 2460 Comitum
966 2425 1078 2470 stirpe
1113 2425 1260 2459 oriunda
1286 2425 1408 2460 Marco
1438 2426 1604 2470 Fuggero
1637 2428 1760 2471 nupta.
1810 2426 1913 2461 Hanc
1947 2426 1981 2460 in

214 2476 363 2512 Lutheri
398 2477 643 2513 deliramentis
678 2490 699 2513 a
733 2479 888 2524 pueritia
923 2479 1137 2520 enutritam,
1172 2480 1214 2512 vt
1248 2481 1304 2512 est
1337 2478 1511 2513 muliebre
1545 2479 1728 2523 ingenium
1762 2479 1898 2524 primae
1932 2479 1982 2513 in-

214 2530 416 2565 stitutionis
440 2532 602 2576 apprime
627 2534 748 2574 tenax,
773 2531 883 2566 nullis
907 2531 1054 2566 Marcus
1080 2531 1136 2565 vir
1162 2531 1249 2573 eius,
1275 2531 1384 2566 nullis
1410 2544 1523 2575 socer,
1554 2533 1769 2577 cognatique
1796 2535 1831 2566 et
1857 2532 1983 2567 affines

215 2583 276 2628 alij
304 2583 494 2619 orthodoxi
519 2585 704 2630 precibus,
739 2584 943 2624 blanditiis,
973 2584 1312 2629 pollicitationibus,
1347 2597 1411 2620 seu
1437 2597 1507 2630 qua
1532 2586 1603 2620 alia
1629 2588 1706 2620 arte
1732 2586 1912 2620 dimouere
1938 2586 1982 2619 ab

216 2636 355 2671 exitiali
391 2649 510 2672 errore
545 2640 746 2683 potuerant.
803 2638 873 2672 Vbi
907 2650 993 2672 vero
1029 2637 1163 2684 Canisij
1198 2650 1326 2672 nomen
1360 2640 1548 2683 Augustae
1581 2639 1654 2673 iam
1689 2639 1828 2673 celebre
1862 2639 1982 2679 fiebat,

215 2690 267 2724 ita
292 2690 496 2734 refugiebat
521 2692 565 2725 ab
592 2703 652 2734 eo,
688 2693 730 2725 vt
754 2702 938 2736 nunquam
964 2691 1088 2725 audire
1113 2691 1312 2733 hominem,
1348 2703 1389 2727 ac
1419 2704 1464 2727 ne
1489 2692 1613 2727 videre
1648 2692 1791 2737 quidem
1817 2691 1981 2726 voluerit.

215 2743 271 2777 lta
297 2744 498 2778 obstinatae
525 2744 646 2779 diuina
671 2744 812 2779 bonitas
837 2744 1012 2788 singulari
1029 2745 1210 2779 succurrit
1232 2757 1297 2790 ope
1324 2772 1331 2780 .
1359 2746 1442 2791 Ipsa
1461 2745 1593 2791 Canisij
1619 2745 1760 2791 species
1783 2745 1901 2780 oblata
1928 2747 1981 2779 est

336 2874 350 2888 ἢ
378 2869 545 2912 Sewplevi
571 2880 614 2902 ex
638 2869 793 2902 Radero.
846 2868 891 2901 In
916 2867 1104 2911 archetypo
1130 2872 1159 2900 et
1184 2867 1241 2901 hic
1267 2873 1297 2901 et
1315 2869 1431 2912 paulo
1458 2869 1560 2911 infra
1585 2869 1735 2902 lacunae
1759 2873 1850 2901 sunt.

340 2992 350 3010 ¹
390 2990 489 3032 „Von
515 2991 583 3024 den
611 2989 850 3035 jesuitischen
875 2988 1106 3023 Historikern
1140 2989 1344 3035 uberhaupt
1379 2989 1473 3024 wohl
1507 2990 1569 3024 der
1603 2989 1980 3033 ausgezeichnetste“:

217 3042 284 3077 Die
296 3042 535 3113 *roemtssshen
553 3043 708 3088 Paepste
725 3042 762 3077 in
780 3042 848 3077 den
865 3042 1000 3077 letzten
1018 3043 1096 3077 vier
1113 3042 1406 3077 Jahrhunderten
1426 3043 1477 3077 ΙΙΙ
1497 3043 1545 3086 (6.
1564 3043 1669 3085 Aufl.‚
1696 3042 1843 3087 Leipzig
1862 3042 1981 3086 1874),

220 3096 288 3130 114
339 3096 497 3182 2111111010
523 3159 614 3192 quae
632 3148 786 3183 Elderen
813 3147 970 3193 scripsit,
997 3148 1056 3183 vel
1083 3148 1217 3183 Canisii
1242 3148 1384 3182 nomine
1411 3149 1546 3194 scripta
1571 3148 1631 3183 vel
1649 3148 1778 3183 saltem
1796 3147 1840 3182 ab
1859 3147 1980 3182 eodem

220 3201 404 3246 recognita
430 3203 532 3242 sunt;
560 3201 642 3236 vide
672 3202 757 3236 Can.
784 3201 874 3246 Epp.
901 3201 946 3244 ΙΙ,
973 3201 1017 3236 28
1028 3202 1051 3235 3.

2066 264 2069 274 ,
2067 219 2069 232 μ
2066 199 2069 205 .
2055 0 2073 188 „affl-*arma
