2093 3444
239 233 326 274 470
813 231 892 265 701.
927 230 1091 266 Canisius
1119 228 1299 265 Stanislao
1326 229 1446 264 Hosio.

237 346 424 389 lonicam
458 345 786 388 0011111010001111
818 346 982 389 11011001
1015 346 1200 399 quidem,
1235 346 1310 388 sed
1343 359 1474 399 aegre
1499 349 1681 400 possunt
1712 346 1755 388 in
1779 361 1857 389 sua
1889 350 2012 390 secta

237 411 471 467 profligare
504 414 635 464 atque
678 411 921 455 excludere.
987 411 1112 465 Cupit
1154 425 1323 464 quoque
1355 410 1506 452 Zasius
1548 425 1574 453 a
1610 426 1678 453 me
1720 412 2012 455 commendari

238 477 443 519 Celsitud.
478 479 592 527 tuae,
627 490 759 529 seque
792 479 1048 519 excusatum
1070 476 1220 518 haberi
1252 476 1459 530 postulat,
1494 476 1606 529 quod
1628 476 1714 518 iam
1747 477 1830 529 diu,
1865 477 2012 520 000010

239 542 392 596 quibus
410 541 597 595 negotijs
619 540 866 595 implicitus,
891 541 995 582 nihil
1018 541 1160 583 isthuc
1181 540 1348 583 miserit
1365 541 1604 584 literarum.
1648 542 1765 584 Petit
1781 545 2012 596 praeterea

237 607 539 656 uehementer,
587 609 635 649 ut
666 606 841 660 Concilij
874 620 1121 648 successum
1162 606 1300 648 literis
1345 606 1400 648 ad
1434 606 1574 660 ipsum
1617 607 1730 649 datis
1781 607 2008 662 explicem.

238 672 333 726 Ego
366 685 468 713 uero
501 671 545 712 in
576 670 689 712 hunc
731 670 841 712 diem
875 685 1010 724 usque
1042 671 1148 712 nihil
1189 670 1387 725 accipere
1419 673 1495 712 aut
1532 670 1677 714 uidere
1709 672 1853 726 potui,
1896 673 2011 726 quod

237 737 281 778 in
312 736 512 791 proxima
545 735 746 778 Sessione
768 736 1091 790 promulgatum
1124 736 1220 786 fuit,
1255 739 1525 790 expectoque
1551 736 1794 784 admodum,
1828 740 1876 780 ut
1908 737 2010 791 quid

238 802 393 844 Patres
427 802 478 843 de
502 800 807 843 Communione
829 815 956 843 sacra
979 801 1250 843 decreuerint
1283 804 1327 843 et
1348 800 1441 855 ipse
1463 800 1623 852 uidere⁷
1658 805 1702 844 01
1732 816 1827 843 01101
1861 802 2012 845 amicis

240 866 558 909 communicare
599 866 760 920 possim
776 866 806 908 2.
870 866 991 920 Varij
1035 867 1086 908 de
1130 866 1302 920 Synodo
1344 879 1561 908 rumores:
1606 866 1688 908 Sed
1729 881 1797 908 me
1839 867 2010 920 quidem

238 931 431 974 nonnihil
471 931 721 985 perturbat,
766 945 821 972 ex
853 931 966 973 Aula
998 931 1194 973 Caesaris
1237 933 1281 973 et
1321 945 1398 985 per
1439 931 1529 973 eius
1563 931 1885 974 Secretarium3
1926 932 2010 974 11110

240 1011 291 1039 ea
323 996 544 1051 perscribi,
579 998 623 1038 et
656 996 937 1038 Senatoribus
969 996 1172 1051 proponi,
1209 1010 1319 1050 quae
1353 996 1514 1050 Synodi
1547 996 1858 1039 authoritatem
1890 998 2011 1040 labe-

238 1062 422 1112 factare,
457 1064 501 1103 et
533 1061 882 1103 aduersariorum
915 1061 1199 1116 peruicatiam
1225 1063 1480 1104 confirmare
1503 1061 1717 1104 uidentur.
1762 1062 1862 1104 Vidi
1894 1062 2012 1105 aliud

241 1141 409 1180 quoque
442 1127 650 1180 scriptum
684 1141 738 1168 ex
772 1127 923 1168 eadem
957 1127 1056 1168 aula
1088 1127 1344 1181 profectum,
1378 1127 1450 1168 ubi
1484 1127 1687 1170 Pontifex
1719 1130 1763 1169 et
1796 1127 2010 1183 Pontificij

240 1206 399 1246 magna
442 1191 617 1234 licentia
658 1192 1034 1246 perstringuntur,
1077 1192 1212 1234 ueluti
1254 1206 1376 1234 suam
1414 1192 1601 1234 Concilio
1643 1192 1891 1235 libertatem
1934 1193 2011 1235 ad-

240 1257 468 1300 imerent4.
531 1257 623 1299 Iam
656 1271 758 1298 uero
793 1271 887 1299 cum
917 1257 1150 1300 Senatores
1182 1257 1254 1311 istj
1288 1271 1389 1299 non
1422 1257 1535 1300 sint
1567 1257 1748 1299 mundi
1782 1259 2012 1309 omnes5,

363 1392 373 1412 1
401 1391 454 1425 Cf.
483 1392 570 1425 Gen.
601 1392 652 1433 11,
679 1392 783 1425 4—9.

361 1445 375 1465 ²
401 1445 599 1479 Concilium
625 1445 658 1478 in
687 1445 846 1478 sessione
864 1444 959 1478 XXI.
981 1444 1040 1488 (V.
1067 1444 1133 1478 sub
1154 1444 1216 1478 Pio
1236 1444 1312 1488 IV.)
1345 1445 1397 1479 16.
1418 1443 1498 1477 lulii
1521 1444 1611 1478 1562
1637 1444 1760 1479 habita
1786 1445 1876 1479 haec
1901 1444 2013 1490 potis-

240 1498 369 1532 simum
397 1498 439 1531 de
466 1509 570 1532 sacra
596 1498 842 1532 communione
869 1498 1186 1542 pronuntiaverat:
1221 1497 1457 1542 Nequaquam
1484 1497 1543 1532 vel
1570 1509 1615 1532 ex
1642 1498 1704 1532 Dei
1733 1500 1926 1543 praecepto
1953 1497 2012 1532 vel

241 1563 286 1585 ex
313 1551 529 1585 necessitate
565 1551 693 1585 salutis
720 1563 843 1585 omnes
878 1551 1004 1585 fideles
1039 1554 1230 1595 utramque
1268 1551 1424 1595 speeiem
1461 1562 1603 1585 sumere
1639 1552 1785 1592 debere;
1822 1552 2012 1586 ecclesiam

240 1604 347 1638 iustis
373 1604 571 1638 rationibus
598 1605 788 1638 adductam
818 1616 907 1642 0000,
934 1607 974 1638 111
1000 1604 1101 1639 laicis
1128 1608 1237 1648 atque
1265 1605 1372 1638 etiam
1391 1604 1532 1639 clericis
1550 1605 1682 1639 missac
1700 1605 1915 1639 sacrificium
1941 1616 2013 1639 non

242 1658 472 1691 offerentibus
499 1657 601 1702 panis
628 1660 768 1691 tantum
795 1658 953 1703 speciem
973 1658 1178 1703 praeberet;
1207 1660 1323 1692 totum
1343 1657 1526 1693 Christum
1546 1659 1612 1692 sub
1630 1658 1734 1703 panis
1760 1659 1879 1703 specie
1898 1658 2012 1699 sumi;

242 1711 415 1756 parvulis,
443 1711 592 1745 rationis
618 1722 685 1745 usu
715 1711 931 1752 carentibus,
959 1723 1098 1745 sacram
1119 1711 1403 1746 communionem
1429 1712 1670 1746 necessariam
1689 1724 1757 1746 non
1777 1723 1866 1746 esse.
1910 1711 2012 1754 Quod

242 1766 363 1799 autem
390 1764 592 1808 quaesitum
620 1767 725 1806 esset,
752 1776 836 1798 num
864 1765 960 1799 calix
986 1765 1075 1798 nulli
1102 1777 1257 1809 unquam
1286 1765 1532 1799 concedendus
1559 1768 1674 1805 esset,
1710 1767 1747 1799 et
1771 1777 1867 1806 num,
1894 1766 1924 1799 si
1951 1765 2012 1799 ho-

241 1818 354 1852 nestis
381 1818 423 1852 de
450 1819 568 1852 causis
595 1818 702 1852 alicui
729 1818 788 1852 vel
814 1818 950 1852 nationi
978 1818 1035 1852 vel
1062 1830 1170 1862 regno
1190 1819 1437 1853 concedendus
1464 1819 1564 1853 visus
1591 1821 1698 1860 00001,
1725 1819 1904 1863 aliquibus
1931 1830 2013 1853 cum

244 1870 510 1906 condicionibus
546 1871 580 1905 id
618 1871 693 1905 fieri
720 1871 885 1913 deberet,
923 1874 959 1905 et
985 1883 1160 1916 quaenam
1197 1872 1280 1906 illae
1308 1874 1447 1906 essent:
1484 1872 1573 1906 haec
1608 1872 1784 1917 synodum
1824 1872 1879 1914 „in
1915 1871 2013 1906 aliud

242 1927 404 1969 tempus,
441 1924 563 1958 oblata
598 1924 666 1958 sibi
703 1925 966 1969 quamprimum
1006 1925 1211 1965 occasione,
1249 1925 1506 1966 examinanda,
1542 1927 1650 1969 atque
1686 1925 1905 1959 definienda“
1943 1925 2012 1960 sibi

247 1979 489 2020 „reservare“.
540 1978 710 2012 Additum
739 1980 795 2012 001
829 1978 1010 2023 copiosum
1042 1979 1245 2020 „decretum
1281 1979 1323 2012 de
1358 1979 1655 2020 reformatione“‚
1691 1979 1784 2023 quod
1811 1979 1855 2012 ad
1889 1990 2014 2013 sacros

243 2031 385 2065 ordines
413 2031 666 2072 conferendos,
703 2031 823 2065 officia
850 2032 992 2073 divina,
1018 2032 1190 2066 beneficia
1217 2032 1484 2074 ecclesiastica,
1521 2032 1697 2077 parochos
1733 2043 1926 2076 eorumque
1952 2032 2013 2066 ad-

243 2084 379 2119 iutores
405 2087 441 2118 et
467 2084 634 2125 vicarios,
664 2084 951 2127 „visitationem“
983 2085 1223 2130 episcopalem
1251 2087 1318 2119 010.
1345 2087 1498 2130 spectat.

364 2138 377 2158 ⁸
402 2137 566 2172 Marcum
592 2137 855 2172 Sinkhmoser‘?

363 2192 376 2211 ⁴
403 2190 501 2232 Quae
527 2191 561 2225 in
590 2190 734 2236 scriptis
770 2191 842 2225 illis
876 2191 1060 2236 proposita
1095 2192 1186 2233 sint,
1224 2191 1384 2226 conicere
1419 2191 1505 2226 licet
1539 2203 1585 2225 ex
1620 2191 1757 2226 duabus
1783 2191 2016 2225 Ferdincmdi

245 2245 400 2278 caesaris
426 2244 590 2289 epistulis
619 2245 737 2288 Praga
766 2245 818 2279 16.
846 2244 926 2278 Iulii
956 2246 1045 2279 1562
1064 2245 1214 2279 Romam
1243 2247 1277 2278 et
1295 2245 1504 2279 Tridentum
1531 2245 1575 2279 ad
1602 2247 1762 2279 oratores
1788 2255 1872 2278 suos
1899 2244 2014 2286 datis;

243 2297 279 2331 in
306 2309 458 2342 quarum
483 2309 554 2331 una
573 2309 698 2332 caesar
716 2298 931 2343 Prosperum
951 2298 994 2332 ab
1018 2299 1113 2332 Arcu
1133 2298 1195 2332 Pio
1214 2298 1275 2332 IV.
1303 2310 1480 2343 exponere
1506 2298 1623 2333 iubet:
1655 2297 1754 2340 „Non
1772 2297 1942 2331 obscuros
1969 2297 2013 2331 ad

244 2362 309 2384 nos
335 2362 518 2385 sermones
544 2351 703 2396 perlatos
729 2363 818 2391 esse,
847 2379 853 2385 .
883 2379 890 2385 .
918 2351 998 2386 cudi
1025 2351 1134 2385 isthic
1170 2352 1205 2385 in
1231 2351 1318 2385 urbe
1346 2352 1458 2385 Roma
1485 2362 1639 2385 canones
1666 2350 1727 2394 qui
1752 2352 1878 2395 postea
1903 2350 2015 2396 patri-

244 2404 312 2438 bus
338 2404 382 2437 ad
410 2404 599 2438 concilium
626 2404 846 2449 approbandi
874 2406 909 2438 et
944 2405 1149 2450 publicandi
1175 2405 1384 2447 mittantur,
1420 2407 1542 2450 patres
1577 2405 1613 2438 in
1647 2403 1804 2438 ferendis
1830 2403 2015 2447 suffragiis

244 2468 315 2491 non
340 2468 446 2501 posse
471 2457 542 2491 frui
569 2457 676 2491 solita
702 2459 738 2491 et
764 2457 885 2491 debita
911 2457 1052 2492 concilii
1078 2458 1257 2498 libertate,
1285 2458 1370 2502 quin
1388 2457 1496 2492 immo
1523 2468 1583 2491 eos
1610 2456 1671 2501 qui
1698 2457 1740 2490 de
1758 2456 2014 2491 reformatione

246 2510 361 2554 deque
387 2510 469 2544 aliis
504 2510 720 2544 eiuscemodi
756 2510 863 2544 rebus
899 2510 1057 2545 dictante
1093 2511 1312 2545 conscientia
1347 2511 1494 2545 liberius
1527 2510 1740 2554 loquantur,
1779 2510 1942 2553 graviter
1967 2510 2013 2544 ad

246 2562 485 2598 Sanctitatem
511 2562 545 2597 S.
573 2563 704 2597 deferri
731 2574 771 2597 ac
798 2564 833 2597 in
869 2564 946 2598 eius
973 2564 1091 2598 odium
1118 2567 1154 2598 et
1179 2563 1463 2606 indignationem
1498 2563 1645 2604 adduci;
1680 2562 1763 2596 hinc
1789 2565 1910 2596 autem
1935 2563 2015 2597 fieri

246 2616 341 2661 quod
368 2644 374 2650 .
396 2644 403 2651 .
430 2616 534 2650 multi
562 2642 595 2650 ..
622 2616 765 2650 rideant
791 2619 828 2650 et
854 2617 1079 2651 detestentur
1104 2616 1212 2651 talem
1241 2616 1455 2662 procedendi
1482 2616 1625 2650 modum
1644 2642 1651 2650 .
1672 2616 1831 2650 dicentes
1858 2616 2014 2660 quoties-

246 2681 387 2714 cunque
412 2670 448 2703 in
475 2669 624 2704 concilio
659 2669 793 2713 aliquid
821 2669 870 2704 sit
895 2670 1176 2711 decernendum,
1211 2669 1246 2703 id
1282 2669 1360 2703 fieri
1394 2681 1464 2703 non
1499 2681 1604 2714 posse
1639 2668 1709 2703 nisi
1744 2668 1844 2714 prius
1881 2669 2013 2714 spiritu

246 2725 371 2758 sancto
407 2735 452 2757 ex
478 2723 574 2757 Urbe
609 2733 672 2768 per
707 2722 900 2768 dispositos
935 2734 1046 2767 equos
1081 2724 1261 2757 evocato.“
1316 2723 1362 2756 Et
1386 2723 1422 2756 in
1449 2722 1582 2757 altera:
1622 2722 1677 2756 Ex
1711 2722 1844 2756 litteris
1879 2721 2016 2757 vestris

246 2776 492 2811 intelleximus
517 2776 554 2810 in
580 2776 729 2810 concilio
761 2776 951 2821 „pleraque
977 2776 1127 2820 negocia
1154 2776 1275 2810 ordine
1310 2777 1384 2810 tam
1411 2775 1557 2810 sinistro
1584 2776 1679 2820 geri,
1714 2778 1755 2810 ut
1789 2775 1880 2809 nihil
1905 2775 2014 2810 isthic

246 2830 316 2864 nisi
342 2829 484 2873 magnis
510 2829 727 2874 quibusdam
753 2829 923 2874 practicis
959 2829 1054 2863 effici
1089 2830 1222 2874 possit“
1257 2829 1399 2874 (Sic-leel,
1425 2829 1550 2863 Trient
1575 2841 1608 2874 p.
1636 2829 1716 2863 356.
1744 2828 1841 2872 358).
1893 2829 2014 2873 Atque

247 2883 324 2929 ipse
351 2884 458 2917 etiam
485 2884 704 2917 Franciscus
729 2884 770 2916 de
800 2883 964 2917 Corduba
991 2882 1031 2916 Ο.
1058 2882 1144 2916 Min.
1174 2882 1294 2921 Conw,
1321 2882 1458 2916 Mariae
1484 2881 1676 2916 Bohemiae
1701 2882 1848 2925 reginae
1875 2881 2014 2916 confes-

247 2936 375 2977 sarius,
402 2935 529 2970 Lentia
554 2936 610 2970 22.
637 2935 723 2969 Maii
753 2936 843 2970 1562
870 2935 1035 2981 Philippo
1060 2936 1105 2970 H.
1132 2935 1348 2980 scripserat:
1380 2936 1480 2978 „Una
1506 2936 1549 2970 de
1574 2935 1630 2970 las
1655 2934 1872 2980 principales
1898 2945 2014 2976 cosas,

248 3001 317 3034 que
343 2989 390 3023 ha
415 2989 458 3023 de
483 2991 586 3023 tener
612 2988 645 3023 el
671 2989 839 3030 concilio,
876 3000 914 3023 es
939 2988 1094 3023 libertad
1121 3016 1128 3023 .
1155 2988 1189 3021 Y
1215 3000 1350 3034 porque
1386 2991 1465 3023 esta
1490 2988 1600 3029 salta,
1635 2988 1737 3022 dicen
1771 2987 1825 3022 los
1860 2987 2014 3030 hereges

249 3054 318 3087 que
343 3054 388 3076 no
413 3042 544 3076 vienen
570 3054 591 3076 a
617 3041 786 3076 concilio“
820 3042 864 3086 (1.
882 3053 911 3076 v.
931 3043 1128 3086 Diillinqer,
1154 3042 1323 3086 Beitrage
1349 3054 1412 3076 zur
1438 3041 1664 3087 politischen,
1690 3040 1913 3075 kirchlichen
1939 3040 2012 3074 und

250 3095 612 3130 Cultur-Geschichte
647 3096 710 3129 der
740 3095 846 3130 sechs
880 3095 1015 3129 letzten
1040 3094 1307 3129 Jahrhunderte
1332 3095 1349 3128 I
1376 3094 1628 3139 [Regensburg
1657 3092 1779 3137 1862],
1814 3092 1914 3137 426).
1965 3093 2015 3127 At

249 3148 359 3189 illam,
386 3160 477 3192 quae
504 3148 656 3183 concilia
681 3149 803 3191 decet,
838 3148 1042 3183 libertatem
1069 3159 1140 3182 non
1166 3148 1333 3189 defuisse,
1360 3148 1479 3193 ipsae,
1519 3159 1609 3192 quas
1635 3147 1819 3192 posuimus
1845 3148 1882 3180 01
1906 3157 2013 3191 pone-

249 3213 340 3244 mus,
368 3201 500 3235 Canisii
527 3201 749 3246 aliorumque
775 3201 953 3246 epistulae
978 3201 1182 3235 ostendunt.
1328 3202 1341 3221 ⁵
1367 3201 1414 3235 Io.
1444 3201 1497 3242 13,
1526 3201 1580 3235 10.
1610 3200 1664 3235 11.
