2093 3444
221 174 305 214 208
436 170 516 204 589.
551 168 716 203 Canisius
742 168 870 203 Iacobo
897 168 1032 203 Lainio.
1074 168 1168 211 Aug.
1196 167 1336 202 Vindel.
1365 168 1396 202 6.
1425 167 1647 213 Septembris
1676 169 1777 203 1561.

1041 284 1173 328 589.

958 379 1256 426 CANISIUS

807 477 1088 521 IACOBO
1121 477 1402 526 LAINIO,

743 559 947 604 praeposito
974 559 1135 603 generali
1162 558 1353 592 societatis
1379 557 1472 591 Iesu.

658 645 830 692 Angusta
856 645 1132 682 vindelicorum
1160 646 1191 681 6.
1219 643 1446 691 Septembris
1472 644 1558 680 1561.

340 730 396 764 Ex
422 729 628 774 apographo
656 729 811 770 recenti,
848 729 941 774 quod
971 741 1014 763 ex
1042 728 1285 773 autographo.
1317 728 1352 761 in
1380 728 1454 762 cod.
1488 728 1546 770 „E.
1575 727 1612 762 C.
1642 728 1675 762 l“
1705 728 1730 762 f.
1759 729 1825 763 126
1855 728 1904 772 (n.
1932 728 1991 772 88)

221 784 337 829 posito
366 784 587 828 exscriptum
616 786 680 817 est.

340 862 380 894 P.
408 862 527 894 David
552 861 686 893 Eeb—ins
711 862 758 893 (cd
787 861 972 893 (lanistam
1002 861 1100 902 venit,
1122 864 1255 903 petens,
1294 863 1329 891 ιιιι
1357 860 1443 891 rotis
1467 860 1669 892 solveretur.
1724 860 1892 892 Cccnc'sc'us
1917 870 1994 892 eum

225 916 262 947 in
290 915 382 946 riam
409 924 571 947 revocare
594 914 738 956 frustra
765 918 921 956 conatus,
947 913 1100 956 tandem,
1130 917 1164 945 nt
1188 913 1337 946 Romam
1365 913 1441 955 iret,
1468 913 1499 945 ei
1519 913 1711 955 persuasit.
1747 913 1859 955 Rogyat
1885 913 1997 955 iyitm·

226 967 365 1010 Socios,
403 972 438 1000 ut
465 978 539 1000 enm
569 971 599 999 et
626 967 737 1009 ipsius
763 970 792 999 et
821 967 977 999 Simonis
1008 966 1192 999 Thaddaei
1218 966 1342 1008 Eclcii,
1380 967 1454 998 eins
1480 966 1667 1009 aruncule',
1701 967 1842 1009 qratia,
1870 967 1997 1008 optime

225 1025 387 1053 tractent.

1099 1085 1125 1136 ,ξ-

612 1167 703 1209 Pax
736 1167 893 1210 Christi
927 1167 1149 1209 nobiscum
1183 1166 1436 1209 Reuerendo
1468 1166 1612 1208 Pater.

340 1251 473 1294 Venit
505 1251 645 1293 isthuc
677 1251 816 1293 frater
848 1254 998 1294 noster
1020 1251 1190 1293 Dauid¹
1225 1251 1441 1300 sacerdos,
1477 1250 1547 1304 qui
1581 1250 1824 1292 tentatione
1852 1249 1994 1291 victus

221 1316 459 1370 Collegium
502 1316 693 1360 deseruit
726 1317 994 1367 Viennense,
1039 1316 1192 1358 deinde
1227 1316 1280 1358 ad
1319 1316 1502 1366 amicos,
1546 1319 1793 1370 postremoa
1834 1315 1889 1358 ad
1926 1329 1995 1356 me

220 1383 444 1436 profectus
490 1387 569 1425 cst.
642 1385 817 1436 poterat
862 1382 982 1424 Vtilis
1027 1382 1256 1424 admodum
1299 1395 1394 1423 esse
1436 1381 1618 1431 nostris,
1663 1395 1789 1435 quem
1832 1395 1911 1434 ego
1952 1380 1996 1422 in

219 1450 442 1502 postrema
489 1447 741 1490 visitatione
795 1447 1106 1490 confessarium
1156 1447 1438 1502 principalem
1486 1447 1528 1488 in
1581 1447 1743 1501 templo
1791 1446 1993 1489 feceram.

223 1513 305 1556 Sed
339 1516 387 1556 ut
418 1513 545 1555 modo
569 1514 746 1563 fatetur,
781 1528 864 1555 non
899 1514 1008 1557 satis
1034 1514 1182 1555 firmus
1214 1513 1257 1554 in
1281 1513 1509 1554 vocatione
1542 1513 1636 1563 fuit,
1671 1515 1715 1554 et
1747 1511 1997 1566 desperauit

220 1593 266 1621 se
298 1593 425 1632 posse
459 1579 644 1632 assequi,
680 1582 889 1632 quantum
923 1593 1078 1633 scopus
1112 1578 1300 1621 instituti
1332 1577 1458 1619 huius
1491 1578 1641 1632 exigit.
1696 1577 1996 1632 Displicebant

222 1647 266 1687 et
309 1644 519 1697 quaedam
553 1645 596 1686 in
630 1645 676 1687 P.
711 1644 952 1695 Rectore2,
997 1645 1208 1686 molestae
1246 1646 1373 1686 erant
1415 1643 1722 1698 occupationes
1762 1643 1995 1685 nonnullae

221 1709 492 1764 spirituales,
543 1710 710 1752 latebat
763 1713 806 1753 et
854 1710 967 1752 male
1015 1709 1095 1751 sibi
1144 1709 1340 1751 conscius
1388 1708 1580 1750 animus:
1634 1708 1995 1762 quemadmodum

221 1775 375 1817 literae
420 1775 562 1817 illiush
608 1775 802 1817 indicant
846 1790 953 1829 quas
1001 1775 1110 1817 alias
1157 1774 1351 1816 misimus
1367 1776 1395 1816 3.
1468 1774 1563 1827 Ego
1607 1774 1792 1828 primum
1835 1773 1897 1815 illi
1942 1773 1994 1815 ob

223 1841 369 1882 oculos
410 1840 556 1895 posui,
600 1855 728 1894 quam
770 1840 1086 1883 inconsiderate
1129 1843 1173 1882 et
1214 1839 1455 1894 periculose
1487 1839 1686 1890 fecisset,
1731 1853 1757 1881 a
1797 1838 1995 1893 patribus

222 1906 517 1959 fratribusque
550 1906 641 1948 sine
673 1907 878 1959 grauiore
912 1920 1043 1949 causa
1077 1905 1334 1948 discedendo
1379 1940 1386 1947 .
1428 1907 1477 1947 ut
1508 1904 1605 1947 hinc
1643 1904 1895 1947 scandalum
1927 1906 1995 1946 at-

223 1971 398 2014 tuleritc
430 1971 622 2021 infirmis,
657 1975 701 2013 et
733 1972 854 2014 uelut
886 1972 1016 2026 piscis
1050 1974 1177 2014 extra
1209 1984 1366 2024 aquam
1395 1984 1489 2012 esse
1523 1970 1714 2024 coeperit
1745 1969 1788 2011 in
1820 1969 1994 2012 foueam

224 2037 362 2091 ipsam
375 2037 391 2056 ¹¹
422 2036 614 2079 incidens
648 2051 742 2078 cum
778 2037 943 2090 cogitat
977 2037 1028 2079 de
1061 2036 1153 2079 uita
1185 2036 1407 2077 liberiore⁰
1439 2035 1639 2078 ineunda.
1698 2035 1864 2077 Deinde
1896 2049 1992 2077 cum

224 2101 510 2155 explicassem
543 2101 603 2143 illi
638 2115 792 2143 causas
825 2102 1054 2151 discessus,
1090 2115 1197 2154 quas
1230 2100 1476 2151 adferebat,
1510 2115 1595 2142 non
1628 2100 1741 2144 tanti
1773 2114 1870 2143 esse
1901 2114 1993 2142 mo-

223 2167 379 2216 menti,
427 2167 622 2221 persuasi
666 2167 844 2209 tandem
889 2181 985 2208 cum
1029 2166 1070 2208 in
1114 2165 1228 2208 viam
1274 2166 1402 2220 plane
1446 2179 1653 2208 reuocare
1692 2180 1778 2208 non
1820 2179 1994 2220 possem

222 2235 463 2281 errantem,
507 2234 555 2274 vt
588 2232 782 2274 Romano
815 2231 1022 2274 tribunali
1054 2245 1101 2273 se
1133 2231 1330 2281 sisteret,
1374 2244 1469 2272 cum
1502 2230 1758 2284 Praeposito
1798 2230 1992 2284 generali

221 2299 410 2347 acturus,
444 2312 586 2339 meum
620 2312 705 2339 non
738 2312 833 2339 esse
865 2297 997 2339 talias
1026 2300 1224 2339 votorum
1249 2296 1421 2338 vincula
1453 2296 1635 2346 soluere,
1669 2298 1714 2338 et
1745 2295 1991 2338 libertatem

221 2362 325 2404 dare
358 2362 413 2404 ad
446 2363 715 2404 saecularem
747 2365 912 2405 statum
944 2361 1150 2404 redeundi
1167 2363 1197 2404 4.

340 2427 434 2469 Hoc
467 2427 690 2469 consilium
723 2427 912 2469 idcircog
943 2426 1086 2481 caepi,
1129 2430 1178 2469 vt
1210 2426 1264 2468 ab
1306 2425 1455 2467 amicis
1493 2427 1537 2468 et
1568 2425 1712 2479 patria
1744 2425 1992 2468 abstractus

222 2492 276 2534 ad
307 2492 495 2547 priorem
527 2492 716 2546 gratiam
750 2495 794 2535 et
827 2492 1099 2535 vocationem
1132 2491 1303 2533 facilius
1335 2490 1509 2540 redeat,
1542 2490 1784 2544 praesertim
1818 2490 1991 2533 adiutus

340 2619 354 2633 ²
380 2613 563 2658 postrenio
589 2625 645 2657 ap.
744 2613 759 2633 ¹³
786 2614 830 2647 In
856 2614 1047 2657 archetypo
1072 2615 1235 2657 sequitur
1261 2612 1463 2656 adiunctae,
1490 2613 1738 2646 oblitteratum.

344 2672 355 2687 ⁰
381 2666 542 2700 altulerit
567 2679 624 2710 ap.
715 2667 730 2687 ¹¹
756 2667 874 2712 ipsum
900 2678 957 2711 (Ψ.
1049 2673 1060 2687 0
1086 2666 1263 2700 biberiore
1289 2677 1346 2709 ap.
1435 2665 1446 2685 s
1472 2665 1563 2699 salia
1589 2677 1646 2709 ap.
1736 2671 1750 2690 g
1774 2664 1906 2699 idcicro
1932 2676 1989 2709 ap.

343 2779 353 2799 ¹
381 2778 537 2819 Eckius;
564 2778 647 2812 vide
673 2789 783 2823 supra
809 2789 842 2823 p.
872 2777 1068 2812 194—196.
1095 2778 1176 2812 201.
1276 2777 1290 2797 ²
1315 2776 1446 2811 Ioanne
1474 2777 1516 2811 de
1542 2775 1714 2811 Victoria.

344 2833 356 2852 3
382 2831 473 2865 Vide
500 2843 610 2877 supra
636 2843 669 2876 p.
700 2832 778 2865 194.
805 2831 886 2865 200.

342 2885 355 2904 4
382 2885 516 2919 Eckius
542 2884 722 2929 simplicia
746 2886 833 2918 vota
858 2883 1155 2918 scholasticorum
1181 2883 1214 2918 S.
1234 2883 1266 2918 J.
1292 2884 1585 2928 nuncupaverat;
1612 2882 1695 2916 vide
1720 2893 1830 2926 supra
1855 2893 1888 2926 p.
1910 2880 1987 2916 195.

227 2937 297 2979 „La
323 2937 512 2971 autoridad
539 2937 581 2972 de
608 2937 773 2982 despedir
799 2948 879 2971 sera
907 2964 913 2970 .
943 2964 949 2970 .
978 2964 984 2970 .
1012 2937 1069 2971 del
1095 2936 1282 2981 Prepesito
1310 2935 1464 2970 General
1490 2947 1533 2970 en
1558 2935 1641 2970 todo
1667 2934 1701 2969 Io
1727 2934 1851 2969 demas
1886 2934 1990 2968 fuera

223 2991 266 3025 de
292 2990 326 3025 lo
352 3002 421 3034 que
446 2993 527 3025 toea
554 2992 574 3024 a
599 3002 642 3025 su
668 3002 830 3035 persona.
880 2989 934 3024 De
959 2990 1013 3024 los
1039 2991 1135 3024 otros
1161 2989 1204 3024 de
1230 2989 1265 3023 la
1291 2988 1486 3034 Compafiia
1520 2990 1621 3022 tanto
1658 2987 1835 3033 participa
1872 2987 1915 3021 de
1952 2986 1989 3021 la

223 3044 404 3078 autoritad
441 3044 529 3078 cada
564 3055 652 3085 uno,
690 3046 819 3078 cuanto
855 3043 898 3077 de
932 3043 967 3077 la
1002 3043 1133 3077 cabeza
1161 3042 1196 3076 le
1231 3054 1270 3077 es
1305 3041 1537 3076 comunicado
1564 3069 1570 3075 .
1600 3068 1607 3075 .
1635 3067 1643 3075 .
1669 3040 1862 3075 Declarese
1889 3041 1910 3074 a
1933 3039 1988 3074 los

225 3097 447 3142 despedidos,
473 3107 542 3140 que
568 3096 709 3140 quedan
733 3096 845 3130 libres
871 3096 914 3129 de
940 3095 994 3130 los
1019 3098 1124 3130 votos
1149 3095 1340 3140 simples“:
1369 3096 1406 3129 S.
1425 3095 1599 3138 Iynatim,
1627 3093 1908 3128 Constitutiones
1927 3091 1988 3127 So-

225 3150 368 3184 cietatis
394 3150 477 3183 Iesu
503 3149 542 3184 P.
569 3150 610 3191 2,
637 3160 666 3183 c.
697 3150 734 3191 1,
761 3161 794 3182 n.
821 3149 862 3190 2;
893 3160 922 3183 c.
949 3149 982 3190 4,
1007 3160 1040 3182 n.
1069 3148 1090 3182 3
1118 3147 1284 3192 (Constit.
1311 3147 1446 3182 latinae
1472 3149 1508 3182 et
1532 3146 1741 3192 hispanicae
1766 3157 1800 3191 p.
1827 3146 1883 3181 71.
1911 3144 1986 3189 79).

2045 3152 2057 3186 ff

2026 3186 2058 3444 ᾗ
