2093 3444
262 190 341 224 688.
377 189 592 224 Franciscus
619 189 817 224 petrarcha
845 190 988 225 Canisio
1015 194 1050 225 et
1077 191 1168 226 aliis.
1207 191 1320 226 Roma
1350 193 1402 226 16.
1430 192 1516 226 Maii
1546 194 1645 227 1562.
1754 196 1835 235 441

68 308 263 351 maniera
295 307 330 349 si
362 306 505 361 potria
538 306 753 348 remediar
784 307 828 348 in
860 310 999 361 parte,
1034 311 1138 362 pero
1171 308 1200 349 il
1233 310 1350 350 tutto
1384 308 1419 350 si
1452 311 1637 351 remette
1671 310 1712 352 al
1745 310 1839 363 giu·

70 373 179 416 dicio
213 372 254 414 di
289 372 354 415 .V.
389 371 439 414 R.
473 371 515 412 la
549 372 676 424 quale
708 372 743 413 si
776 387 1051 427 presuponga
1085 373 1163 415 che
1198 387 1275 427 per
1307 374 1460 415 adesso
1495 388 1580 415 11011
1613 375 1649 416 51
1681 390 1764 429 11110
1799 376 1840 417 (11

69 439 208 481 Roma
241 438 318 479 dar
340 436 412 491 piu
446 451 659 487 soccorSO,
694 440 737 480 et
761 437 876 480 assai
909 438 944 479 si
966 438 1076 489 fara,
1112 453 1157 480 se
1181 439 1216 480 si
1239 441 1367 493 potra
1388 442 1540 481 trouar
1563 440 1730 492 qualch'
1756 455 1839 482 uno

69 505 147 547 che
180 517 309 558 possa
342 516 460 544 esser
492 502 653 544 Rector
684 502 727 543 in
760 503 938 557 Spruch.
1002 503 1070 545 Ne
1113 504 1289 546 doueria
1323 504 1388 546 .V.
1424 504 1473 546 R.
1508 503 1576 546 far
1617 507 1743 548 tanta
1774 506 1840 547 in-

69 569 246 618 stantia,
281 571 325 610 et
357 568 436 609 dar
466 569 594 610 tanta
626 568 826 610 molestia
859 582 944 621 qua
976 583 1055 610 6011
1089 569 1326 611 domandar
1358 569 1471 611 tanti
1503 570 1684 622 sugetti,
1723 574 1765 614 et
1799 571 1839 613 di

68 636 195 677 tanta
228 633 415 687 qualita,
450 633 641 686 sapendo
674 633 731 674 lei
762 633 806 675 la
837 634 1024 676 carestia
1066 635 1143 675 che
1177 648 1225 676 ce
1258 648 1333 685 116,
1370 637 1413 677 61
1445 635 1488 676 la
1520 638 1650 688 gente
1684 636 1761 677 6116
1794 651 1840 678 56

69 699 130 753 gli
163 701 185 741 6
217 699 426 740 mandata
459 701 739 751 quantunque
782 698 923 752 questi
955 699 1079 752 padri
1112 699 1355 741 desiderino
1397 699 1440 741 di
1473 700 1542 742 far
1574 700 1602 741 il
1636 701 1840 755 possibile

69 779 146 819 per
178 764 295 807 aiuto
329 763 367 805 d’
391 762 673 816 Alemagnia‚
713 777 784 805 ma
816 763 852 804 si
885 764 992 805 uede
1026 764 1103 806 che
1136 765 1267 818 quelli
1300 765 1378 807 6116
1410 765 1446 807 51
1478 766 1693 808 mandano
1727 769 1752 809 a
1785 767 1840 809 lei

67 844 175 884 poco
208 828 442 871 sodisfano.

188 895 326 948 Sopra
366 894 410 936 la
451 894 628 935 catedra
661 894 699 935 d’
724 894 925 947 Augusta
968 897 1012 936 et
1044 895 1288 949 prouisione
1331 896 1409 938 che
1450 896 1511 949 gli
1553 897 1664 938 dano
1702 911 1779 951 per
1810 897 1839 939 il

68 959 279 1015 predicar,
313 974 399 1013 qua
431 959 465 1001 si
500 958 776 1001 considerara
808 962 852 1002 et
885 959 910 1000 l’
936 960 1047 1002 altro
1080 961 1261 1003 sabbato
1295 960 1329 1002 si
1363 964 1491 1015 potra
1528 961 1606 1004 dar
1637 962 1838 1016 risposta‚

69 1025 154 1068 Fra
187 1028 339 1078 questo
371 1038 515 1067 mezzo
551 1025 615 1067 .V.
651 1024 700 1068 R.
735 1025 916 1067 attenda
949 1026 1002 1066 ad
1036 1025 1179 1068 aiutar
1210 1026 1239 1067 il
1272 1026 1454 1080 collegio
1488 1026 1530 1068 di
1563 1027 1742 1082 Spruch.
1786 1028 1839 1070 Di

69 1091 208 1133 Roma
240 1105 265 1132 a
297 1090 326 1132 li
361 1092 444 1132 .16.
479 1089 520 1131 di
553 1089 729 1142 Maggio
765 1092 892 1132 ,1562
929 1125 936 1132 .

69 1242 331 1277 1116οΠ1111οᾰ11111
356 1243 489 1288 partim
516 1243 648 1288 poterit
674 1243 807 1283 levari;
843 1243 962 1277 omnia
988 1245 1109 1278 tamen
1137 1244 1177 1279 R.
1197 1245 1239 1278 V.
1266 1245 1395 1278 iudicio
1422 1245 1690 1290 permittuntur.
1743 1246 1839 1287 Quae

68 1295 135 1330 hoc
161 1296 229 1331 sibi
255 1296 490 1341 persuadeat,
528 1297 563 1330 in
589 1308 760 1341 praesens
787 1297 868 1341 plus
901 1297 1051 1331 subsidii
1079 1298 1191 1331 Roma
1222 1298 1317 1332 mitti
1344 1310 1413 1332 non
1439 1310 1563 1344 posse:
1600 1299 1660 1333 ubi
1686 1299 1837 1333 multum

69 1349 331 1394 praestabitur,
366 1349 415 1391 si,
451 1349 512 1394 qui
539 1349 738 1394 Oeniponte
764 1352 882 1384 rector
917 1344 996 1384 esse
1022 1351 1155 1395 possit,
1193 1351 1405 1386 invenietur.
1456 1352 1581 1396 Neque
1608 1352 1649 1387 R.
1668 1352 1711 1387 V.
1739 1353 1840 1387 nohis

68 1402 156 1437 adeo
191 1403 326 1437 instare
352 1405 563 1447 tantamque
598 1403 801 1437 molestiam
838 1404 965 1437 afferre
993 1404 1163 1445 debebat,
1200 1407 1253 1439 tot
1278 1405 1443 1449 talesque
1468 1405 1630 1440 homines
1665 1406 1838 1451 petendo:

67 1456 170 1490 novit
196 1457 290 1490 enim
326 1456 423 1502 ipsa,
459 1468 566 1501 quam
593 1468 726 1502 paucos
753 1457 927 1491 habentes
946 1469 1069 1501 >quam
1095 1458 1229 1492 multos
1261 1459 1327 1503 ipsi
1363 1459 1585 1500 miserimus:
1621 1471 1839 1504 quamquam

68 1509 106 1543 hi
145 1513 267 1555 patres
307 1510 521 1545 Germaniae
559 1510 737 1544 iuvandae
777 1511 894 1554 gratia
935 1514 1107 1554 quantum
1147 1514 1315 1556 poterunt
1352 1514 1537 1557 praestare
1576 1514 1742 1558 cupiunt:
1781 1525 1840 1548 605

67 1565 200 1605 tamen,
228 1563 289 1608 qui
313 1564 518 1604 mittuntur,
545 1564 585 1599 R.
606 1564 648 1598 V.
676 1564 771 1598 haud
798 1564 950 1598 multum
978 1565 1121 1609 probari
1147 1566 1406 1609 cognoscimus.
1457 1566 1509 1600 De
1535 1578 1638 1601 sacro
1664 1571 1840 1611 suggestu

12 1650 13 1653 ,
68 1619 272 1661 augustano
299 1620 334 1652 et
360 1618 402 1652 de
430 1619 547 1659 victu,
573 1629 679 1662 quem
708 1618 748 1652 R.
768 1618 811 1652 V.
840 1630 902 1663 pro
929 1619 1154 1653 contionibus
1180 1620 1370 1663 praebent,
1399 1619 1675 1654 deliberabimus
1702 1624 1737 1654 61
1763 1633 1839 1665 pro-

69 1671 165 1705 ximo
192 1671 342 1705 sabbato
377 1671 594 1716 respondere
620 1672 829 1716 poterimus.
880 1672 1021 1706 Interea
1048 1671 1090 1705 R.
1109 1671 1152 1706 V.
1180 1672 1330 1716 collegio
1366 1674 1602 1718 oenipontano
1638 1674 1839 1708 adiuvando

67 1724 260 1768 diligenter
286 1727 396 1759 navet
422 1737 578 1770 operam.
629 1725 741 1759 Roma
772 1726 824 1759 16.
853 1725 938 1758 Maii
968 1726 1068 1759 1562.

888 1850 1018 1891 (388.

341 1942 405 1984 Ρ.
437 1941 890 1984 FRANGISGUS
923 1940 1379 1983 PETRARGHA
1412 1941 1468 1984 S.
1501 1941 1559 1984 J.

235 2037 406 2080 nomine
440 2037 589 2080 Sancti
621 2036 841 2079 Francisci
874 2037 1075 2090 Borgiae,
1110 2036 1259 2079 vicarii
1295 2036 1527 2079 Societatis
1559 2037 1670 2089 Iesu,

248 2132 505 2180 CANISIO
544 2133 622 2179 ET
663 2132 831 2179 ALIIS
873 2131 1251 2187 QUIBUSDAM
1290 2131 1656 2180 SOCIETATIS

712 2208 1194 2257 SUPERIORIBUS.

745 2318 856 2354 Roma
882 2317 929 2353 16.
956 2316 1041 2352 Maii
1066 2316 1163 2353 1562.

187 2401 243 2435 Ex
269 2401 344 2435 cod.
376 2401 567 2443 „Defuncti
597 2401 850 2435 1557—1601“
881 2400 904 2434 f.
932 2412 1001 2434 non
1028 2399 1119 2443 sign.

187 2478 411 2512 Precationes
431 2489 502 2521 pro
529 2478 715 2511 cardinale
746 2478 931 2510 Τιινηοηίο
957 2478 1028 2510 ‘vita
1052 2477 1175 2519 functo
1200 2477 1396 2519 faciendae.

187 2567 241 2622 In
273 2569 446 2623 antiquo
480 2568 548 2609 illo
584 2567 769 2609 indiculo
802 2581 988 2616 νωηαηο,
1025 2567 1074 2608 de
1107 2581 1184 2622 quo
1217 2581 1348 2622 supra
1381 2581 1422 2622 p.
1457 2569 1543 2609 1511
1577 2568 1731 2609 dictum
1768 2575 1835 2619 est,

68 2632 169 2674 haec
201 2638 298 2675 sunt
331 2634 375 2675 in
408 2648 446 2674 α.
484 2635 621 2675 1562:
662 2634 728 2685 „A
762 2634 829 2674 16.
865 2633 911 2673 (Ζί
943 2633 1112 2687 Μαῃζχίο
1145 2634 1182 2673 εἰ
1214 2632 1372 2673 mando
1403 2634 1445 2674 la
1473 2634 1614 2687 polim
1648 2647 1774 2687 sopra
1810 2635 1839 2675 il

69 2699 403 2740 raccomandare
445 2699 471 2739 ὰ
512 2699 596 2740 Dio
641 2699 669 2739 eil
712 2698 922 2739 Cardinal
963 2698 1010 2738 cla·
1058 2696 1253 2750 Tm‘non,
1302 2697 1514 2749 Tosccma,
1557 2698 1835 2749 Lombardiu,

67 2762 226 2818 Napoca·
261 2768 296 2804 et
326 2764 489 2818 Sicilia,
524 2763 762 2817 δανάειᾳηα,
796 2763 1031 2816 Alemctfflza
1064 2767 1101 2803 et
1131 2762 1317 2804 Rheno.“

188 2855 404 2890 Franciscus
430 2855 623 2890 cardinalis
650 2854 872 2894 Turnonius,
900 2853 1194 2898 archiepiscopus
1218 2853 1475 2897 lugdunensis,
1502 2855 1563 2898 qui
1589 2866 1620 2889 a.
1651 2856 1739 2889 1561
1767 2857 1837 2890 col-

68 2907 204 2952 legium
229 2920 334 2943 suum
359 2910 578 2943 turnonense
605 2907 776 2942 Societati
803 2907 1016 2948 donaverat,
1044 2907 1100 2942 22.
1126 2907 1262 2952 Aprilis
1290 2907 1399 2948 1562,
1426 2907 1539 2942 totius
1564 2908 1662 2942 vitae
1688 2912 1839 2953 peccata

69 2961 108 2995 P.
136 2961 259 2996 Ioanni
295 2963 338 2996 de
372 2962 528 2996 Polanco
565 2961 598 2995 S.
626 2961 658 2995 J.
695 2960 882 2994 confessus
919 2960 963 2994 ab
999 2971 1110 3004 eoque
1138 2972 1304 3005 supremo
1342 2963 1503 3005 tempore
1541 2961 1705 3003 adiutus,
1744 2962 1836 2997 diem

69 3026 275 3060 supremum
314 3015 452 3050 obierat
489 3015 548 3058 (A.
580 3015 769 3048 ciccconius
804 3013 845 3048 O.
872 3013 930 3047 Pr.
971 3015 1006 3047 61
1044 3015 1088 3048 A.
1120 3015 1292 3047 oldoinus
1327 3012 1361 3048 S.
1389 3014 1440 3052 J..
1476 3013 1583 3048 Vitae
1621 3014 1836 3050 Pontificum

69 3067 311 3103 Romanorum
337 3071 373 3103 et
399 3068 432 3103 S.
460 3067 501 3102 R.
529 3067 567 3102 E.
597 3066 840 3101 Cardinalium
867 3067 919 3100 III
945 3066 1092 3111 [Romae
1122 3067 1246 3110 1677]‚
1274 3067 1353 3101 514.
1382 3067 1469 3106 515;
1498 3069 1714 3112 Sace-himas,
1743 3069 1836 3104 Hist.

70 3120 105 3155 S.
133 3122 166 3157 J.
193 3122 246 3163 Π,
281 3121 304 3156 1.
331 3122 372 3163 6,
407 3133 441 3156 n.
469 3121 524 3155 38.
552 3120 625 3164 39).
677 3119 860 3161 Quaenam
894 3120 1087 3154 missarum
1122 3119 1298 3154 sacrificia
1334 3124 1369 3154 et
1403 3132 1528 3166 preces
1564 3133 1609 3155 ex
1644 3121 1678 3156 S.
1705 3122 1836 3166 Ignatii

68 3175 292 3220 praescripto
317 3187 381 3220 pro
414 3174 645 3217 collegiorum
681 3173 931 3207 fundatoribus
957 3185 1021 3218 per
1045 3175 1157 3207 totam
1186 3172 1401 3208 Societatem
1428 3174 1591 3208 facienda
1627 3175 1718 3216 sint,
1754 3176 1836 3210 vide
