2093 3444
244 226 393 254 XLVIII

318 330 406 367 1562

306 526 417 570 1562

317 749 406 785 1562

316 938 416 977 1562

304 1088 415 1130 1562

304 1218 415 1260 1562

315 1440 404 1475 1562

303 1578 414 1621 1562

302 1775 414 1816 1562

302 1905 413 1946 1562

313 1996 402 2030 1562

303 2134 413 2174 1562

302 2329 413 2370 1562

314 2550 403 2584 1562

314 2656 403 2691 1562

301 2794 414 2836 1562

314 2880 403 2914 1562

313 3039 403 3073 1562

314 3144 403 3179 1562

696 212 756 245 Ill.
793 210 952 247 Tabulae
979 212 1253 257 chronologicae
1280 214 1378 248 vitae
1405 214 1550 249 Canisii.

883 324 885 334 r

608 330 693 373 Apr.
723 329 776 363 19.

588 518 691 571 Apr.
728 519 796 559 25.

610 740 694 784 Apr,
723 740 778 773 26.

641 929 746 967 Maio

605 1077 709 1120 Maii
746 1079 781 1120 1.

604 1208 706 1250 Maii
742 1210 780 1250 2.

624 1431 710 1465 Maii
736 1432 768 1465 4.

604 1567 705 1610 Maii
740 1570 779 1610 4.

603 1764 705 1806 Maii
742 1765 780 1807 8.

539 1894 642 1936 Maii
679 1895 744 1937 14.
779 1894 836 1947 (a)

517 1988 583 2021 sub
613 1988 665 2022 14.
693 1988 779 2021 Maii
810 1988 859 2031 (52)

518 2140 542 2167 a
575 2127 638 2167 14.
670 2125 772 2166 Maii
807 2125 881 2166 ad*

592 2193 661 2233 20.
695 2190 787 2233 Iun.

539 2320 843 2364 17.—25.Maii

609 2543 693 2576 Maii
722 2543 777 2577 24.

608 2649 693 2683 Maii
721 2650 775 2683 30.

605 2786 696 2829 Iun.
731 2788 770 2828 4.

609 2873 685 2907 Iun.
716 2873 767 2907 10.

609 3039 683 3073 Iun.
712 3038 766 3072 11.

606 3145 682 3179 Iun.
712 3144 766 3178 12.

902 329 1003 363 Dom.
1023 330 1084 363 ΠΙ.
1105 342 1137 374 p.
1157 330 1297 365 Pascha
1324 331 1359 365 in
1380 331 1513 376 templo
1533 332 1731 367 cathedrali
1754 333 1796 366 de
1823 332 2012 376 evangelio

962 382 1031 416 diei
1068 384 1153 418 dicit
1183 386 1218 418 et
1244 386 1348 425 vota,
1384 385 1539 419 maxime
1565 385 1751 430 religiosa.
1788 387 2012 421 commendat

965 436 1080 479 (621).

902 519 1080 561 Litteris
1113 520 1169 561 ad
1190 520 1237 562 Ρ.
1264 520 1557 562 Salmeronem
1590 522 1797 564 vicarium
1832 536 2011 575 genera-

963 584 1046 625 lem
1071 584 1111 626 S.
1135 585 1176 627 J.
1201 585 1314 627 datis
1347 586 1469 640 petit.
1504 590 1551 629 ut
1573 601 1651 641 pro
1685 602 1731 629 se
1755 588 1799 631 P.
1824 587 2011 630 Lanoins

962 650 1238 704 praepositus
1270 651 1549 705 provincialis
1581 652 1826 695 nominetur
1857 652 1994 706 (417).

904 742 1003 777 Dom.
1024 742 1074 776 IV
1092 755 1125 788 p.
1144 743 1284 777 Pascha
1312 744 1345 777 in
1373 744 1459 778 aede
1485 744 1642 778 maxima
1668 756 1791 779 sacras
1808 745 2012 790 peregrina·
2060 735 2061 738 Ἴ

962 796 1078 830 tiones
1104 797 1264 831 defendit
1290 797 1587 841 commendatque
1613 798 1709 832 etde
1736 798 1924 842 evangelio
1943 798 2011 832 diei

963 849 1049 884 dicit
1079 851 1174 885 1619.
1202 850 1299 893 643).

904 934 1174 983 Gnellileerbssti
1207 936 1242 970 ln
1277 935 1415 970 ducatu
1446 934 1703 972 ln-unsscicensi
1734 936 1877 984 „Parvi
1917 940 2011 972 cate-

962 994 1097 1030 chismi
1126 990 1429 1031 Catholico›·am“'
1459 995 1572 1031 editio
1595 999 1766 1043 paratur
1795 994 1917 1041 (787).

903 1081 1098 1123 Canisius
1159 1080 1439 1136 Oenipouiem
1501 1096 1597 1123 cum
1657 1081 1773 1124 socio
1833 1082 2010 1125 advenit

962 1146 1098 1200 (421).

902 1212 966 1254 De
1014 1212 1184 1264 collegii
1232 1212 1356 1256 sede.
1412 1212 1571 1254 scholis
1622 1212 1875 1254 incohandis
1927 1215 2008 1255 etc.

961 1292 1055 1319 cum
1080 1276 1341 1318 Ferdinandi
1362 1277 1392 1320 Ι.
1416 1277 1604 1319 caesaris
1634 1277 1887 1331 „regimine“
1918 1278 2010 1331 agit

962 1343 1098 1397 (421).

900 1435 1109 1469 Tridentum
1145 1434 1189 1468 ad
1216 1434 1365 1469 Hosiuin
1401 1434 1610 1469 relationem
1637 1435 1679 1469 de
1710 1435 1906 1476 „Saxonico
1932 1447 2008 1481 pro-

961 1489 1076 1533 digio‘
1107 1491 1143 1522 et
1167 1488 1329 1522 libellum
1356 1488 1584 1522 lutheranum
1612 1489 1723 1522 mittit
1752 1489 1864 1532 (427).

902 1572 1061 1614 Iterum
1097 1586 1122 1614 a
1153 1571 1385 1614 Societatis
1418 1571 1630 1626 supremis
1662 1572 2008 1615 moderatoribus

934 1637 1091 1692 'petit‚
1126 1641 1174 1679 ut
1206 1637 1444 1691 praepositi
1476 1637 1754 1691 provincialis
1787 1637 1927 1680 officio
1960 1637 2006 1679 li-

960 1703 1136 1744 beretur
1168 1702 1306 1755 (429).

899 1768 966 1809 Ab
1009 1767 1143 1809 Hosio
1188 1767 1403 1822 pontificis
1448 1767 1712 1810 auctoritate
1753 1768 2006 1810 Tridentum

959 1833 1014 1875 ad
1047 1833 1272 1875 concilium
1307 1836 1516 1875 evocatur
1548 1832 1686 1886 (433).

901 1897 1156 1940 Tridentum
1188 1897 1366 1940 advenit
1399 1897 1536 1951 (442).

901 1990 1101 2026 Cardinalis
1128 1990 1279 2032 Hosius,
1316 1990 1376 2024 ubi
1413 1990 1577 2024 Canisius
1613 1992 1814 2035 comparet,
1851 2002 1868 2024 e
1903 1991 2006 2034 gravi

960 2044 1081 2078 morbo
1108 2043 1330 2078 convalescit
1360 2044 1473 2080 (442).

901 2130 1091 2172 Antonio
1133 2130 1245 2171 Brus
1287 2128 1611 2183 archiepiscopo
1652 2127 1857 2182 pragensi
1901 2142 2007 2170 non-

959 2209 1206 2248 numquam,
1241 2194 1450 2236 cardinali
1472 2193 1606 2235 Hosio
1633 2193 1886 2248 saepissime
1908 2207 2006 2248 ope-

959 2274 1052 2302 ram
1086 2262 1220 2302 navat
1252 2258 1389 2312 (449).

900 2325 968 2366 Ad
986 2324 1286 2380 episcoporum
1303 2324 1690 2377 theologorumque
1708 2327 1891 2373 coetum,
1915 2324 2006 2374 „In-

959 2390 1065 2432 dici“
1104 2390 1227 2431 Pauli
1260 2389 1333 2432 IV.
1367 2388 1643 2431 reformando
1686 2402 1859 2443 operam
1895 2385 2005 2431 *dan-

957 2457 1060 2505 tem‚
1094 2454 1324 2497 adhibetur
1355 2454 1492 2507 (449).

899 2547 1064 2582 Canisius
1099 2549 1135 2581 et
1162 2547 1385 2581 Cuvillonius
1419 2558 1499 2580 cum
1526 2546 1633 2580 Petro
1661 2546 1855 2587 Guerrero,
1892 2546 2005 2581 archi-

957 2601 1123 2646 episcopo
1149 2600 1368 2644 granatensi,
1396 2600 1571 2644 prandent
1599 2599 1713 2643 (450).

899 2653 1099 2688 cardinalis
1126 2655 1372 2696 Augustanus,
1398 2654 1439 2686 ut
1458 2652 1624 2687 Canisius
1650 2653 1914 2697 quamprimum
1933 2652 2005 2686 Au-

958 2709 1102 2751 gustam
1129 2706 1344 2747 remittatur,
1371 2706 1463 2751 petit
1491 2705 1605 2748 (735).

874 2790 1094 2843 ,Canisius
1127 2789 1295 2832 concilii
1326 2789 1508 2831 sessioni
1530 2789 1622 2831 XX.
1655 2788 1838 2830 interest
1864 2787 1999 2842 (456).

878 2874 879 2892 ³
899 2877 1178 2920 congregationi
1202 2875 1450 2919 theologorum
1481 2874 1694 2917 „minormffl
1726 2874 1769 2908 de
1789 2885 1858 2909 usu
1875 2874 2002 2909 eucha-

956 2930 1079 2964 ristiae
1106 2929 1365 2974 [communione
1397 2928 1481 2970 „sub
1508 2927 1679 2971 utmque‘
1707 2926 1790 2972 etc.]
1809 2927 2002 2962 dicentium

955 2984 1107 3017 interest
1134 2982 1230 3026 (463.
1257 2982 1355 3025 742).

897 3036 1003 3070 Mane
1029 3038 1065 3070 et
1089 3038 1171 3081 post
1198 3035 1386 3082 prandium
1407 3033 1638 3078 congregatio
1659 3032 1850 3066 eorundem
1868 3033 2001 3067 theolo-

957 3101 1082 3133 gorum
1111 3092 1119 3129 (
1129 3088 1225 3131 742).

876 3130 1003 3176 :Mane
1049 3143 1085 3176 et
1127 3144 1210 3187 post
1250 3140 1438 3186 prandium
1480 3137 1712 3181 congregatio
1752 3137 2001 3182 theologorum

959 3194 1075 3238 (742).
