<?xml version="1.0" encoding="UTF-8"?>
<!DOCTYPE html PUBLIC "-//W3C//DTD XHTML 1.0 Transitional//EN"
    "http://www.w3.org/TR/xhtml1/DTD/xhtml1-transitional.dtd">
<html xmlns="http://www.w3.org/1999/xhtml" xml:lang="en" lang="en">
 <head>
  <title>
</title>
<meta http-equiv="Content-Type" content="text/html;charset=utf-8" />
  <meta name='ocr-system' content='tesseract 3.04.00' />
  <meta name='ocr-capabilities' content='ocr_page ocr_carea ocr_par ocr_line ocrx_word'/>
</head>
<body>
  <div class='ocr_page' id='page_1' title='image "beatipetricanisi03cani_0893.png"; bbox 0 0 2093 3444; ppageno 0'>
   <div class='ocr_carea' id='block_1_1' title="bbox 427 174 1843 220">
    <p class='ocr_par' dir='ltr' id='par_1_1' title="bbox 427 174 1843 220">
     <span class='ocr_line' id='line_1_1' title="bbox 427 174 1843 220; baseline 0.001 -12"><span class='ocrx_word' id='word_1_1' title='bbox 427 175 585 210; x_wconf 77' lang='lat' dir='ltr'><em>Monum.</em></span> <span class='ocrx_word' id='word_1_2' title='bbox 615 174 748 220; x_wconf 87' lang='lat' dir='ltr'><em>(varia)</em></span> <span class='ocrx_word' id='word_1_3' title='bbox 775 175 857 211; x_wconf 84' lang='lat'>420.</span> <span class='ocrx_word' id='word_1_4' title='bbox 885 175 958 219; x_wconf 88' lang='grc'>(14.</span> <span class='ocrx_word' id='word_1_5' title='bbox 985 178 1021 210; x_wconf 90' lang='lat' dir='ltr'><em>et</em></span> <span class='ocrx_word' id='word_1_6' title='bbox 1046 175 1102 210; x_wconf 83' lang='lat'>28.</span> <span class='ocrx_word' id='word_1_7' title='bbox 1129 175 1343 210; x_wconf 84' lang='lat' dir='ltr'><em>Novembris</em></span> <span class='ocrx_word' id='word_1_8' title='bbox 1373 175 1489 218; x_wconf 82' lang='lat'>1562.)</span> <span class='ocrx_word' id='word_1_9' title='bbox 1761 177 1843 218; x_wconf 76' lang='grc'>817</span> 
     </span>
    </p>
   </div>
   <div class='ocr_carea' id='block_1_2' title="bbox 71 292 1845 802">
    <p class='ocr_par' dir='ltr' id='par_1_2' title="bbox 71 292 1845 802">
     <span class='ocr_line' id='line_1_2' title="bbox 194 292 1845 348; baseline 0 -15"><span class='ocrx_word' id='word_1_10' title='bbox 194 292 371 333; x_wconf 82' lang='lat' dir='ltr'><em>Iacobus</em></span> <span class='ocrx_word' id='word_1_11' title='bbox 412 293 618 347; x_wconf 69' lang='lat' dir='ltr'><em>Licinius,</em></span> <span class='ocrx_word' id='word_1_12' title='bbox 662 294 880 335; x_wconf 79' lang='lat' dir='ltr'><em>Societatis</em></span> <span class='ocrx_word' id='word_1_13' title='bbox 917 295 1187 348; x_wconf 80' lang='lat' dir='ltr'><em>praepositus</em></span> <span class='ocrx_word' id='word_1_14' title='bbox 1224 294 1456 347; x_wconf 63' lang='lat' dir='ltr'><em>yeizeralis,</em></span> <span class='ocrx_word' id='word_1_15' title='bbox 1498 293 1547 335; x_wconf 89' lang='lat' dir='ltr'><em>P.</em></span> <span class='ocrx_word' id='word_1_16' title='bbox 1587 293 1845 348; x_wconf 69' lang='lat' dir='ltr'><em>Hieronymo</em></span> 
     </span>
     <span class='ocr_line' id='line_1_3' title="bbox 73 356 1845 409; baseline 0.001 -11"><span class='ocrx_word' id='word_1_17' title='bbox 73 356 245 409; x_wconf 80' lang='lat' dir='ltr'><em>Natali,</em></span> <span class='ocrx_word' id='word_1_18' title='bbox 280 357 497 399; x_wconf 84' lang='lat' dir='ltr'><em>Societatis</em></span> <span class='ocrx_word' id='word_1_19' title='bbox 530 359 759 409; x_wconf 77' lang='lat' dir='ltr'><em>cisitatori,</em></span> <span class='ocrx_word' id='word_1_20' title='bbox 794 359 853 400; x_wconf 71' lang='lat' dir='ltr'><em>acl</em></span> <span class='ocrx_word' id='word_1_21' title='bbox 884 359 1044 400; x_wconf 74' lang='lat' dir='ltr'><em>litteras</em></span> <span class='ocrx_word' id='word_1_22' title='bbox 1077 360 1115 400; x_wconf 81' lang='lat'>6.</span> <span class='ocrx_word' id='word_1_23' title='bbox 1152 363 1186 399; x_wconf 80' lang='lat' dir='ltr'><em>et</em></span> <span class='ocrx_word' id='word_1_24' title='bbox 1222 360 1258 400; x_wconf 86' lang='lat'>7.</span> <span class='ocrx_word' id='word_1_25' title='bbox 1291 358 1539 399; x_wconf 78' lang='lat' dir='ltr'><em>Novembris</em></span> <span class='ocrx_word' id='word_1_26' title='bbox 1571 360 1686 400; x_wconf 78' lang='grc'>1562</span> <span class='ocrx_word' id='word_1_27' title='bbox 1721 358 1845 399; x_wconf 79' lang='lat' dir='ltr'><em>datas</em></span> 
     </span>
     <span class='ocr_line' id='line_1_4' title="bbox 79 421 1845 478; baseline 0.001 -15"><span class='ocrx_word' id='word_1_28' title='bbox 79 421 280 463; x_wconf 71' lang='lat' dir='ltr'><em>Tridento</em></span> <span class='ocrx_word' id='word_1_29' title='bbox 298 423 367 464; x_wconf 64' lang='lat'><em>14.</em></span> <span class='ocrx_word' id='word_1_30' title='bbox 387 422 633 464; x_wconf 66' lang='lat' dir='ltr'><em>Novembris</em></span> <span class='ocrx_word' id='word_1_31' title='bbox 651 425 766 464; x_wconf 78' lang='grc'>1562</span> <span class='ocrx_word' id='word_1_32' title='bbox 788 424 901 473; x_wconf 78' lang='lat' dir='ltr'><em>haec,</em></span> <span class='ocrx_word' id='word_1_33' title='bbox 924 428 1093 478; x_wconf 80' lang='lat' dir='ltr'><em>praeter</em></span> <span class='ocrx_word' id='word_1_34' title='bbox 1115 424 1216 477; x_wconf 79' lang='lat' dir='ltr'><em>alia,</em></span> <span class='ocrx_word' id='word_1_35' title='bbox 1239 424 1480 478; x_wconf 69' lang='lat' dir='ltr'><em>rescripsit:</em></span> <span class='ocrx_word' id='word_1_36' title='bbox 1501 423 1611 465; x_wconf 91' lang='lat' dir='ltr'><em>Dela</em></span> <span class='ocrx_word' id='word_1_37' title='bbox 1633 422 1845 477; x_wconf 87' lang='lat' dir='ltr'><em>particion</em></span> 
     </span>
     <span class='ocr_line' id='line_1_5' title="bbox 74 486 1845 542; baseline 0.002 -15"><span class='ocrx_word' id='word_1_38' title='bbox 74 486 171 528; x_wconf 85' lang='lat' dir='ltr'><em>dela</em></span> <span class='ocrx_word' id='word_1_39' title='bbox 201 486 426 541; x_wconf 80' lang='lat' dir='ltr'><em>prouincia</em></span> <span class='ocrx_word' id='word_1_40' title='bbox 459 487 511 529; x_wconf 89' lang='lat' dir='ltr'><em>de</em></span> <span class='ocrx_word' id='word_1_41' title='bbox 534 488 790 542; x_wconf 82' lang='lat' dir='ltr'><em>Alemagna,</em></span> <span class='ocrx_word' id='word_1_42' title='bbox 825 488 996 541; x_wconf 90' lang='lat' dir='ltr'><em>quando</em></span> <span class='ocrx_word' id='word_1_43' title='bbox 1029 490 1096 530; x_wconf 89' lang='lat' dir='ltr'><em>ste</em></span> <span class='ocrx_word' id='word_1_44' title='bbox 1118 488 1172 530; x_wconf 90' lang='lat' dir='ltr'><em>V.</em></span> <span class='ocrx_word' id='word_1_45' title='bbox 1196 487 1464 529; x_wconf 85' lang='lat' dir='ltr'><em>Reuerenoia</em></span> <span class='ocrx_word' id='word_1_46' title='bbox 1486 502 1580 529; x_wconf 87' lang='lat' dir='ltr'><em>mas</em></span> <span class='ocrx_word' id='word_1_47' title='bbox 1601 487 1845 530; x_wconf 89' lang='lat' dir='ltr'><em>informado</em></span> 
     </span>
     <span class='ocr_line' id='line_1_6' title="bbox 73 551 1844 607; baseline 0.002 -15"><span class='ocrx_word' id='word_1_48' title='bbox 73 551 195 593; x_wconf 84' lang='lat' dir='ltr'><em>delas</em></span> <span class='ocrx_word' id='word_1_49' title='bbox 218 565 343 593; x_wconf 79' lang='lat' dir='ltr'><em>cosas</em></span> <span class='ocrx_word' id='word_1_50' title='bbox 365 566 394 605; x_wconf 85' lang='lat' dir='ltr'><strong>y</strong></span> <span class='ocrx_word' id='word_1_51' title='bbox 415 566 626 606; x_wconf 82' lang='lat' dir='ltr'><em>personas</em></span> <span class='ocrx_word' id='word_1_52' title='bbox 650 552 776 603; x_wconf 87' lang='lat' dir='ltr'><em>della,</em></span> <span class='ocrx_word' id='word_1_53' title='bbox 810 567 856 595; x_wconf 90' lang='lat' dir='ltr'><em>se</em></span> <span class='ocrx_word' id='word_1_54' title='bbox 878 552 1015 607; x_wconf 88' lang='lat' dir='ltr'><em>podra</em></span> <span class='ocrx_word' id='word_1_55' title='bbox 1040 566 1134 594; x_wconf 89' lang='lat' dir='ltr'><em>mas</em></span> <span class='ocrx_word' id='word_1_56' title='bbox 1157 554 1548 607; x_wconf 89' lang='lat' dir='ltr'><em>opportunamente</em></span> <span class='ocrx_word' id='word_1_57' title='bbox 1570 554 1754 600; x_wconf 86' lang='lat' dir='ltr'><em>trattar;</em></span> <span class='ocrx_word' id='word_1_58' title='bbox 1789 568 1844 595; x_wconf 93' lang='lat' dir='ltr'><em>un</em></span> 
     </span>
     <span class='ocr_line' id='line_1_7' title="bbox 71 616 1845 671; baseline 0.001 -13"><span class='ocrx_word' id='word_1_59' title='bbox 71 616 234 671; x_wconf 87' lang='lat' dir='ltr'><em>tiempo</em></span> <span class='ocrx_word' id='word_1_60' title='bbox 256 630 312 670; x_wconf 90' lang='lat' dir='ltr'><em>yo</em></span> <span class='ocrx_word' id='word_1_61' title='bbox 334 630 404 659; x_wconf 88' lang='lat' dir='ltr'><em>me</em></span> <span class='ocrx_word' id='word_1_62' title='bbox 425 617 655 668; x_wconf 84' lang='lat' dir='ltr'><em>inclinaua‚</em></span> <span class='ocrx_word' id='word_1_63' title='bbox 681 620 707 659; x_wconf 79' lang='lat' dir='ltr'><em>a</em></span> <span class='ocrx_word' id='word_1_64' title='bbox 730 631 811 671; x_wconf 90' lang='lat' dir='ltr'><em>que</em></span> <span class='ocrx_word' id='word_1_65' title='bbox 835 618 872 660; x_wconf 91' lang='lat' dir='ltr'><em>e]</em></span> <span class='ocrx_word' id='word_1_66' title='bbox 896 618 1037 660; x_wconf 90' lang='lat' dir='ltr'><em>Padre</em></span> <span class='ocrx_word' id='word_1_67' title='bbox 1059 617 1229 660; x_wconf 86' lang='lat' dir='ltr'><em>Canisio</em></span> <span class='ocrx_word' id='word_1_68' title='bbox 1252 618 1465 671; x_wconf 88' lang='lat' dir='ltr'><em>quedasse</em></span> <span class='ocrx_word' id='word_1_69' title='bbox 1488 632 1568 660; x_wconf 82' lang='lat' dir='ltr'><em>con</em></span> <span class='ocrx_word' id='word_1_70' title='bbox 1591 619 1770 660; x_wconf 83' lang='lat' dir='ltr'>nombre</span> <span class='ocrx_word' id='word_1_71' title='bbox 1793 618 1845 660; x_wconf 90' lang='lat' dir='ltr'><em>de</em></span> 
     </span>
     <span class='ocr_line' id='line_1_8' title="bbox 73 681 1845 737; baseline 0.001 -14"><span class='ocrx_word' id='word_1_72' title='bbox 73 681 391 732; x_wconf 86' lang='lat' dir='ltr'><em>Commissario‚</em></span> <span class='ocrx_word' id='word_1_73' title='bbox 425 696 454 736; x_wconf 89' lang='lat' dir='ltr'>y</span> <span class='ocrx_word' id='word_1_74' title='bbox 484 696 566 735; x_wconf 88' lang='lat' dir='ltr'><em>que</em></span> <span class='ocrx_word' id='word_1_75' title='bbox 590 683 767 724; x_wconf 88' lang='lat' dir='ltr'><em>huuiese</em></span> <span class='ocrx_word' id='word_1_76' title='bbox 790 682 1086 725; x_wconf 86' lang='lat' dir='ltr'><em>Prouinciales</em></span> <span class='ocrx_word' id='word_1_77' title='bbox 1108 696 1190 735; x_wconf 85' lang='lat' dir='ltr'><em>que</em></span> <span class='ocrx_word' id='word_1_78' title='bbox 1212 682 1612 726; x_wconf 85' lang='lat' dir='ltr'><em>immediatamente</em></span> <span class='ocrx_word' id='word_1_79' title='bbox 1634 683 1845 737; x_wconf 83' lang='lat' dir='ltr'><em>rigiessen</em></span> 
     </span>
     <span class='ocr_line' id='line_1_9' title="bbox 71 746 1843 802; baseline 0.002 -14"><span class='ocrx_word' id='word_1_80' title='bbox 71 746 138 788; x_wconf 88' lang='lat' dir='ltr'><em>las</em></span> <span class='ocrx_word' id='word_1_81' title='bbox 160 746 427 798; x_wconf 83' lang='lat' dir='ltr'><em>Prouincias,</em></span> <span class='ocrx_word' id='word_1_82' title='bbox 460 761 565 802; x_wconf 86' lang='lat' dir='ltr'><em>pero</em></span> <span class='ocrx_word' id='word_1_83' title='bbox 600 748 638 789; x_wconf 85' lang='lat' dir='ltr'><em>d&#39;</em></span> <span class='ocrx_word' id='word_1_84' title='bbox 663 750 756 790; x_wconf 91' lang='lat' dir='ltr'><em>esto</em></span> <span class='ocrx_word' id='word_1_85' title='bbox 789 751 1075 791; x_wconf 89' lang='lat' dir='ltr'><em>trattaremos</em></span> <span class='ocrx_word' id='word_1_86' title='bbox 1108 762 1161 790; x_wconf 91' lang='lat' dir='ltr'><em>en</em></span> <span class='ocrx_word' id='word_1_87' title='bbox 1186 748 1407 802; x_wconf 73' lang='lat' dir='ltr'><em>presentia</em></span> <span class='ocrx_word' id='word_1_88' title='bbox 1429 747 1654 802; x_wconf 85' lang='lat' dir='ltr'><em>plaeiendo</em></span> <span class='ocrx_word' id='word_1_89' title='bbox 1678 762 1704 790; x_wconf 91' lang='lat' dir='ltr'><em>a</em></span> <span class='ocrx_word' id='word_1_90' title='bbox 1725 748 1843 791; x_wconf 90' lang='lat' dir='ltr'><em>Dios.</em></span> 
     </span>
    </p>
   </div>
   <div class='ocr_carea' id='block_1_3' title="bbox 70 839 1846 1472">
    <p class='ocr_par' dir='ltr' id='par_1_3' title="bbox 70 839 1846 1472">
     <span class='ocr_line' id='line_1_10' title="bbox 192 839 1846 886; baseline 0 -12"><span class='ocrx_word' id='word_1_91' title='bbox 192 839 383 874; x_wconf 80' lang='lat' dir='ltr'><em>Societatis</em></span> <span class='ocrx_word' id='word_1_92' title='bbox 423 839 664 885; x_wconf 82' lang='lat' dir='ltr'><em>„provinciam</em></span> <span class='ocrx_word' id='word_1_93' title='bbox 691 840 905 876; x_wconf 81' lang='lat' dir='ltr'><em>Germaniae</em></span> <span class='ocrx_word' id='word_1_94' title='bbox 937 840 1151 885; x_wconf 83' lang='lat' dir='ltr'><em>superioris“</em></span> <span class='ocrx_word' id='word_1_95' title='bbox 1190 852 1220 875; x_wconf 89' lang='lat' dir='ltr'><em>a.</em></span> <span class='ocrx_word' id='word_1_96' title='bbox 1251 841 1341 875; x_wconf 85' lang='lat'>1563</span> <span class='ocrx_word' id='word_1_97' title='bbox 1376 852 1397 874; x_wconf 91' lang='lat' dir='ltr'><em>a</em></span> <span class='ocrx_word' id='word_1_98' title='bbox 1422 840 1547 875; x_wconf 88' lang='lat' dir='ltr'><em>Lainio</em></span> <span class='ocrx_word' id='word_1_99' title='bbox 1581 852 1645 886; x_wconf 91' lang='lat' dir='ltr'><em>per</em></span> <span class='ocrx_word' id='word_1_100' title='bbox 1678 840 1846 874; x_wconf 77' lang='lat' dir='ltr'><em>Natalem</em></span> 
     </span>
     <span class='ocr_line' id='line_1_11' title="bbox 72 892 1844 939; baseline 0.001 -12"><span class='ocrx_word' id='word_1_101' title='bbox 72 892 226 928; x_wconf 87' lang='lat' dir='ltr'><em>divisam</em></span> <span class='ocrx_word' id='word_1_102' title='bbox 253 904 333 928; x_wconf 86' lang='lat' dir='ltr'><em>esse</em></span> <span class='ocrx_word' id='word_1_103' title='bbox 357 893 419 935; x_wconf 83' lang='lat' dir='ltr'><em>ita,</em></span> <span class='ocrx_word' id='word_1_104' title='bbox 446 896 487 927; x_wconf 87' lang='lat' dir='ltr'><em>ut</em></span> <span class='ocrx_word' id='word_1_105' title='bbox 513 894 666 937; x_wconf 82' lang='lat' dir='ltr'><em>collegia</em></span> <span class='ocrx_word' id='word_1_106' title='bbox 692 894 970 938; x_wconf 82' lang='lat' dir='ltr'><em>vindobonense,</em></span> <span class='ocrx_word' id='word_1_107' title='bbox 997 905 1184 938; x_wconf 76' lang='lat' dir='ltr'><em>pragense,</em></span> <span class='ocrx_word' id='word_1_108' title='bbox 1211 893 1446 939; x_wconf 81' lang='lat' dir='ltr'><em>tyrnaviense</em></span> <span class='ocrx_word' id='word_1_109' title='bbox 1472 905 1553 928; x_wconf 81' lang='lat' dir='ltr'><em>eum</em></span> <span class='ocrx_word' id='word_1_110' title='bbox 1575 894 1717 928; x_wconf 90' lang='lat' dir='ltr'><em>nomine</em></span> <span class='ocrx_word' id='word_1_111' title='bbox 1748 906 1844 939; x_wconf 83' lang='lat' dir='ltr'><em>„pro-</em></span> 
     </span>
     <span class='ocr_line' id='line_1_12' title="bbox 71 946 1844 992; baseline 0.001 -12"><span class='ocrx_word' id='word_1_112' title='bbox 71 946 212 981; x_wconf 87' lang='lat' dir='ltr'><em>vinciae</em></span> <span class='ocrx_word' id='word_1_113' title='bbox 229 946 419 981; x_wconf 82' lang='lat' dir='ltr'><em>Austriae“</em></span> <span class='ocrx_word' id='word_1_114' title='bbox 450 947 494 981; x_wconf 87' lang='lat' dir='ltr'><em>ab</em></span> <span class='ocrx_word' id='word_1_115' title='bbox 521 958 563 981; x_wconf 87' lang='lat' dir='ltr'><em>ea</em></span> <span class='ocrx_word' id='word_1_116' title='bbox 589 949 854 992; x_wconf 73' lang='lat' dir='ltr'><em>separarentur,</em></span> <span class='ocrx_word' id='word_1_117' title='bbox 880 959 945 981; x_wconf 89' lang='lat' dir='ltr'><em>suo</em></span> <span class='ocrx_word' id='word_1_118' title='bbox 968 947 1045 982; x_wconf 85' lang='lat' dir='ltr'><em>loco</em></span> <span class='ocrx_word' id='word_1_119' title='bbox 1064 948 1284 982; x_wconf 88' lang='lat' dir='ltr'><em>ostendetur.</em></span> <span class='ocrx_word' id='word_1_120' title='bbox 1319 947 1473 992; x_wconf 79' lang='lat' dir='ltr'><em>Utrique</em></span> <span class='ocrx_word' id='word_1_121' title='bbox 1499 949 1620 982; x_wconf 88' lang='lat' dir='ltr'><em>autem</em></span> <span class='ocrx_word' id='word_1_122' title='bbox 1638 947 1844 992; x_wconf 82' lang='lat' dir='ltr'><em>provinciae</em></span> 
     </span>
     <span class='ocr_line' id='line_1_13' title="bbox 71 999 1845 1045; baseline 0.001 -11"><span class='ocrx_word' id='word_1_123' title='bbox 71 999 217 1034; x_wconf 87' lang='lat' dir='ltr'><em>Lainius</em></span> <span class='ocrx_word' id='word_1_124' title='bbox 236 1000 419 1035; x_wconf 89' lang='lat' dir='ltr'><em>Canisium</em></span> <span class='ocrx_word' id='word_1_125' title='bbox 445 1001 640 1045; x_wconf 84' lang='lat' dir='ltr'><em>praeficere</em></span> <span class='ocrx_word' id='word_1_126' title='bbox 659 1000 843 1045; x_wconf 75' lang='lat' dir='ltr'><em>cogitabat</em></span> <span class='ocrx_word' id='word_1_127' title='bbox 866 1012 947 1035; x_wconf 85' lang='lat' dir='ltr'><em>cum</em></span> <span class='ocrx_word' id='word_1_128' title='bbox 965 1001 1106 1035; x_wconf 85' lang='lat' dir='ltr'><em>nomine</em></span> <span class='ocrx_word' id='word_1_129' title='bbox 1130 1000 1414 1042; x_wconf 53' lang='lat' dir='ltr'><em>„Commissariff</em></span> <span class='ocrx_word' id='word_1_130' title='bbox 1430 1014 1437 1042; x_wconf 89' lang='lat'>;</span> <span class='ocrx_word' id='word_1_131' title='bbox 1466 1001 1570 1045; x_wconf 88' lang='lat' dir='ltr'><em>quod,</em></span> <span class='ocrx_word' id='word_1_132' title='bbox 1597 1003 1636 1034; x_wconf 89' lang='lat' dir='ltr'><em>ut</em></span> <span class='ocrx_word' id='word_1_133' title='bbox 1654 1000 1845 1035; x_wconf 85' lang='lat' dir='ltr'><em>Soeietatis</em></span> 
     </span>
     <span class='ocr_line' id='line_1_14' title="bbox 75 1054 1845 1099; baseline 0 -11"><span class='ocrx_word' id='word_1_134' title='bbox 75 1054 307 1098; x_wconf 65' lang='grc' dir='ltr'><em>Οοηρνεραΐίο</em></span> <span class='ocrx_word' id='word_1_135' title='bbox 330 1055 508 1098; x_wconf 63' lang='lat' dir='ltr'><em>qaam-alis,-</em></span> <span class='ocrx_word' id='word_1_136' title='bbox 534 1056 562 1088; x_wconf 86' lang='lat' dir='ltr'>I.</span> <span class='ocrx_word' id='word_1_137' title='bbox 589 1065 620 1089; x_wconf 89' lang='lat' dir='ltr'><em>a.</em></span> <span class='ocrx_word' id='word_1_138' title='bbox 650 1054 739 1089; x_wconf 83' lang='lat'>1558</span> <span class='ocrx_word' id='word_1_139' title='bbox 770 1054 894 1088; x_wconf 85' lang='lat' dir='ltr'><em>habita</em></span> <span class='ocrx_word' id='word_1_140' title='bbox 928 1054 1063 1098; x_wconf 86' lang='lat' dir='ltr'><em>inquit,</em></span> <span class='ocrx_word' id='word_1_141' title='bbox 1099 1056 1155 1089; x_wconf 86' lang='lat' dir='ltr'><em>est</em></span> <span class='ocrx_word' id='word_1_142' title='bbox 1189 1054 1365 1096; x_wconf 80' lang='lat' dir='ltr'><em>„officium</em></span> <span class='ocrx_word' id='word_1_143' title='bbox 1402 1054 1746 1095; x_wconf 86' lang='lat' dir='ltr'><em>extraordinarium,</em></span> <span class='ocrx_word' id='word_1_144' title='bbox 1781 1066 1845 1099; x_wconf 89' lang='lat' dir='ltr'><em>pro</em></span> 
     </span>
     <span class='ocr_line' id='line_1_15' title="bbox 71 1106 1843 1152; baseline 0 -11"><span class='ocrx_word' id='word_1_145' title='bbox 71 1107 219 1142; x_wconf 86' lang='lat' dir='ltr'><em>arbitrio</em></span> <span class='ocrx_word' id='word_1_146' title='bbox 245 1106 465 1152; x_wconf 85' lang='lat' dir='ltr'><em>Praepositi“</em></span> <span class='ocrx_word' id='word_1_147' title='bbox 500 1107 680 1151; x_wconf 85' lang='lat' dir='ltr'><em>generalis</em></span> <span class='ocrx_word' id='word_1_148' title='bbox 708 1107 872 1152; x_wconf 80' lang='lat' dir='ltr'><em>(Decreta</em></span> <span class='ocrx_word' id='word_1_149' title='bbox 904 1107 1231 1151; x_wconf 84' lang='lat' dir='ltr'><em>Congregationvm</em></span> <span class='ocrx_word' id='word_1_150' title='bbox 1267 1107 1489 1151; x_wconf 80' lang='lat' dir='ltr'><em>generalivm</em></span> <span class='ocrx_word' id='word_1_151' title='bbox 1525 1107 1715 1142; x_wconf 83' lang='lat' dir='ltr'><em>Societatis</em></span> <span class='ocrx_word' id='word_1_152' title='bbox 1750 1107 1843 1142; x_wconf 85' lang='lat' dir='ltr'><em>Iesv.</em></span> 
     </span>
     <span class='ocr_line' id='line_1_16' title="bbox 73 1160 1844 1206; baseline 0 -11"><span class='ocrx_word' id='word_1_153' title='bbox 73 1160 237 1195; x_wconf 76' lang='lat' dir='ltr'><em>Secunda</em></span> <span class='ocrx_word' id='word_1_154' title='bbox 272 1161 380 1195; x_wconf 85' lang='lat' dir='ltr'><em>editio</em></span> <span class='ocrx_word' id='word_1_155' title='bbox 407 1160 556 1205; x_wconf 82' lang='lat' dir='ltr'><em>[Romae</em></span> <span class='ocrx_word' id='word_1_156' title='bbox 584 1161 689 1205; x_wconf 91' lang='grc'>1616]</span> <span class='ocrx_word' id='word_1_157' title='bbox 716 1173 748 1206; x_wconf 92' lang='lat' dir='ltr'><em>p.</em></span> <span class='ocrx_word' id='word_1_158' title='bbox 777 1161 851 1205; x_wconf 90' lang='lat'>62).</span> <span class='ocrx_word' id='word_1_159' title='bbox 894 1162 947 1195; x_wconf 83' lang='lat' dir='ltr'><em>Ae</em></span> <span class='ocrx_word' id='word_1_160' title='bbox 974 1163 1010 1196; x_wconf 84' lang='lat' dir='ltr'>S.</span> <span class='ocrx_word' id='word_1_161' title='bbox 1038 1163 1201 1205; x_wconf 63' lang='lat' dir='ltr'><em>Ianatius</em></span> <span class='ocrx_word' id='word_1_162' title='bbox 1226 1161 1262 1195; x_wconf 91' lang='lat' dir='ltr'><em>in</em></span> <span class='ocrx_word' id='word_1_163' title='bbox 1289 1161 1406 1206; x_wconf 85' lang='lat' dir='ltr'><em>capite</em></span> <span class='ocrx_word' id='word_1_164' title='bbox 1432 1161 1493 1195; x_wconf 90' lang='grc' dir='ltr'>ΙΙΙ.</span> <span class='ocrx_word' id='word_1_165' title='bbox 1521 1160 1642 1195; x_wconf 87' lang='lat' dir='ltr'><em>Partis</em></span> <span class='ocrx_word' id='word_1_166' title='bbox 1667 1160 1729 1195; x_wconf 84' lang='lat' dir='ltr'>IX.</span> <span class='ocrx_word' id='word_1_167' title='bbox 1757 1160 1844 1195; x_wconf 84' lang='lat' dir='ltr'><em>Con-</em></span> 
     </span>
     <span class='ocr_line' id='line_1_17' title="bbox 71 1213 1844 1260; baseline 0 -12"><span class='ocrx_word' id='word_1_168' title='bbox 71 1213 318 1256; x_wconf 86' lang='lat' dir='ltr'><em>stitutionum,</em></span> <span class='ocrx_word' id='word_1_169' title='bbox 352 1216 390 1249; x_wconf 88' lang='lat' dir='ltr'><em>in</em></span> <span class='ocrx_word' id='word_1_170' title='bbox 424 1226 493 1259; x_wconf 88' lang='lat' dir='ltr'><em>quo</em></span> <span class='ocrx_word' id='word_1_171' title='bbox 524 1215 587 1257; x_wconf 85' lang='lat' dir='ltr'><em>„de</em></span> <span class='ocrx_word' id='word_1_172' title='bbox 623 1215 837 1249; x_wconf 81' lang='lat' dir='ltr'><em>auctoritate</em></span> <span class='ocrx_word' id='word_1_173' title='bbox 872 1214 1075 1260; x_wconf 83' lang='lat' dir='ltr'><em>Praepositi</em></span> <span class='ocrx_word' id='word_1_174' title='bbox 1111 1214 1299 1249; x_wconf 79' lang='lat' dir='ltr'><em>Generalis</em></span> <span class='ocrx_word' id='word_1_175' title='bbox 1335 1225 1422 1257; x_wconf 86' lang='lat' dir='ltr'><em>erga</em></span> <span class='ocrx_word' id='word_1_176' title='bbox 1452 1214 1688 1256; x_wconf 80' lang='lat' dir='ltr'><em>Societatem,</em></span> <span class='ocrx_word' id='word_1_177' title='bbox 1724 1226 1765 1249; x_wconf 88' lang='grc'><em>30</em></span> <span class='ocrx_word' id='word_1_178' title='bbox 1802 1215 1844 1248; x_wconf 85' lang='lat' dir='ltr'><em>de</em></span> 
     </span>
     <span class='ocr_line' id='line_1_18' title="bbox 71 1267 1843 1313; baseline 0 -11"><span class='ocrx_word' id='word_1_179' title='bbox 71 1267 189 1302; x_wconf 85' lang='lat' dir='ltr'><em>officio</em></span> <span class='ocrx_word' id='word_1_180' title='bbox 215 1267 311 1313; x_wconf 83' lang='lat' dir='ltr'><em>ejus“</em></span> <span class='ocrx_word' id='word_1_181' title='bbox 343 1267 429 1312; x_wconf 87' lang='lat' dir='ltr'><em>agit,</em></span> <span class='ocrx_word' id='word_1_182' title='bbox 457 1268 500 1302; x_wconf 88' lang='lat' dir='ltr'><em>de</em></span> <span class='ocrx_word' id='word_1_183' title='bbox 527 1268 783 1303; x_wconf 86' lang='lat' dir='ltr'><em>commissariis</em></span> <span class='ocrx_word' id='word_1_184' title='bbox 808 1268 935 1302; x_wconf 85' lang='lat' dir='ltr'><em>scribit</em></span> <span class='ocrx_word' id='word_1_185' title='bbox 963 1269 1011 1311; x_wconf 92' lang='lat' dir='ltr'><em>(n.</em></span> <span class='ocrx_word' id='word_1_186' title='bbox 1038 1267 1106 1311; x_wconf 87' lang='lat'>7.):</span> <span class='ocrx_word' id='word_1_187' title='bbox 1138 1268 1323 1310; x_wconf 76' lang='lat' dir='ltr'><em>„Tendran</em></span> <span class='ocrx_word' id='word_1_188' title='bbox 1348 1267 1384 1302; x_wconf 90' lang='lat' dir='ltr'><em>la</em></span> <span class='ocrx_word' id='word_1_189' title='bbox 1402 1270 1504 1312; x_wconf 85' lang='lat' dir='ltr'><em>parte</em></span> <span class='ocrx_word' id='word_1_190' title='bbox 1523 1268 1626 1302; x_wconf 87' lang='lat' dir='ltr'><em>desta</em></span> <span class='ocrx_word' id='word_1_191' title='bbox 1644 1267 1843 1305; x_wconf 81' lang='lat' dir='ltr'><em>autoridad.</em></span> 
     </span>
     <span class='ocr_line' id='line_1_19' title="bbox 71 1321 1842 1367; baseline 0 -12"><span class='ocrx_word' id='word_1_192' title='bbox 71 1332 140 1366; x_wconf 87' lang='lat' dir='ltr'><em>que</em></span> <span class='ocrx_word' id='word_1_193' title='bbox 157 1321 212 1356; x_wconf 87' lang='lat' dir='ltr'><em>les</em></span> <span class='ocrx_word' id='word_1_194' title='bbox 228 1323 330 1356; x_wconf 86' lang='lat' dir='ltr'><em>fuere</em></span> <span class='ocrx_word' id='word_1_195' title='bbox 348 1322 582 1356; x_wconf 75' lang='lat' dir='ltr'><em>comunicada</em></span> <span class='ocrx_word' id='word_1_196' title='bbox 600 1334 664 1367; x_wconf 89' lang='lat' dir='ltr'><em>por</em></span> <span class='ocrx_word' id='word_1_197' title='bbox 683 1322 715 1356; x_wconf 88' lang='lat' dir='ltr'><em>el</em></span> <span class='ocrx_word' id='word_1_198' title='bbox 735 1322 908 1357; x_wconf 79' lang='lat' dir='ltr'><em>General“</em></span> <span class='ocrx_word' id='word_1_199' title='bbox 934 1321 1234 1365; x_wconf 86' lang='lat' dir='ltr'><em>(Constitutiones</em></span> <span class='ocrx_word' id='word_1_200' title='bbox 1253 1321 1387 1356; x_wconf 87' lang='lat' dir='ltr'><em>latinae</em></span> <span class='ocrx_word' id='word_1_201' title='bbox 1406 1323 1442 1355; x_wconf 89' lang='lat' dir='ltr'><em>et</em></span> <span class='ocrx_word' id='word_1_202' title='bbox 1467 1321 1673 1366; x_wconf 85' lang='lat' dir='ltr'><em>hispanicae</em></span> <span class='ocrx_word' id='word_1_203' title='bbox 1692 1333 1724 1366; x_wconf 89' lang='lat' dir='ltr'><em>p.</em></span> <span class='ocrx_word' id='word_1_204' title='bbox 1744 1321 1842 1364; x_wconf 83' lang='lat'>263).</span> 
     </span>
     <span class='ocr_line' id='line_1_20' title="bbox 70 1373 1844 1420; baseline 0 -12"><span class='ocrx_word' id='word_1_205' title='bbox 70 1375 191 1419; x_wconf 86' lang='lat' dir='ltr'><em>Atque</em></span> <span class='ocrx_word' id='word_1_206' title='bbox 215 1375 268 1409; x_wconf 87' lang='lat' dir='ltr'><em>ita</em></span> <span class='ocrx_word' id='word_1_207' title='bbox 294 1373 448 1410; x_wconf 83' lang='lat' dir='ltr'><em>Sanctus</em></span> <span class='ocrx_word' id='word_1_208' title='bbox 473 1375 688 1410; x_wconf 84' lang='lat' dir='ltr'><em>Franciscus</em></span> <span class='ocrx_word' id='word_1_209' title='bbox 714 1375 866 1419; x_wconf 81' lang='lat' dir='ltr'><em>Borgias</em></span> <span class='ocrx_word' id='word_1_210' title='bbox 893 1375 936 1409; x_wconf 86' lang='lat' dir='ltr'><em>ab</em></span> <span class='ocrx_word' id='word_1_211' title='bbox 963 1375 1040 1420; x_wconf 86' lang='lat' dir='ltr'><em>ipso</em></span> <span class='ocrx_word' id='word_1_212' title='bbox 1068 1374 1101 1409; x_wconf 82' lang='lat' dir='ltr'>S.</span> <span class='ocrx_word' id='word_1_213' title='bbox 1128 1374 1268 1418; x_wconf 85' lang='lat' dir='ltr'><em>Ignatio</em></span> <span class='ocrx_word' id='word_1_214' title='bbox 1294 1374 1509 1419; x_wconf 82' lang='lat' dir='ltr'><em>Hispaniae,</em></span> <span class='ocrx_word' id='word_1_215' title='bbox 1537 1374 1760 1415; x_wconf 81' lang='lat' dir='ltr'><em>Lusitaniae,</em></span> <span class='ocrx_word' id='word_1_216' title='bbox 1788 1374 1844 1408; x_wconf 86' lang='lat' dir='ltr'><em>In-</em></span> 
     </span>
     <span class='ocr_line' id='line_1_21' title="bbox 71 1428 1846 1472; baseline 0 -10"><span class='ocrx_word' id='word_1_217' title='bbox 71 1428 211 1462; x_wconf 89' lang='lat' dir='ltr'><em>diarum</em></span> <span class='ocrx_word' id='word_1_218' title='bbox 237 1428 507 1463; x_wconf 85' lang='lat' dir='ltr'><em>commissarius</em></span> <span class='ocrx_word' id='word_1_219' title='bbox 533 1431 696 1469; x_wconf 82' lang='lat' dir='ltr'><em>oreatus,</em></span> <span class='ocrx_word' id='word_1_220' title='bbox 731 1440 752 1462; x_wconf 94' lang='lat' dir='ltr'><em>a</em></span> <span class='ocrx_word' id='word_1_221' title='bbox 780 1428 902 1462; x_wconf 89' lang='lat' dir='ltr'><em>Lainio</em></span> <span class='ocrx_word' id='word_1_222' title='bbox 929 1428 965 1462; x_wconf 92' lang='lat' dir='ltr'><em>in</em></span> <span class='ocrx_word' id='word_1_223' title='bbox 992 1440 1032 1462; x_wconf 91' lang='lat' dir='ltr'><em>eo</em></span> <span class='ocrx_word' id='word_1_224' title='bbox 1058 1439 1204 1462; x_wconf 89' lang='lat' dir='ltr'><em>munere</em></span> <span class='ocrx_word' id='word_1_225' title='bbox 1240 1428 1470 1462; x_wconf 88' lang='lat' dir='ltr'><em>confirmatus</em></span> <span class='ocrx_word' id='word_1_226' title='bbox 1497 1430 1575 1462; x_wconf 90' lang='lat' dir='ltr'><em>erat</em></span> <span class='ocrx_word' id='word_1_227' title='bbox 1604 1428 1846 1472; x_wconf 63' lang='lat' dir='ltr'><em>(orlandinus</em></span> 
     </span>
    </p>
   </div>
   <div class='ocr_carea' id='block_1_4' title="bbox 70 1480 1523 1525">
    <p class='ocr_par' dir='ltr' id='par_1_4' title="bbox 70 1480 1523 1525">
     <span class='ocr_line' id='line_1_22' title="bbox 70 1480 1523 1525; baseline 0 -9"><span class='ocrx_word' id='word_1_228' title='bbox 70 1481 94 1516; x_wconf 91' lang='lat' dir='ltr'>l.</span> <span class='ocrx_word' id='word_1_229' title='bbox 122 1493 151 1516; x_wconf 88' lang='grc'><em>0.</em></span> <span class='ocrx_word' id='word_1_230' title='bbox 178 1481 201 1516; x_wconf 91' lang='grc'><em>1.</em></span> <span class='ocrx_word' id='word_1_231' title='bbox 231 1483 284 1524; x_wconf 87' lang='grc'><em>14,</em></span> <span class='ocrx_word' id='word_1_232' title='bbox 310 1494 344 1516; x_wconf 88' lang='lat' dir='ltr'><em>n.</em></span> <span class='ocrx_word' id='word_1_233' title='bbox 372 1482 437 1523; x_wconf 85' lang='lat'><em>54;</em></span> <span class='ocrx_word' id='word_1_234' title='bbox 464 1482 487 1516; x_wconf 92' lang='lat' dir='ltr'>l.</span> <span class='ocrx_word' id='word_1_235' title='bbox 517 1482 571 1523; x_wconf 84' lang='lat'><em>16,</em></span> <span class='ocrx_word' id='word_1_236' title='bbox 598 1494 631 1516; x_wconf 90' lang='lat' dir='ltr'><em>n.</em></span> <span class='ocrx_word' id='word_1_237' title='bbox 659 1481 699 1522; x_wconf 81' lang='lat'><em>23</em></span> <span class='ocrx_word' id='word_1_238' title='bbox 728 1482 937 1525; x_wconf 77' lang='lat' dir='ltr'><em>Sacchimcs,</em></span> <span class='ocrx_word' id='word_1_239' title='bbox 964 1481 1057 1515; x_wconf 86' lang='lat' dir='ltr'><em>Hist.</em></span> <span class='ocrx_word' id='word_1_240' title='bbox 1085 1480 1119 1515; x_wconf 81' lang='lat' dir='ltr'>S.</span> <span class='ocrx_word' id='word_1_241' title='bbox 1148 1481 1180 1516; x_wconf 89' lang='lat' dir='ltr'><em>J.</em></span> <span class='ocrx_word' id='word_1_242' title='bbox 1208 1481 1251 1515; x_wconf 84' lang='lat' dir='ltr'>H.</span> <span class='ocrx_word' id='word_1_243' title='bbox 1280 1481 1302 1516; x_wconf 94' lang='lat' dir='ltr'>l.</span> <span class='ocrx_word' id='word_1_244' title='bbox 1332 1482 1362 1523; x_wconf 86' lang='lat'><em>1,</em></span> <span class='ocrx_word' id='word_1_245' title='bbox 1388 1493 1422 1516; x_wconf 88' lang='lat' dir='ltr'><em>n.</em></span> <span class='ocrx_word' id='word_1_246' title='bbox 1448 1481 1523 1523; x_wconf 86' lang='lat'>29).</span> 
     </span>
    </p>
   </div>
   <div class='ocr_carea' id='block_1_5' title="bbox 676 1611 1236 1738">
    <p class='ocr_par' dir='ltr' id='par_1_5' title="bbox 676 1611 1236 1738">
     <span class='ocr_line' id='line_1_23' title="bbox 892 1611 1022 1653; baseline 0 0"><span class='ocrx_word' id='word_1_247' title='bbox 892 1611 1022 1653; x_wconf 74' lang='lat'>420.</span> 
     </span>
     <span class='ocr_line' id='line_1_24' title="bbox 676 1700 1236 1738; baseline -0.002 0"><span class='ocrx_word' id='word_1_248' title='bbox 676 1702 726 1738; x_wconf 86' lang='grc'><em>14.</em></span> <span class='ocrx_word' id='word_1_249' title='bbox 754 1703 791 1738; x_wconf 81' lang='lat' dir='ltr'><em>et</em></span> <span class='ocrx_word' id='word_1_250' title='bbox 818 1702 874 1738; x_wconf 79' lang='lat'>28.</span> <span class='ocrx_word' id='word_1_251' title='bbox 901 1700 1114 1738; x_wconf 78' lang='lat' dir='ltr'><em>Novembris</em></span> <span class='ocrx_word' id='word_1_252' title='bbox 1141 1700 1236 1737; x_wconf 78' lang='lat'>1562.</span> 
     </span>
    </p>
   </div>
   <div class='ocr_carea' id='block_1_6' title="bbox 190 1790 1842 1890">
    <p class='ocr_par' dir='ltr' id='par_1_6' title="bbox 190 1790 1842 1890">
     <span class='ocr_line' id='line_1_25' title="bbox 191 1790 1541 1837; baseline -0.001 -11"><span class='ocrx_word' id='word_1_253' title='bbox 191 1791 246 1826; x_wconf 85' lang='lat' dir='ltr'><em>Ex</em></span> <span class='ocrx_word' id='word_1_254' title='bbox 273 1791 491 1837; x_wconf 80' lang='lat' dir='ltr'><em>apographis</em></span> <span class='ocrx_word' id='word_1_255' title='bbox 517 1791 677 1826; x_wconf 86' lang='lat' dir='ltr'><em>eiusdem</em></span> <span class='ocrx_word' id='word_1_256' title='bbox 703 1791 886 1836; x_wconf 87' lang='lat' dir='ltr'><em>temporis.</em></span> <span class='ocrx_word' id='word_1_257' title='bbox 939 1790 1022 1825; x_wconf 89' lang='lat' dir='ltr'>Cod.</span> <span class='ocrx_word' id='word_1_258' title='bbox 1054 1791 1116 1833; x_wconf 84' lang='lat' dir='ltr'>„V.</span> <span class='ocrx_word' id='word_1_259' title='bbox 1145 1790 1183 1825; x_wconf 88' lang='lat' dir='ltr'>P.</span> <span class='ocrx_word' id='word_1_260' title='bbox 1211 1791 1275 1825; x_wconf 57' lang='lat'><em>62*</em></span> <span class='ocrx_word' id='word_1_261' title='bbox 1306 1790 1331 1825; x_wconf 86' lang='lat' dir='ltr'>f.</span> <span class='ocrx_word' id='word_1_262' title='bbox 1359 1790 1436 1825; x_wconf 57' lang='lat'>391².</span> <span class='ocrx_word' id='word_1_263' title='bbox 1465 1791 1541 1825; x_wconf 63' lang='lat'>64².</span> 
     </span>
     <span class='ocr_line' id='line_1_26' title="bbox 190 1843 1842 1890; baseline -0.002 -10"><span class='ocrx_word' id='word_1_264' title='bbox 190 1845 336 1887; x_wconf 86' lang='lat' dir='ltr'><em>Eadem,</em></span> <span class='ocrx_word' id='word_1_265' title='bbox 363 1857 409 1880; x_wconf 87' lang='lat' dir='ltr'><em>ex</em></span> <span class='ocrx_word' id='word_1_266' title='bbox 434 1845 561 1880; x_wconf 89' lang='lat' dir='ltr'><em>iisdem</em></span> <span class='ocrx_word' id='word_1_267' title='bbox 580 1845 799 1890; x_wconf 82' lang='lat' dir='ltr'><em>apographis</em></span> <span class='ocrx_word' id='word_1_268' title='bbox 817 1844 1010 1889; x_wconf 86' lang='lat' dir='ltr'><em>exscripta,</em></span> <span class='ocrx_word' id='word_1_269' title='bbox 1037 1846 1185 1878; x_wconf 85' lang='lat' dir='ltr'><em>exstant</em></span> <span class='ocrx_word' id='word_1_270' title='bbox 1203 1844 1239 1877; x_wconf 88' lang='lat' dir='ltr'><em>in</em></span> <span class='ocrx_word' id='word_1_271' title='bbox 1262 1843 1454 1889; x_wconf 67' lang='lat' dir='ltr'><em>⁷,Epistolis</em></span> <span class='ocrx_word' id='word_1_272' title='bbox 1472 1843 1511 1879; x_wconf 87' lang='lat' dir='ltr'>P.</span> <span class='ocrx_word' id='word_1_273' title='bbox 1531 1844 1669 1878; x_wconf 81' lang='lat' dir='ltr'><em>Nadal“</em></span> <span class='ocrx_word' id='word_1_274' title='bbox 1692 1844 1736 1885; x_wconf 89' lang='grc' dir='ltr'><em>Π,</em></span> <span class='ocrx_word' id='word_1_275' title='bbox 1766 1844 1842 1878; x_wconf 85' lang='grc'>132.</span> 
     </span>
    </p>
   </div>
   <div class='ocr_carea' id='block_1_7' title="bbox 72 1927 1844 2027">
    <p class='ocr_par' dir='ltr' id='par_1_7' title="bbox 72 1927 1844 2027">
     <span class='ocr_line' id='line_1_27' title="bbox 193 1927 1844 1970; baseline -0.001 -9"><span class='ocrx_word' id='word_1_276' title='bbox 193 1930 231 1962; x_wconf 88' lang='lat' dir='ltr'><em>P.</em></span> <span class='ocrx_word' id='word_1_277' title='bbox 258 1929 404 1962; x_wconf 81' lang='lat' dir='ltr'><em>Natalis</em></span> <span class='ocrx_word' id='word_1_278' title='bbox 433 1929 617 1962; x_wconf 74' lang='lat' dir='ltr'><em>Canisizcm</em></span> <span class='ocrx_word' id='word_1_279' title='bbox 645 1928 895 1970; x_wconf 71' lang='lat' dir='ltr'><em>Salishzcrynm</em></span> <span class='ocrx_word' id='word_1_280' title='bbox 922 1927 969 1960; x_wconf 77' lang='lat' dir='ltr'><em>ad</em></span> <span class='ocrx_word' id='word_1_281' title='bbox 995 1927 1297 1970; x_wconf 74' lang='lat' dir='ltr'><em>archiepiscopum</em></span> <span class='ocrx_word' id='word_1_282' title='bbox 1323 1937 1436 1960; x_wconf 77' lang='lat' dir='ltr'><em>secam</em></span> <span class='ocrx_word' id='word_1_283' title='bbox 1462 1928 1638 1960; x_wconf 77' lang='lat' dir='ltr'><em>adducere</em></span> <span class='ocrx_word' id='word_1_284' title='bbox 1663 1927 1781 1970; x_wconf 80' lang='lat' dir='ltr'><em>cupit,·</em></span> <span class='ocrx_word' id='word_1_285' title='bbox 1809 1927 1844 1959; x_wconf 70' lang='lat' dir='ltr'><em>td</em></span> 
     </span>
     <span class='ocr_line' id='line_1_28' title="bbox 72 1981 1765 2027; baseline -0.002 -11"><span class='ocrx_word' id='word_1_286' title='bbox 72 1984 165 2027; x_wconf 78' lang='lat' dir='ltr'><em>qaod</em></span> <span class='ocrx_word' id='word_1_287' title='bbox 192 1983 348 2016; x_wconf 74' lang='lat' dir='ltr'><em>Lainiiis</em></span> <span class='ocrx_word' id='word_1_288' title='bbox 376 1984 433 2016; x_wconf 75' lang='lat' dir='ltr'><em>vix</em></span> <span class='ocrx_word' id='word_1_289' title='bbox 458 1982 539 2024; x_wconf 82' lang='lat' dir='ltr'><em>fieri</em></span> <span class='ocrx_word' id='word_1_290' title='bbox 558 1993 661 2025; x_wconf 83' lang='lat' dir='ltr'><em>posse</em></span> <span class='ocrx_word' id='word_1_291' title='bbox 686 1982 875 2015; x_wconf 71' lang='lat' dir='ltr'><em>existimat.</em></span> <span class='ocrx_word' id='word_1_292' title='bbox 928 1981 1114 2014; x_wconf 77' lang='lat' dir='ltr'><em>Salmeron</em></span> <span class='ocrx_word' id='word_1_293' title='bbox 1141 1981 1403 2024; x_wconf 71' lang='lat' dir='ltr'><em>archiepiscopo</em></span> <span class='ocrx_word' id='word_1_294' title='bbox 1430 1981 1588 2015; x_wconf 79' lang='lat' dir='ltr'><em>amicitia</em></span> <span class='ocrx_word' id='word_1_295' title='bbox 1616 1983 1765 2014; x_wconf 75' lang='lat' dir='ltr'><em>iunctus.</em></span> 
     </span>
    </p>
   </div>
   <div class='ocr_carea' id='block_1_8' title="bbox 71 2070 1844 2919">
    <p class='ocr_par' dir='ltr' id='par_1_8' title="bbox 71 2070 1844 2804">
     <span class='ocr_line' id='line_1_29' title="bbox 192 2070 1844 2114; baseline -0.002 -7"><span class='ocrx_word' id='word_1_296' title='bbox 192 2074 349 2108; x_wconf 77' lang='lat' dir='ltr'><em>Lairiius</em></span> <span class='ocrx_word' id='word_1_297' title='bbox 371 2073 539 2106; x_wconf 77' lang='lat' dir='ltr'><em>Tridento</em></span> <span class='ocrx_word' id='word_1_298' title='bbox 567 2075 622 2106; x_wconf 69' lang='lat'><em>14.</em></span> <span class='ocrx_word' id='word_1_299' title='bbox 641 2071 848 2106; x_wconf 69' lang='lat' dir='ltr'><em>Novembris</em></span> <span class='ocrx_word' id='word_1_300' title='bbox 868 2073 958 2104; x_wconf 74' lang='lat'><strong><em>1562</em></strong></span> <span class='ocrx_word' id='word_1_301' title='bbox 983 2071 1022 2104; x_wconf 89' lang='lat' dir='ltr'><em>P.</em></span> <span class='ocrx_word' id='word_1_302' title='bbox 1044 2071 1263 2113; x_wconf 74' lang='lat' dir='ltr'><em>Hieronymo</em></span> <span class='ocrx_word' id='word_1_303' title='bbox 1285 2070 1422 2114; x_wconf 79' lang='lat' dir='ltr'><em>Natali,</em></span> <span class='ocrx_word' id='word_1_304' title='bbox 1449 2071 1632 2104; x_wconf 82' lang='lat' dir='ltr'><em>Societatis</em></span> <span class='ocrx_word' id='word_1_305' title='bbox 1657 2071 1844 2114; x_wconf 73' lang='lat' dir='ltr'><em>visitatori,</em></span> 
     </span>
     <span class='ocr_line' id='line_1_30' title="bbox 72 2122 1844 2168; baseline -0.003 -7"><span class='ocrx_word' id='word_1_306' title='bbox 72 2128 120 2160; x_wconf 80' lang='lat' dir='ltr'><em>ad</em></span> <span class='ocrx_word' id='word_1_307' title='bbox 146 2129 220 2161; x_wconf 78' lang='lat' dir='ltr'><em>cias</em></span> <span class='ocrx_word' id='word_1_308' title='bbox 244 2128 382 2160; x_wconf 78' lang='lat' dir='ltr'><em>litteras</em></span> <span class='ocrx_word' id='word_1_309' title='bbox 409 2130 438 2160; x_wconf 82' lang='lat' dir='ltr'><em>o’.</em></span> <span class='ocrx_word' id='word_1_310' title='bbox 467 2131 497 2160; x_wconf 85' lang='lat' dir='ltr'><em>et</em></span> <span class='ocrx_word' id='word_1_311' title='bbox 524 2129 554 2159; x_wconf 84' lang='lat'>7.</span> <span class='ocrx_word' id='word_1_312' title='bbox 582 2125 789 2159; x_wconf 71' lang='lat' dir='ltr'><em>Novembris</em></span> <span class='ocrx_word' id='word_1_313' title='bbox 815 2127 908 2157; x_wconf 82' lang='grc'>1562</span> <span class='ocrx_word' id='word_1_314' title='bbox 935 2125 1039 2157; x_wconf 85' lang='lat' dir='ltr'><em>datas</em></span> <span class='ocrx_word' id='word_1_315' title='bbox 1063 2124 1168 2168; x_wconf 79' lang='lat' dir='ltr'><em>haec,</em></span> <span class='ocrx_word' id='word_1_316' title='bbox 1197 2128 1347 2167; x_wconf 85' lang='lat' dir='ltr'><em>praeter</em></span> <span class='ocrx_word' id='word_1_317' title='bbox 1372 2124 1466 2167; x_wconf 73' lang='lat' dir='ltr'><em>(clia,</em></span> <span class='ocrx_word' id='word_1_318' title='bbox 1496 2125 1698 2167; x_wconf 73' lang='lat' dir='ltr'><em>rescripsit:</em></span> <span class='ocrx_word' id='word_1_319' title='bbox 1732 2122 1775 2157; x_wconf 83' lang='lat' dir='ltr'><em>El</em></span> <span class='ocrx_word' id='word_1_320' title='bbox 1799 2135 1844 2168; x_wconf 85' lang='lat' dir='ltr'><em>yr</em></span> 
     </span>
     <span class='ocr_line' id='line_1_31' title="bbox 72 2175 1843 2226; baseline -0.003 -11"><span class='ocrx_word' id='word_1_321' title='bbox 72 2192 136 2226; x_wconf 86' lang='lat' dir='ltr'><em>por</em></span> <span class='ocrx_word' id='word_1_322' title='bbox 161 2180 365 2224; x_wconf 84' lang='lat' dir='ltr'><em>salizburgo</em></span> <span class='ocrx_word' id='word_1_323' title='bbox 391 2191 448 2214; x_wconf 89' lang='lat' dir='ltr'><em>me</em></span> <span class='ocrx_word' id='word_1_324' title='bbox 474 2191 604 2225; x_wconf 80' lang='lat' dir='ltr'><em>parece</em></span> <span class='ocrx_word' id='word_1_325' title='bbox 630 2179 731 2219; x_wconf 89' lang='lat' dir='ltr'><em>bien,</em></span> <span class='ocrx_word' id='word_1_326' title='bbox 767 2190 791 2223; x_wconf 89' lang='lat' dir='ltr'>y</span> <span class='ocrx_word' id='word_1_327' title='bbox 817 2177 906 2211; x_wconf 81' lang='lat' dir='ltr'><em>mire</em></span> <span class='ocrx_word' id='word_1_328' title='bbox 933 2177 963 2211; x_wconf 86' lang='lat' dir='ltr'><em>si</em></span> <span class='ocrx_word' id='word_1_329' title='bbox 998 2177 1093 2211; x_wconf 87' lang='lat' dir='ltr'><em>seria</em></span> <span class='ocrx_word' id='word_1_330' title='bbox 1120 2176 1355 2211; x_wconf 86' lang='lat' dir='ltr'><em>conueniente</em></span> <span class='ocrx_word' id='word_1_331' title='bbox 1391 2188 1459 2221; x_wconf 90' lang='lat' dir='ltr'><em>que</em></span> <span class='ocrx_word' id='word_1_332' title='bbox 1493 2188 1532 2211; x_wconf 90' lang='lat' dir='ltr'><em>se</em></span> <span class='ocrx_word' id='word_1_333' title='bbox 1558 2176 1697 2211; x_wconf 88' lang='lat' dir='ltr'><em>hallase</em></span> <span class='ocrx_word' id='word_1_334' title='bbox 1723 2175 1784 2210; x_wconf 89' lang='lat' dir='ltr'><em>alli</em></span> <span class='ocrx_word' id='word_1_335' title='bbox 1811 2176 1843 2210; x_wconf 89' lang='lat' dir='ltr'><em>el</em></span> 
     </span>
     <span class='ocr_line' id='line_1_32' title="bbox 71 2228 1844 2275; baseline -0.003 -6"><span class='ocrx_word' id='word_1_336' title='bbox 71 2234 114 2268; x_wconf 92' lang='lat' dir='ltr'><em>D.</em></span> <span class='ocrx_word' id='word_1_337' title='bbox 142 2233 295 2268; x_wconf 85' lang='lat' dir='ltr'><em>Canisio.</em></span> <span class='ocrx_word' id='word_1_338' title='bbox 341 2234 527 2268; x_wconf 78' lang='lat' dir='ltr'><em>Canisium</em></span> <span class='ocrx_word' id='word_1_339' title='bbox 551 2244 637 2266; x_wconf 81' lang='lat' dir='ltr'><em>sane</em></span> <span class='ocrx_word' id='word_1_340' title='bbox 663 2243 771 2266; x_wconf 76' lang='lat' dir='ltr'><em>novus</em></span> <span class='ocrx_word' id='word_1_341' title='bbox 796 2232 856 2265; x_wconf 76' lang='lat' dir='ltr'><em>ille</em></span> <span class='ocrx_word' id='word_1_342' title='bbox 882 2231 1167 2274; x_wconf 68' lang='lat' dir='ltr'><em>archiepiscopus</em></span> <span class='ocrx_word' id='word_1_343' title='bbox 1191 2231 1473 2275; x_wconf 72' lang='lat' dir='ltr'><em>salisbmyensis,</em></span> <span class='ocrx_word' id='word_1_344' title='bbox 1503 2231 1663 2264; x_wconf 60' lang='lat' dir='ltr'><em>‚Ioannes</em></span> <span class='ocrx_word' id='word_1_345' title='bbox 1687 2228 1844 2264; x_wconf 84' lang='lat' dir='ltr'><em>Jacobus</em></span> 
     </span>
     <span class='ocr_line' id='line_1_33' title="bbox 71 2284 1843 2331; baseline -0.003 -9"><span class='ocrx_word' id='word_1_346' title='bbox 71 2288 203 2322; x_wconf 77' lang='lat' dir='ltr'><em>Khuen</em></span> <span class='ocrx_word' id='word_1_347' title='bbox 229 2289 270 2321; x_wconf 82' lang='lat' dir='ltr'><em>de</em></span> <span class='ocrx_word' id='word_1_348' title='bbox 286 2288 425 2331; x_wconf 74' lang='lat' dir='ltr'><em>Belasy,</em></span> <span class='ocrx_word' id='word_1_349' title='bbox 452 2288 551 2320; x_wconf 67' lang='lat' dir='ltr'><em>haud</em></span> <span class='ocrx_word' id='word_1_350' title='bbox 576 2287 685 2320; x_wconf 73' lang='lat' dir='ltr'><em>multo</em></span> <span class='ocrx_word' id='word_1_351' title='bbox 711 2289 792 2319; x_wconf 79' lang='lat' dir='ltr'><em>ante</em></span> <span class='ocrx_word' id='word_1_352' title='bbox 810 2297 880 2328; x_wconf 85' lang='lat' dir='ltr'><em>per</em></span> <span class='ocrx_word' id='word_1_353' title='bbox 907 2285 1042 2318; x_wconf 72' lang='lat' dir='ltr'><em>litteras</em></span> <span class='ocrx_word' id='word_1_354' title='bbox 1060 2286 1243 2317; x_wconf 77' lang='lat' dir='ltr'><em>certiorem</em></span> <span class='ocrx_word' id='word_1_355' title='bbox 1267 2285 1411 2327; x_wconf 75' lang='lat' dir='ltr'><em>fecerat,</em></span> <span class='ocrx_word' id='word_1_356' title='bbox 1436 2295 1470 2317; x_wconf 87' lang='lat' dir='ltr'><em>sc</em></span> <span class='ocrx_word' id='word_1_357' title='bbox 1490 2285 1673 2317; x_wconf 80' lang='lat' dir='ltr'><em>Societatis</em></span> <span class='ocrx_word' id='word_1_358' title='bbox 1698 2284 1843 2327; x_wconf 70' lang='lat' dir='ltr'><em>colleyia</em></span> 
     </span>
     <span class='ocr_line' id='line_1_34' title="bbox 73 2338 1841 2384; baseline -0.002 -9"><span class='ocrx_word' id='word_1_359' title='bbox 73 2342 220 2375; x_wconf 78' lang='lat' dir='ltr'><em>condere</em></span> <span class='ocrx_word' id='word_1_360' title='bbox 236 2343 409 2384; x_wconf 77' lang='lat' dir='ltr'><em>statuisse,</em></span> <span class='ocrx_word' id='word_1_361' title='bbox 436 2346 477 2384; x_wconf 83' lang='lat' dir='ltr'><em>et,</em></span> <span class='ocrx_word' id='word_1_362' title='bbox 506 2345 541 2373; x_wconf 78' lang='lat' dir='ltr'><em>at</em></span> <span class='ocrx_word' id='word_1_363' title='bbox 560 2351 599 2374; x_wconf 84' lang='lat' dir='ltr'><em>ea</em></span> <span class='ocrx_word' id='word_1_364' title='bbox 620 2342 657 2372; x_wconf 73' lang='lat' dir='ltr'><em>in</em></span> <span class='ocrx_word' id='word_1_365' title='bbox 676 2351 713 2373; x_wconf 89' lang='lat' dir='ltr'><em>re</em></span> <span class='ocrx_word' id='word_1_366' title='bbox 731 2340 889 2372; x_wconf 79' lang='lat' dir='ltr'><em>consiliis</em></span> <span class='ocrx_word' id='word_1_367' title='bbox 905 2350 940 2371; x_wconf 88' lang='lat' dir='ltr'><em>se</em></span> <span class='ocrx_word' id='word_1_368' title='bbox 957 2338 1155 2381; x_wconf 66' lang='lat' dir='ltr'><em>(adiuvaret,</em></span> <span class='ocrx_word' id='word_1_369' title='bbox 1179 2341 1389 2381; x_wconf 62' lang='lat' dir='ltr'><em>rogaverat,-</em></span> <span class='ocrx_word' id='word_1_370' title='bbox 1414 2349 1441 2370; x_wconf 73' lang='lat' dir='ltr'><em>c.</em></span> <span class='ocrx_word' id='word_1_371' title='bbox 1460 2348 1573 2380; x_wconf 81' lang='lat' dir='ltr'><em>supra</em></span> <span class='ocrx_word' id='word_1_372' title='bbox 1583 2349 1622 2381; x_wconf 90' lang='lat' dir='ltr'><em>p.</em></span> <span class='ocrx_word' id='word_1_373' title='bbox 1642 2339 1841 2371; x_wconf 76' lang='lat'>467—468.</span> 
     </span>
     <span class='ocr_line' id='line_1_35' title="bbox 73 2391 1843 2439; baseline -0.003 -10"><span class='ocrx_word' id='word_1_374' title='bbox 73 2397 127 2429; x_wconf 85' lang='lat' dir='ltr'><em>Ac</em></span> <span class='ocrx_word' id='word_1_375' title='bbox 146 2396 333 2439; x_wconf 78' lang='lat' dir='ltr'><em>Polancus,</em></span> <span class='ocrx_word' id='word_1_376' title='bbox 359 2395 487 2428; x_wconf 81' lang='lat' dir='ltr'><em>Natali</em></span> <span class='ocrx_word' id='word_1_377' title='bbox 509 2395 555 2427; x_wconf 76' lang='lat' dir='ltr'><em>aa</em></span> <span class='ocrx_word' id='word_1_378' title='bbox 573 2395 712 2427; x_wconf 80' lang='lat' dir='ltr'><em>litteras</em></span> <span class='ocrx_word' id='word_1_379' title='bbox 728 2395 785 2426; x_wconf 86' lang='grc'>20.</span> <span class='ocrx_word' id='word_1_380' title='bbox 804 2391 1010 2426; x_wconf 73' lang='lat' dir='ltr'><em>Novembris</em></span> <span class='ocrx_word' id='word_1_381' title='bbox 1031 2393 1122 2425; x_wconf 81' lang='grc'>1562</span> <span class='ocrx_word' id='word_1_382' title='bbox 1140 2392 1244 2424; x_wconf 76' lang='lat' dir='ltr'><em>datas</em></span> <span class='ocrx_word' id='word_1_383' title='bbox 1266 2391 1434 2424; x_wconf 76' lang='lat' dir='ltr'><em>Trideuto</em></span> <span class='ocrx_word' id='word_1_384' title='bbox 1453 2392 1508 2424; x_wconf 84' lang='grc'><em>28.</em></span> <span class='ocrx_word' id='word_1_385' title='bbox 1526 2391 1732 2424; x_wconf 82' lang='lat' dir='ltr'><em>Novembris</em></span> <span class='ocrx_word' id='word_1_386' title='bbox 1752 2392 1843 2423; x_wconf 79' lang='lat'><em>1562</em></span> 
     </span>
     <span class='ocr_line' id='line_1_36' title="bbox 72 2443 1843 2491; baseline -0.003 -9"><span class='ocrx_word' id='word_1_387' title='bbox 72 2450 202 2482; x_wconf 83' lang='lat' dir='ltr'><em>Lainii</em></span> <span class='ocrx_word' id='word_1_388' title='bbox 227 2450 367 2482; x_wconf 79' lang='lat' dir='ltr'><em>nomine</em></span> <span class='ocrx_word' id='word_1_389' title='bbox 392 2448 605 2491; x_wconf 78' lang='lat' dir='ltr'><em>rescribens,</em></span> <span class='ocrx_word' id='word_1_390' title='bbox 631 2448 673 2479; x_wconf 77' lang='lat' dir='ltr'><em>(ie</em></span> <span class='ocrx_word' id='word_1_391' title='bbox 703 2446 868 2479; x_wconf 75' lang='lat' dir='ltr'><em>Canisio:</em></span> <span class='ocrx_word' id='word_1_392' title='bbox 893 2443 944 2477; x_wconf 82' lang='lat' dir='ltr'><em>La</em></span> <span class='ocrx_word' id='word_1_393' title='bbox 969 2444 1092 2478; x_wconf 88' lang='lat' dir='ltr'><em>uenita</em></span> <span class='ocrx_word' id='word_1_394' title='bbox 1118 2443 1194 2485; x_wconf 86' lang='lat' dir='ltr'><em>del,</em></span> <span class='ocrx_word' id='word_1_395' title='bbox 1222 2445 1338 2487; x_wconf 80' lang='lat' dir='ltr'><em>inquit</em></span> <span class='ocrx_word' id='word_1_396' title='bbox 1347 2471 1357 2488; x_wconf 86' lang='lat'><em>,</em></span> <span class='ocrx_word' id='word_1_397' title='bbox 1391 2455 1411 2477; x_wconf 92' lang='lat' dir='ltr'><em>a</em></span> <span class='ocrx_word' id='word_1_398' title='bbox 1437 2443 1674 2487; x_wconf 68' lang='lat' dir='ltr'><em>Salisburgoa</em></span> <span class='ocrx_word' id='word_1_399' title='bbox 1700 2455 1843 2488; x_wconf 87' lang='lat' dir='ltr'><em>aunque</em></span> 
     </span>
     <span class='ocr_line' id='line_1_37' title="bbox 72 2495 1842 2546; baseline -0.004 -10"><span class='ocrx_word' id='word_1_400' title='bbox 72 2513 112 2536; x_wconf 88' lang='lat' dir='ltr'><em>se</em></span> <span class='ocrx_word' id='word_1_401' title='bbox 138 2501 210 2536; x_wconf 89' lang='lat' dir='ltr'><em>crei</em></span> <span class='ocrx_word' id='word_1_402' title='bbox 236 2512 305 2546; x_wconf 87' lang='lat' dir='ltr'><em>que</em></span> <span class='ocrx_word' id='word_1_403' title='bbox 331 2501 511 2546; x_wconf 86' lang='lat' dir='ltr'><em>ayudara:</em></span> <span class='ocrx_word' id='word_1_404' title='bbox 548 2499 584 2534; x_wconf 83' lang='lat' dir='ltr'><em>Si</em></span> <span class='ocrx_word' id='word_1_405' title='bbox 609 2511 680 2533; x_wconf 91' lang='lat' dir='ltr'><em>non</em></span> <span class='ocrx_word' id='word_1_406' title='bbox 705 2498 861 2543; x_wconf 87' lang='lat' dir='ltr'><em>sepuede</em></span> <span class='ocrx_word' id='word_1_407' title='bbox 896 2508 982 2531; x_wconf 87' lang='lat' dir='ltr'><em>auer</em></span> <span class='ocrx_word' id='word_1_408' title='bbox 1009 2496 1064 2530; x_wconf 90' lang='lat' dir='ltr'><em>sin</em></span> <span class='ocrx_word' id='word_1_409' title='bbox 1090 2496 1220 2530; x_wconf 87' lang='lat' dir='ltr'><em>mucha</em></span> <span class='ocrx_word' id='word_1_410' title='bbox 1250 2496 1449 2530; x_wconf 84' lang='lat' dir='ltr'><em>difficultad</em></span> <span class='ocrx_word' id='word_1_411' title='bbox 1484 2496 1519 2530; x_wconf 89' lang='lat' dir='ltr'><em>la</em></span> <span class='ocrx_word' id='word_1_412' title='bbox 1553 2496 1699 2530; x_wconf 84' lang='lat' dir='ltr'><em>licentia</em></span> <span class='ocrx_word' id='word_1_413' title='bbox 1727 2495 1842 2540; x_wconf 85' lang='lat' dir='ltr'><em>(como</em></span> 
     </span>
     <span class='ocr_line' id='line_1_38' title="bbox 73 2549 1842 2600; baseline -0.004 -10"><span class='ocrx_word' id='word_1_414' title='bbox 73 2567 111 2589; x_wconf 87' lang='lat' dir='ltr'><em>es</em></span> <span class='ocrx_word' id='word_1_415' title='bbox 138 2555 181 2589; x_wconf 87' lang='lat' dir='ltr'><em>de</em></span> <span class='ocrx_word' id='word_1_416' title='bbox 206 2566 308 2589; x_wconf 81' lang='lat' dir='ltr'><em>creer</em></span> <span class='ocrx_word' id='word_1_417' title='bbox 331 2554 589 2600; x_wconf 83' lang='lat' dir='ltr'><em>speoialmente</em></span> <span class='ocrx_word' id='word_1_418' title='bbox 616 2564 659 2587; x_wconf 90' lang='lat' dir='ltr'><em>en</em></span> <span class='ocrx_word' id='word_1_419' title='bbox 686 2552 720 2586; x_wconf 91' lang='lat' dir='ltr'><em>el</em></span> <span class='ocrx_word' id='word_1_420' title='bbox 746 2551 904 2594; x_wconf 86' lang='lat' dir='ltr'><em>auiento)</em></span> <span class='ocrx_word' id='word_1_421' title='bbox 933 2562 972 2584; x_wconf 86' lang='lat' dir='ltr'><em>se</em></span> <span class='ocrx_word' id='word_1_422' title='bbox 998 2549 1110 2594; x_wconf 83' lang='lat' dir='ltr'><em>podra</em></span> <span class='ocrx_word' id='word_1_423' title='bbox 1136 2550 1267 2584; x_wconf 85' lang='lat' dir='ltr'><em>dexar:</em></span> <span class='ocrx_word' id='word_1_424' title='bbox 1293 2561 1317 2594; x_wconf 87' lang='lat' dir='ltr'><strong>y</strong></span> <span class='ocrx_word' id='word_1_425' title='bbox 1343 2549 1386 2583; x_wconf 92' lang='lat' dir='ltr'>V.</span> <span class='ocrx_word' id='word_1_426' title='bbox 1410 2549 1453 2584; x_wconf 89' lang='lat' dir='ltr'>R.</span> <span class='ocrx_word' id='word_1_427' title='bbox 1479 2549 1648 2584; x_wconf 85' lang='lat' dir='ltr'><em>saludara</em></span> <span class='ocrx_word' id='word_1_428' title='bbox 1673 2549 1708 2583; x_wconf 90' lang='lat' dir='ltr'><em>al</em></span> <span class='ocrx_word' id='word_1_429' title='bbox 1734 2550 1842 2584; x_wconf 82' lang='lat' dir='ltr'><em>Arco-</em></span> 
     </span>
     <span class='ocr_line' id='line_1_39' title="bbox 71 2602 1842 2654; baseline -0.004 -11"><span class='ocrx_word' id='word_1_430' title='bbox 71 2609 174 2654; x_wconf 91' lang='lat' dir='ltr'><em>bispo</em></span> <span class='ocrx_word' id='word_1_431' title='bbox 199 2607 329 2643; x_wconf 85' lang='lat' dir='ltr'><em>mucho</em></span> <span class='ocrx_word' id='word_1_432' title='bbox 355 2608 503 2653; x_wconf 82' lang='lat' dir='ltr'><em>departe</em></span> <span class='ocrx_word' id='word_1_433' title='bbox 530 2607 572 2641; x_wconf 88' lang='lat' dir='ltr'><em>de</em></span> <span class='ocrx_word' id='word_1_434' title='bbox 598 2608 745 2640; x_wconf 91' lang='lat' dir='ltr'><em>nuestro</em></span> <span class='ocrx_word' id='word_1_435' title='bbox 771 2604 901 2650; x_wconf 86' lang='lat' dir='ltr'><em>padre,</em></span> <span class='ocrx_word' id='word_1_436' title='bbox 927 2616 952 2648; x_wconf 86' lang='lat' dir='ltr'><strong>y</strong></span> <span class='ocrx_word' id='word_1_437' title='bbox 977 2603 1136 2637; x_wconf 81' lang='lat' dir='ltr'><em>tanibien</em></span> <span class='ocrx_word' id='word_1_438' title='bbox 1162 2602 1220 2637; x_wconf 88' lang='lat' dir='ltr'><em>del</em></span> <span class='ocrx_word' id='word_1_439' title='bbox 1244 2603 1354 2648; x_wconf 88' lang='lat' dir='ltr'><em>padre</em></span> <span class='ocrx_word' id='word_1_440' title='bbox 1380 2605 1537 2637; x_wconf 86' lang='lat' dir='ltr'><em>maestro</em></span> <span class='ocrx_word' id='word_1_441' title='bbox 1562 2602 1748 2637; x_wconf 87' lang='lat' dir='ltr'><em>Salmeron</em></span> <span class='ocrx_word' id='word_1_442' title='bbox 1774 2614 1842 2647; x_wconf 88' lang='lat' dir='ltr'><em>que</em></span> 
     </span>
     <span class='ocr_line' id='line_1_40' title="bbox 73 2655 1843 2707; baseline -0.004 -10"><span class='ocrx_word' id='word_1_443' title='bbox 73 2673 137 2696; x_wconf 88' lang='lat' dir='ltr'><em>son</em></span> <span class='ocrx_word' id='word_1_444' title='bbox 164 2661 302 2706; x_wconf 83' lang='lat' dir='ltr'><em>amigos</em></span> <span class='ocrx_word' id='word_1_445' title='bbox 335 2661 450 2707; x_wconf 87' lang='lat' dir='ltr'><em>uiejos</em></span> <span class='ocrx_word' id='word_1_446' title='bbox 485 2661 548 2695; x_wconf 89' lang='lat' dir='ltr'><em>des</em></span> <span class='ocrx_word' id='word_1_447' title='bbox 584 2660 699 2704; x_wconf 85' lang='lat' dir='ltr'><em>deque</em></span> <span class='ocrx_word' id='word_1_448' title='bbox 733 2658 768 2693; x_wconf 89' lang='lat' dir='ltr'><em>la</em></span> <span class='ocrx_word' id='word_1_449' title='bbox 803 2660 948 2692; x_wconf 89' lang='lat' dir='ltr'><em>otrauez</em></span> <span class='ocrx_word' id='word_1_450' title='bbox 985 2659 1112 2691; x_wconf 88' lang='lat' dir='ltr'><em>estuuo</em></span> <span class='ocrx_word' id='word_1_451' title='bbox 1148 2668 1191 2690; x_wconf 90' lang='lat' dir='ltr'><em>en</em></span> <span class='ocrx_word' id='word_1_452' title='bbox 1217 2655 1396 2690; x_wconf 88' lang='lat' dir='ltr'><em>Trent0¹:</em></span> <span class='ocrx_word' id='word_1_453' title='bbox 1431 2668 1456 2701; x_wconf 83' lang='lat' dir='ltr'><strong>y</strong></span> <span class='ocrx_word' id='word_1_454' title='bbox 1481 2657 1512 2690; x_wconf 88' lang='lat' dir='ltr'><em>si</em></span> <span class='ocrx_word' id='word_1_455' title='bbox 1545 2655 1747 2701; x_wconf 82' lang='lat' dir='ltr'><em>pareeiesse</em></span> <span class='ocrx_word' id='word_1_456' title='bbox 1774 2667 1843 2700; x_wconf 87' lang='lat' dir='ltr'><em>que</em></span> 
     </span>
     <span class='ocr_line' id='line_1_41' title="bbox 73 2709 1844 2758; baseline -0.005 -7"><span class='ocrx_word' id='word_1_457' title='bbox 73 2715 195 2750; x_wconf 87' lang='lat' dir='ltr'><em>debria</em></span> <span class='ocrx_word' id='word_1_458' title='bbox 221 2715 406 2750; x_wconf 81' lang='lat' dir='ltr'><em>escriuirle</em></span> <span class='ocrx_word' id='word_1_459' title='bbox 431 2714 514 2758; x_wconf 83' lang='lat' dir='ltr'><em>algo</em></span> <span class='ocrx_word' id='word_1_460' title='bbox 531 2713 574 2748; x_wconf 91' lang='lat' dir='ltr'>N.</span> <span class='ocrx_word' id='word_1_461' title='bbox 593 2713 711 2747; x_wconf 87' lang='lat' dir='ltr'><em>Padre</em></span> <span class='ocrx_word' id='word_1_462' title='bbox 735 2711 882 2746; x_wconf 82' lang='lat' dir='ltr'><em>tanbien</em></span> <span class='ocrx_word' id='word_1_463' title='bbox 907 2710 942 2744; x_wconf 93' lang='lat' dir='ltr'><em>lo</em></span> <span class='ocrx_word' id='word_1_464' title='bbox 960 2710 1058 2751; x_wconf 90' lang='lat' dir='ltr'><em>hara,</em></span> <span class='ocrx_word' id='word_1_465' title='bbox 1085 2720 1227 2753; x_wconf 87' lang='lat' dir='ltr'><em>aunque</em></span> <span class='ocrx_word' id='word_1_466' title='bbox 1245 2709 1356 2754; x_wconf 90' lang='lat' dir='ltr'><em>podra</em></span> <span class='ocrx_word' id='word_1_467' title='bbox 1387 2721 1445 2744; x_wconf 89' lang='lat' dir='ltr'><em>ser</em></span> <span class='ocrx_word' id='word_1_468' title='bbox 1469 2709 1583 2754; x_wconf 83' lang='lat' dir='ltr'><em>baste,</em></span> <span class='ocrx_word' id='word_1_469' title='bbox 1610 2721 1678 2753; x_wconf 89' lang='lat' dir='ltr'><em>que</em></span> <span class='ocrx_word' id='word_1_470' title='bbox 1704 2709 1844 2744; x_wconf 85' lang='lat' dir='ltr'><em>escriua</em></span> 
     </span>
     <span class='ocr_line' id='line_1_42' title="bbox 74 2768 288 2804; baseline 0 -1"><span class='ocrx_word' id='word_1_471' title='bbox 74 2769 107 2803; x_wconf 89' lang='lat' dir='ltr'><em>el</em></span> <span class='ocrx_word' id='word_1_472' title='bbox 134 2768 288 2804; x_wconf 84' lang='lat' dir='ltr'><em>Canisio.</em></span> 
     </span>
    </p>

    <p class='ocr_par' dir='ltr' id='par_1_9' title="bbox 74 2815 1841 2919">
     <span class='ocr_line' id='line_1_43' title="bbox 193 2815 1841 2865; baseline -0.004 -9"><span class='ocrx_word' id='word_1_473' title='bbox 193 2821 336 2856; x_wconf 85' lang='lat' dir='ltr'><em>Canisio</em></span> <span class='ocrx_word' id='word_1_474' title='bbox 362 2833 454 2856; x_wconf 89' lang='lat' dir='ltr'><em>anno</em></span> <span class='ocrx_word' id='word_1_475' title='bbox 480 2821 624 2865; x_wconf 87' lang='lat' dir='ltr'><em>quidem</em></span> <span class='ocrx_word' id='word_1_476' title='bbox 652 2819 743 2854; x_wconf 82' lang='grc'>1562</span> <span class='ocrx_word' id='word_1_477' title='bbox 770 2817 1019 2860; x_wconf 78' lang='lat' dir='ltr'><em>Salisburgum</em></span> <span class='ocrx_word' id='word_1_478' title='bbox 1045 2816 1098 2850; x_wconf 87' lang='lat' dir='ltr'><em>ire</em></span> <span class='ocrx_word' id='word_1_479' title='bbox 1123 2815 1183 2850; x_wconf 88' lang='lat' dir='ltr'><em>vel</em></span> <span class='ocrx_word' id='word_1_480' title='bbox 1210 2815 1253 2850; x_wconf 89' lang='lat' dir='ltr'><em>ob</em></span> <span class='ocrx_word' id='word_1_481' title='bbox 1279 2816 1347 2850; x_wconf 84' lang='lat' dir='ltr'><em>hoc</em></span> <span class='ocrx_word' id='word_1_482' title='bbox 1372 2815 1490 2861; x_wconf 89' lang='lat' dir='ltr'><em>ipsum</em></span> <span class='ocrx_word' id='word_1_483' title='bbox 1515 2828 1583 2850; x_wconf 91' lang='lat' dir='ltr'><em>non</em></span> <span class='ocrx_word' id='word_1_484' title='bbox 1610 2816 1722 2858; x_wconf 79' lang='lat' dir='ltr'><em>heuit,</em></span> <span class='ocrx_word' id='word_1_485' title='bbox 1748 2816 1841 2861; x_wconf 90' lang='lat' dir='ltr'><em>quod</em></span> 
     </span>
     <span class='ocr_line' id='line_1_44' title="bbox 74 2868 1841 2919; baseline -0.004 -9"><span class='ocrx_word' id='word_1_486' title='bbox 74 2887 175 2910; x_wconf 85' lang='lat' dir='ltr'><em>sacro</em></span> <span class='ocrx_word' id='word_1_487' title='bbox 210 2875 400 2910; x_wconf 85' lang='lat' dir='ltr'><em>Adventus</em></span> <span class='ocrx_word' id='word_1_488' title='bbox 434 2877 596 2919; x_wconf 84' lang='lat' dir='ltr'><em>tempore</em></span> <span class='ocrx_word' id='word_1_489' title='bbox 630 2872 818 2906; x_wconf 86' lang='lat' dir='ltr'><em>minimum</em></span> <span class='ocrx_word' id='word_1_490' title='bbox 854 2872 982 2915; x_wconf 88' lang='lat' dir='ltr'><em>quater</em></span> <span class='ocrx_word' id='word_1_491' title='bbox 1017 2868 1170 2913; x_wconf 81' lang='lat' dir='ltr'><em>singulis</em></span> <span class='ocrx_word' id='word_1_492' title='bbox 1207 2868 1440 2903; x_wconf 85' lang='lat' dir='ltr'><em>hebdomadis</em></span> <span class='ocrx_word' id='word_1_493' title='bbox 1475 2881 1494 2903; x_wconf 85' lang='lat' dir='ltr'><em>e</em></span> <span class='ocrx_word' id='word_1_494' title='bbox 1529 2881 1631 2903; x_wconf 87' lang='lat' dir='ltr'><em>sacro</em></span> <span class='ocrx_word' id='word_1_495' title='bbox 1665 2871 1841 2913; x_wconf 83' lang='lat' dir='ltr'><em>suggestu</em></span> 
     </span>
    </p>
   </div>
   <div class='ocr_carea' id='block_1_9' title="bbox 73 2925 818 2972">
    <p class='ocr_par' dir='ltr' id='par_1_10' title="bbox 73 2925 818 2972">
     <span class='ocr_line' id='line_1_45' title="bbox 73 2925 818 2972; baseline -0.008 -8"><span class='ocrx_word' id='word_1_496' title='bbox 73 2929 261 2964; x_wconf 84' lang='lat' dir='ltr'><em>dicendum</em></span> <span class='ocrx_word' id='word_1_497' title='bbox 288 2928 320 2963; x_wconf 89' lang='lat' dir='ltr'><em>ei</em></span> <span class='ocrx_word' id='word_1_498' title='bbox 347 2930 442 2969; x_wconf 81' lang='lat' dir='ltr'><em>erat;</em></span> <span class='ocrx_word' id='word_1_499' title='bbox 470 2927 516 2962; x_wconf 85' lang='lat' dir='ltr'><em>cf.</em></span> <span class='ocrx_word' id='word_1_500' title='bbox 542 2937 652 2972; x_wconf 85' lang='lat' dir='ltr'><em>supra</em></span> <span class='ocrx_word' id='word_1_501' title='bbox 677 2938 709 2970; x_wconf 90' lang='lat' dir='ltr'><em>p.</em></span> <span class='ocrx_word' id='word_1_502' title='bbox 738 2925 818 2959; x_wconf 86' lang='lat'>690.</span> 
     </span>
    </p>
   </div>
   <div class='ocr_carea' id='block_1_10' title="bbox 193 3040 575 3084">
    <p class='ocr_par' dir='ltr' id='par_1_11' title="bbox 193 3040 575 3084">
     <span class='ocr_line' id='line_1_46' title="bbox 193 3040 575 3084; baseline -0.003 -10"><span class='ocrx_word' id='word_1_503' title='bbox 193 3048 207 3061; x_wconf 58' lang='lat'><strong>³</strong></span> <span class='ocrx_word' id='word_1_504' title='bbox 232 3040 469 3084; x_wconf 85' lang='lat' dir='ltr'><em>Asalisburgo</em></span> <span class='ocrx_word' id='word_1_505' title='bbox 495 3040 575 3073; x_wconf 84' lang='lat' dir='ltr'><em>libr.</em></span> 
     </span>
    </p>
   </div>
   <div class='ocr_carea' id='block_1_11' title="bbox 200 3158 987 3198">
    <p class='ocr_par' dir='ltr' id='par_1_12' title="bbox 200 3158 987 3198">
     <span class='ocr_line' id='line_1_47' title="bbox 200 3158 987 3198; baseline -0.009 1"><span class='ocrx_word' id='word_1_506' title='bbox 200 3166 207 3184; x_wconf 92' lang='lat'>¹</span> <span class='ocrx_word' id='word_1_507' title='bbox 233 3164 349 3198; x_wconf 88' lang='lat' dir='ltr'><em>Annis</em></span> <span class='ocrx_word' id='word_1_508' title='bbox 377 3161 610 3197; x_wconf 80' lang='lat'>1546—1547</span> <span class='ocrx_word' id='word_1_509' title='bbox 637 3160 696 3195; x_wconf 87' lang='lat' dir='ltr'><em>vel</em></span> <span class='ocrx_word' id='word_1_510' title='bbox 724 3158 987 3194; x_wconf 71' lang='lat'>1551—1552?</span> 
     </span>
    </p>
   </div>
   <div class='ocr_carea' id='block_1_12' title="bbox 144 3218 1565 3260">
    <p class='ocr_par' dir='ltr' id='par_1_13' title="bbox 144 3218 1565 3260">
     <span class='ocr_line' id='line_1_48' title="bbox 144 3218 1565 3260; baseline -0.008 -6"><span class='ocrx_word' id='word_1_511' title='bbox 144 3231 168 3255; x_wconf 92' lang='lat' dir='ltr'><strong>B</strong></span> <span class='ocrx_word' id='word_1_512' title='bbox 180 3228 456 3260; x_wconf 82' lang='lat' dir='ltr'><em>raunsberger‚</em></span> <span class='ocrx_word' id='word_1_513' title='bbox 476 3228 586 3252; x_wconf 82' lang='lat' dir='ltr'><em>Canisii</em></span> <span class='ocrx_word' id='word_1_514' title='bbox 600 3225 757 3256; x_wconf 81' lang='lat' dir='ltr'><em>Epistulae</em></span> <span class='ocrx_word' id='word_1_515' title='bbox 771 3226 800 3249; x_wconf 81' lang='lat' dir='ltr'><em>et</em></span> <span class='ocrx_word' id='word_1_516' title='bbox 815 3225 898 3248; x_wconf 82' lang='lat' dir='ltr'><em>Acta.</em></span> <span class='ocrx_word' id='word_1_517' title='bbox 921 3224 974 3248; x_wconf 88' lang='grc' dir='ltr'><strong>ΙΙΙ.</strong></span> <span class='ocrx_word' id='word_1_518' title='bbox 1523 3218 1565 3249; x_wconf 79' lang='lat'><em>52</em></span> 
     </span>
    </p>
   </div>
   <div class='ocr_carea' id='block_1_13' title="bbox 240 3120 449 3123">
    <p class='ocr_par' dir='ltr' id='par_1_14' title="bbox 240 3120 449 3123">
     <span class='ocr_line' id='line_1_49' title="bbox 240 3120 449 3123; baseline 0 0"><span class='ocrx_word' id='word_1_519' title='bbox 240 3120 449 3123; x_wconf 95' lang='lat' dir='ltr'><em> </em></span> 
     </span>
    </p>
   </div>
  </div>
 </body>
</html>
