2093 3444
187 205 239 245 36
772 200 851 235 533.
888 200 1055 235 Canisius
1082 200 1210 236 Iacobo
1239 199 1373 234 Lainio.

184 334 279 362 eam
312 332 408 361 esse
442 317 737 368 concordiam,
781 332 877 359 cum
918 318 1112 372 nonnullj
1146 318 1278 360 etiam
1311 317 1534 372 Principes
1576 333 1623 361 se
1664 322 1813 362 mutuo
1855 320 1959 363 hae-

183 398 330 427 reseos
361 383 699 433 insimularint¹‚
734 397 844 424 unus
877 397 981 425 uero
1014 397 1100 424 non
1132 397 1285 437 parum
1313 383 1502 425 offensus
1535 398 1590 425 ex
1623 387 1838 427 conuentu
1871 385 1959 428 dis-

184 449 365 492 cesserit
408 448 639 490 immature
655 449 684 497 2,
728 462 910 501 cumque
954 448 1086 490 alium
1131 448 1251 490 breui
1297 451 1557 491 conuentum
1600 449 1830 492 Erfordiae
1871 450 1960 494 sint

184 514 428 567 inchoaturj
446 515 474 564 3,
509 516 557 556 ut
590 513 856 555 commodius
889 513 941 555 de
971 513 1210 566 Religionis
1243 527 1376 555 causa
1407 516 1635 564 tractetur,
1669 529 1798 568 quam
1822 515 1960 558 Num-

183 580 348 633 burgae
380 579 546 621 factum
579 582 659 628 est,
694 579 953 633 praesertim
986 579 1038 621 ob
1073 578 1295 632 Principes
1317 579 1671 624 Vinarienses³⁴.
1719 580 1777 622 Hi
1808 580 1961 624 fouent

184 645 399 687 Jlliricum
432 647 477 686 et
509 644 617 686 alios
639 644 885 697 Theologos
918 659 1001 686 non
1026 658 1188 698 paucos
1212 644 1585 698 &Vittenbergensi
1609 646 1791 688 Scholae
1822 646 1961 689 hosti-

184 711 285 752 liter
323 710 662 759 aduersantes5,
707 710 779 762 qui
820 724 945 751 51111111
987 723 1157 762 quoque
1200 712 1461 752 conuentum
1502 710 1544 751 in
1578 710 1765 754 Ciuitate
1798 712 1962 753 Bruns-

184 776 359 818 wicensi
392 776 521 830 paulo
554 778 654 829 post
686 775 1023 825 celebrabuntss,
1059 775 1174 816 haud
1207 774 1334 817 dubie
1367 778 1415 817 ut
1447 775 1665 817 diuersum
1699 776 1752 818 ab
1786 790 1836 819 eo
1869 779 1960 819 sta—

184 844 325 890 tuant,
361 841 481 883 cuius
513 855 626 882 nunc
658 840 903 894 gloriantur
935 840 1283 893 Numburgensis
1316 844 1556 884 conuentus
1588 841 1824 896 Principes,

303 913 399 954 Rex
421 912 676 954 Danoru1n⁷
709 926 755 953 se
779 914 978 954 amanter
1011 912 1169 954 obtulit
1200 914 1249 955 ut
1275 912 1485 963 audimus,
1519 912 1777 966 Numburgi,
1811 927 1961 967 quem-

185 978 416 1020 admodum
458 980 502 1020 et
541 977 728 1030 Angliae
770 977 959 1031 Regina,
1004 980 1052 1019 ut
1085 977 1370 1031 Augustanae
1412 978 1680 1020 Confessioni
1721 992 1817 1021 sese
1858 979 1960 1020 sub-

187 1043 412 1086 mitterent
452 1045 585 1096 atque
626 1043 948 1085 subscriberent
963 1043 992 1085 S.
1057 1043 1460 1085 Reuerendissimus
1493 1043 1702 1086 Dominus
1735 1044 1962 1086 Commen-

185 1109 337 1159 dunus‚
373 1109 443 1161 qui
466 1108 742 1163 profecturus
774 1122 902 1163 porro
937 1108 1108 1150 uidetur
1138 1108 1182 1150 in
1205 1108 1404 1158 Damam,
1438 1109 1671 1151 honorifice
1699 1109 1871 1162 quidem
1904 1110 1958 1152 ab

304 1247 317 1261 ³
345 1241 579 1276 Viuarienscs
609 1243 647 1275 E.

186 1384 224 1405 se
262 1372 516 1416 discrepabant
550 1391 595 1396 —
630 1371 927 1406 subscribendum
955 1373 1069 1407 esset:
1109 1370 1254 1405 tandem
1282 1369 1509 1404 dissimulata
1544 1369 1633 1404 haec
1671 1370 1866 1405 diversitas
1904 1372 1960 1405 est

189 1426 370 1469 (Calinxich
397 1425 419 1459 l.
448 1437 476 1459 0.
506 1437 537 1470 p.
568 1424 783 1461 159-1126).

308 1479 317 1498 ¹
344 1478 399 1512 Ita
418 1478 621 1513 Fridericus
648 1481 683 1512 et
702 1475 890 1522 Augustus
916 1477 1090 1512 electores
1118 1480 1153 1511 ct
1172 1476 1361 1522 Philippus
1384 1476 1614 1520 lantgravius
1633 1489 1678 1511 ex
1696 1488 1778 1518 una,
1808 1477 1958 1511 Ioannes

186 1532 388 1566 Fridericus
416 1534 451 1566 et
479 1532 669 1567 Udalricus
697 1531 875 1566 Saxoniae
902 1533 938 1565 et
962 1530 1202 1575 Megalopolis
1228 1531 1337 1564 duces
1364 1542 1409 1564 ex
1435 1530 1551 1564 altera
1582 1532 1684 1575 parte
1713 1530 1765 1574 (J.
1792 1531 1958 1575 Janssen,

187 1585 404 1620 Geschichte
439 1585 502 1620 des
538 1585 735 1620 deutschen
762 1584 899 1619 Volkes
936 1584 982 1618 IV
1012 1584 1201 1628 [Freiburg
1237 1584 1258 1618 i.
1293 1584 1348 1618 ssr.
1379 1583 1502 1628 1896]‚
1545 1584 1741 1618 140—144.
1795 1585 1958 1618 ‹alinea-la

186 1639 207 1672 l.
237 1650 266 1673 c.
293 1651 326 1683 p.
358 1638 572 1682 178—185).

307 1692 320 1713 ²
346 1693 497 1726 Ioannes
523 1692 726 1726 Fridericus
753 1691 930 1726 Saxoniac
966 1691 1039 1725 dux
1066 1692 1096 1725 3.
1126 1690 1309 1725 Februarii
1347 1693 1494 1735 repente
1521 1690 1707 1724 Viuariam
1735 1690 1959 1734 (Vimariam,

186 1746 364 1789 NVeiniar)
393 1747 578 1791 profectus
605 1749 659 1780 est
689 1746 878 1788 (Haberle'n
908 1745 928 1779 l.
958 1757 985 1778 c.
1014 1757 1046 1790 p.
1075 1745 1155 1779 344.
1210 1745 1370 1778 Calt‘nich
1400 1744 1420 1777 l.
1449 1756 1477 1778 0.
1506 1756 1539 1789 p.
1570 1743 1665 1787 185).

308 1801 320 1819 ³
347 1799 555 1834 Conventus
591 1799 696 1834 liuius
734 1811 754 1833 a
792 1799 848 1832 2⁴2.
876 1798 1014 1844 Aprilis
1049 1798 1093 1832 ad
1131 1799 1161 1832 1.
1188 1798 1274 1832 Maii
1305 1798 1391 1832 1561
1430 1809 1450 1832 a
1486 1797 1730 1842 compluribus
1765 1796 1960 1832 electorum

187 1853 353 1892 saxonis.
392 1853 563 1898 palatini,
600 1852 952 1896 brandenburgensis
988 1851 1203 1886 consiliariis
1238 1854 1274 1886 et
1298 1851 1477 1894 theologis
1511 1851 1623 1885 habiti
1651 1862 1817 1885 recessus
1844 1851 1961 1886 editus

187 1909 243 1940 est
279 1918 299 1940 a
336 1908 372 1940 J.
404 1908 487 1941 Chr.
516 1908 656 1950 Liiniy,
696 1906 815 1940 Dritte
854 1907 925 1940 und
964 1906 1072 1940 letzte
1109 1905 1363 1940 Continuation
1394 1904 1578 1949 spicilegii
1616 1904 1862 1939 Ecclesiastici
1898 1906 1960 1939 des

187 1960 393 1994 Teutschen
420 1960 726 1994 Reichs-Archivs
754 1959 917 2005 (Leipzig
945 1960 1051 2000 1721)
1081 1971 1114 2004 p.
1142 1960 1341 1994 501—504.

309 2016 321 2034 ⁴
347 2014 526 2048 Ducatum
553 2014 648 2048 hunc
674 2013 852 2047 Saxoniae
880 2014 1030 2047 Ioannes
1058 2013 1261 2047 Fridericus
1288 2013 1353 2053 ΙΙ.,
1381 2012 1532 2046 loannes
1559 2011 1784 2054 Guilielmus,
1811 2012 1962 2047 Ioannes

187 2067 391 2102 Fridericus
410 2067 472 2101 Ill.
500 2067 633 2101 fratres
660 2067 897 2101 communiter
915 2070 999 2101 tunc
1019 2067 1200 2106 tenebant,
1227 2066 1278 2100 ita
1296 2068 1428 2105 tamen,
1455 2068 1496 2100 ut
1514 2065 1665 2099 Ioannes
1684 2065 1887 2100 Fridericus
1905 2065 1961 2106 ΙΙ.,

188 2123 276 2154 natu
302 2121 493 2162 maximus,
521 2121 650 2155 ceteris
677 2120 986 2155 consentientibus
1012 2120 1111 2154 solus
1138 2131 1219 2154 eum
1245 2121 1398 2163 regeret.

309 2176 322 2194 ⁵
348 2174 507 2209 Mathias
525 2174 584 2208 ille
602 2174 746 2209 Flacius
777 2173 984 2219 „Illyricus“
1016 2174 1164 2217 eiusque
1182 2173 1217 2207 in
1236 2172 1475 2207 universitate
1493 2172 1628 2207 ienensi
1650 2172 1687 2216 (J
1691 2172 1772 2216 ena)
1802 2172 1962 2216 collegae

188 2228 340 2262 loannes
361 2228 573 2271 VVigandus,
601 2228 809 2262 Matthaeus
828 2227 950 2268 Iudex,
978 2227 1097 2261 Simon
1117 2227 1290 2261 Musaeus
1307 2228 1375 2260 etc.
1399 2238 1437 2260 se
1456 2237 1579 2261 veram
1598 2237 1797 2271 puramque
1816 2225 1963 2260 Lutheri

188 2281 407 2322 doctrinam,
445 2292 552 2325 quam
579 2280 768 2326 Philippus
795 2280 1071 2321 Melanchthon‚
1109 2279 1692 2323 universitatis'vitenibcrgensis
1726 2279 1962 2324 coryphaeus,

188 2334 440 2373 adulterasset,
468 2337 590 2369 tenere
617 2346 660 2368 ac
685 2334 827 2368 tradere
855 2334 1048 2368 iactabant.

308 2388 321 2407 ⁶
346 2387 538 2421 Brunsvici
567 2387 881 2432 (Braunschweig)
911 2387 1084 2421 eiusmodi
1121 2388 1337 2420 conventum
1374 2386 1535 2420 habitum
1563 2385 1604 2419 iri
1633 2385 1739 2419 etiam
1768 2385 1960 2419 Ferdinan-

189 2441 255 2475 dus
281 2441 307 2475 1.
346 2452 472 2475 caesar
510 2443 546 2475 et
582 2441 715 2475 Hosius
752 2440 898 2474 ineunte
937 2451 1059 2474 mense
1096 2439 1227 2474 Martio
1266 2440 1354 2474 1561
1395 2440 1612 2484 acceperant
1653 2438 1854 2482 (Steinherz
1880 2438 1902 2472 l.
1931 2450 1960 2473 c.

188 2506 222 2539 p.
249 2493 348 2537 221).
399 2493 557 2528 Habitus
583 2496 704 2528 autem
730 2496 787 2528 est
811 2496 1011 2528 conventus
1037 2493 1201 2527 ordinum
1220 2492 1397 2527 Saxoniae
1423 2492 1604 2526 inferioris
1628 2504 1675 2526 m.
1702 2491 1791 2526 Iulio
1817 2503 1848 2526 a.
1871 2492 1958 2526 1561

190 2547 396 2591 Luneburgi
425 2547 671 2591 (Li'ineburg)‚
708 2548 743 2581 in
779 2558 848 2591 quo
885 2559 905 2581 a
930 2546 1110 2590 theologis
1136 2547 1299 2580 flacianis
1329 2545 1491 2588 „articuli
1517 2546 1836 2589 luneburgenses“‚
1872 2556 1962 2589 quos

190 2602 339 2641 vocant,
378 2601 537 2635 recessui
573 2601 856 2644 nauniburgensi
892 2600 1046 2646 oppositi
1085 2602 1170 2634 sunt
1210 2599 1348 2643 (Herm.
1377 2600 1574 2642 Hachfeld,
1613 2599 1746 2633 Martin
1774 2598 1961 2633 Chemnitz

191 2654 351 2700 [Leipzig
380 2653 484 2697 1867]
512 2666 544 2699 p.
573 2654 647 2698 20).

310 2709 322 2728 7
347 2707 552 2741 Fridericus
577 2708 621 2742 ΙΙ.
658 2707 795 2742 Daniae
830 2720 895 2741 rex
930 2707 1156 2750 Embsburgo
1193 2707 1224 2741 3.
1259 2706 1418 2740 Ianuarii
1456 2706 1543 2740 1561
1582 2706 1747 2749 Augusto
1782 2705 1960 2740 Saxoniae

189 2761 334 2795 electori
359 2760 567 2805 scripserat,
606 2772 645 2796 se
672 2762 912 2804 augustanam
939 2760 1198 2795 confessionem
1227 2771 1378 2804 eamque
1403 2759 1516 2793 solam
1543 2759 1665 2803 sequi;
1703 2769 1794 2803 quas
1819 2758 1961 2793 litteras

189 2814 301 2848 edidit
326 2815 454 2848 Heinr.
482 2815 616 2858 Heppe,
644 2813 862 2849 Geschichte
888 2814 951 2848 des
977 2813 1175 2848 deutschen
1200 2812 1526 2848 Protestantismus
1551 2812 1587 2846 in
1612 2812 1680 2846 den
1706 2811 1842 2846 Jahren
1870 2812 1960 2846 1555

190 2867 245 2902 bis
273 2867 360 2902 1581
391 2868 406 2901 Ι
435 2867 625 2911 (Marburg
654 2868 760 2911 1852)
789 2867 878 2902 Beil.
905 2879 937 2912 p.
968 2867 1165 2902 130—132.

311 2921 324 2941 ⁸
348 2920 503 2954 Aliunde
540 2921 630 2955 haec
668 2922 854 2956 constant:
895 2919 1142 2954 Elisabetham
1180 2919 1335 2963 Angliae
1373 2918 1536 2962 reginam
1576 2919 1607 2952 7.
1643 2917 1828 2952 Februarii
1869 2918 1956 2952 1561

190 2973 416 3017 Naumburgi
440 2985 504 3019 per
523 2973 821 3019 Christophorum
839 2973 970 3008 Mundt
995 2975 1171 3007 oratorem
1198 2972 1421 3018 principibus
1446 2971 1521 3006 illis
1547 2971 1759 3012 affirmasse,
1784 2971 1852 3005 sibi
1878 2982 1959 3006 cum

189 3025 279 3071 ipsis
305 3038 529 3061 communem
555 3038 635 3061 esse
652 3026 874 3071 religionem,
901 3026 1038 3071 hosque
1056 3026 1088 3061 8.
1107 3025 1292 3060 Februarii
1318 3025 1351 3060 ei
1367 3024 1614 3070 respondisse:
1642 3023 1749 3068 Spem
1774 3023 1842 3058 sibi
1869 3035 1958 3065 esse,

189 3078 439 3114 Elisabetham
464 3080 500 3114 in
527 3080 750 3115 confessione
776 3081 980 3123 augustana
1006 3090 1280 3124 permansuram
1298 3081 1365 3113 etc.
1395 3078 1576 3122 (Calinich
1602 3076 1626 3110 l.
1644 3088 1675 3111 0.
1701 3088 1734 3121 p.
1759 3076 1957 3112 208—210.

191 3133 313 3176 Heppe
336 3132 360 3167 1.
387 3145 417 3167 c.
443 3133 470 3174 Ι,
496 3133 587 3167 Βο11.
614 3145 647 3178 p.
676 3133 874 3168 132—137.
908 3134 985 3167 Jos.
1005 3134 1203 3176 Stevenson,
1229 3132 1406 3167 Calendar
1431 3130 1471 3165 of
1492 3130 1594 3165 State
1619 3130 1766 3174 Papers.
1806 3130 1958 3174 Foreign

190 3184 320 3226 Series,
347 3185 387 3220 of
407 3186 470 3220 the
495 3187 598 3229 reign
624 3187 663 3220 of
684 3186 885 3227 Ehzabeth,
915 3186 1145 3221 1560—1561
1176 3185 1335 3230 [London
1364 3183 1470 3228 1865]
1497 3195 1531 3218 n.
1558 3183 1638 3218 843.
1667 3182 1767 3226 970).
