2093 3444
377 158 456 192 575.
496 157 779 202 Christophorus
805 157 848 191 de
874 157 1027 192 Madrid.
1070 157 1183 192 Roma
1210 158 1242 192 2.
1269 157 1351 191 Iulii
1382 159 1482 193 1561.
1737 163 1817 204 177

161 276 320 308 Laim'us
345 286 423 308 cnm
445 276 601 308 Polanco
628 279 687 309 etc.
715 277 754 308 in
776 276 933 309 Galliam
954 276 1150 319 profectus.
1190 276 1379 309 Salmeron
1404 281 1434 308 et
1460 277 1670 311 Maca-idias
1695 279 1825 312 Laim'i

40 329 130 362 vices
152 340 274 372 yerere
299 330 399 362 iussi.
451 329 606 371 Regmlac
632 329 885 363 consultorzmt.
938 329 1129 372 Praecepta
1156 330 1197 362 de
1223 330 1350 362 litteris
1374 330 1579 363 scribendis.

161 413 416 454 Madridias
448 413 584 453 Roma
616 415 657 454 2.
682 414 867 467 Achzcsti
899 415 1013 454 1561
1048 413 1338 454 Vindobomcm
1367 413 1427 453 acl
1448 413 1675 455 Victoriam
1707 416 1822 469 haec,

34 483 209 538 praeter
241 479 343 531 alia,
376 477 544 519 scribit:
577 478 693 530 „Gla
724 478 889 519 lumere-
923 479 981 520 .V.
1006 479 1058 520 R.
1093 479 1224 519 inteso
1254 479 1297 519 Za
1323 479 1491 533 partita
1526 479 1572 519 cli
1594 479 1648 520 N.
1673 480 1821 521 Paclre

40 547 101 588 col
132 544 279 585 Padre
300 543 483 584 Polomco
520 547 554 584 et
587 544 689 584 altra·
721 544 799 584 dm·
832 544 941 585 della
976 545 1225 598 compaqnia
1258 544 1300 584 Za
1332 545 1448 584 uolta
1481 544 1527 584 di
1554 544 1746 586 Francia
1780 547 1822 587 al

36 611 176 667 primo
210 609 277 650 del
300 608 507 664 passat0¹
544 612 578 649 et
600 609 835 662 qualmente
868 610 913 650 in
946 623 1022 650 suo
1055 609 1172 662 luoqo
1207 613 1319 649 resta
1352 609 1382 649 il
1405 608 1553 650 Padi-e
1575 609 1821 651 Sabmerone

40 676 112 718 che
143 688 274 716 uerra
307 688 427 715 uerso
469 674 500 715 il
532 674 746 715 settembre
780 674 826 714 dc·
858 673 1017 728 Napoli
1050 674 1266 728 portando
1308 675 1348 714 io
1377 673 1455 726 fra
1488 679 1626 729 questo
1663 680 1823 717 mentre

40 742 72 783 il
100 754 198 796 peso
226 754 306 794 per
337 738 408 780 clze
424 752 526 793 poco
560 739 666 793 dopo
699 739 743 779 la
775 739 840 779 lor
869 740 1032 793 partita
1064 739 1115 780 bo
1138 740 1279 780 scritto
1313 740 1355 780 αἰ
1377 739 1524 781 Padre
1545 739 1599 781 D.
1629 740 1822 782 &amissio

43 806 90 848 di
130 809 269 861 questo
312 804 524 845 drizando
567 805 593 845 <lv
626 804 670 846 V.
705 804 758 846 R.
799 804 836 845 le
875 805 1015 845 lettere
1056 819 1129 846 con
1174 806 1330 846 intento
1371 805 1443 845 che
1482 805 1544 846 lui
1586 805 1753 847 absente
1786 807 1824 848 le

40 871 234 925 accitasse,
277 870 298 911 ὸ
333 870 505 911 essendo
530 874 726 924 presente
755 869 851 924 ylile
884 874 1108 911 mostrasse
1142 874 1176 910 et
1210 870 1306 911 (lese
1338 871 1456 924 copia
1496 870 1562 912 (ch
1595 870 1738 924 sufficio
1772 873 1823 914 cle

41 937 280 989 consultori,
305 936 376 977 che.
399 935 471 976 all'
492 935 599 976 hora
617 935 844 985 domando,
870 939 906 976 ct
929 935 973 975 (ἰ)
990 935 1093 976 altri
1114 936 1260 976 ordini
1278 936 1386 976 clam·
1409 936 1521 976 circa
1543 936 1570 976 il
1592 936 1817 978 serium-eff

160 1024 260 1058 Haec
286 1024 489 1065 ostendunt,
517 1023 555 1057 P.
577 1023 874 1069 Christophorum
892 1023 1121 1065 Madridium,
1149 1023 1210 1067 qui
1236 1034 1254 1056 e
1273 1023 1389 1057 Lainii
1419 1023 1714 1065 „assistentibus“
1744 1027 1823 1059 erat

41 1079 78 1112 et
103 1089 160 1112 res
186 1077 315 1111 Italiae
342 1078 491 1111 curabat
520 1077 734 1120 (Sacc-bimis
759 1077 853 1111 Hist.
882 1076 916 1111 S.
945 1077 977 1110 J.
1005 1076 1048 1117 Π,
1076 1076 1098 1110 1,
1127 1077 1158 1111 2.
1189 1088 1223 1111 n.
1250 1077 1326 1120 46),
1353 1077 1397 1110 ab
1423 1076 1501 1121 ipso
1528 1076 1642 1111 Roma
1669 1078 1823 1111 abeunte

39 1142 99 1165 res
126 1130 338 1173 Societatis,
375 1131 487 1165 donec
521 1130 562 1164 P.
589 1130 796 1175 Alphonsus
823 1130 1027 1171 Salmeron,
1065 1130 1272 1175 provinciae
1308 1130 1558 1174 neapolitanae
1590 1130 1624 1165 S.
1653 1131 1684 1165 J.
1721 1143 1822 1176 prae-

39 1184 191 1229 positus,
217 1184 368 1218 Romam
393 1183 570 1226 venisset,
597 1183 851 1218 administrare
876 1183 1017 1218 iussum
1043 1195 1133 1218 esse.
1185 1184 1383 1218 Sacchinus
1408 1183 1552 1228 quidem
1578 1183 1823 1219 Salmeronem

39 1249 62 1272 a
87 1237 212 1272 Lainio
252 1238 437 1282 „regendis
465 1238 590 1272 Italiae
622 1237 838 1282 Siciliaeque
873 1237 1086 1282 prouinciis“
1125 1239 1268 1271 tantum
1304 1237 1523 1271 destinatum
1559 1249 1638 1272 esse
1674 1238 1818 1273 scribit:

0 1299 1 1332 l
44 1291 233 1334 „Boreales
262 1290 435 1336 [Lainius]
471 1303 535 1336 per
565 1303 604 1325 se
640 1294 718 1325 erat
752 1291 830 1336 ipse
865 1303 911 1325 ex
936 1291 1136 1336 propinquo
1171 1291 1357 1325 recturus“
1390 1290 1499 1334 (Hist.
1527 1290 1561 1324 S.
1589 1291 1622 1325 J.
1649 1291 1702 1333 Π,
1738 1291 1762 1326 l.
1790 1293 1822 1334 5,

0 1363 1 1366 ¹
39 1356 74 1380 n.
96 1345 182 1386 134;
209 1345 375 1379 similiter
397 1347 438 1379 G.
458 1347 573 1379 Boero
598 1345 632 1379 S.
652 1345 696 1386 J„
715 1344 801 1379 Vita
829 1345 886 1379 del
905 1343 1017 1378 Servo
1044 1344 1079 1378 di
1097 1343 1164 1378 Dio
1190 1343 1229 1378 P.
1249 1343 1402 1378 Alfonso
1422 1343 1629 1378 Salmerone
1658 1343 1822 1388 [Firenze

42 1397 148 1442 1880]
175 1410 208 1443 p.
237 1398 320 1442 76);
355 1401 392 1432 at
419 1411 499 1433 cum
527 1411 572 1432 ex
598 1398 662 1439 iis,
695 1410 787 1442 quae
813 1398 1029 1432 Madridium
1057 1398 1088 1432 2.
1116 1397 1275 1441 Augusti
1304 1398 1393 1431 1561
1420 1396 1604 1431 Victoriae
1631 1398 1822 1443 scripsisse

39 1451 144 1485 modo
183 1451 318 1486 dictum
352 1454 426 1494 est,
464 1454 541 1487 tum
580 1464 625 1486 ex
661 1452 748 1497 ipsis
782 1451 915 1486 litteris
950 1454 986 1485 et
1019 1451 1214 1485 canisianis
1249 1453 1286 1484 et
1319 1450 1496 1492 romanis,
1532 1462 1622 1495 quas
1658 1452 1822 1496 proxime

40 1516 190 1550 ponam,
226 1509 285 1540 sat
319 1506 415 1540 clare
441 1505 683 1549 intellegitur,
720 1505 885 1539 Lainium
912 1505 1111 1539 Salmeroni
1146 1504 1255 1538 etiam
1292 1504 1336 1538 ad
1362 1504 1590 1547 germanicas
1616 1505 1822 1549 provincias

40 1569 106 1592 suo
131 1558 210 1593 loco
236 1560 451 1604 nomineque
485 1559 790 1593 administrandas
826 1559 1083 1593 auctoritatem
1107 1558 1297 1599 tribuisse,
1334 1557 1385 1591 ita
1410 1559 1552 1599 tamen,
1587 1560 1628 1592 ut
1653 1559 1823 1602 graviora

41 1613 219 1656 quaedam
245 1613 290 1647 ad
315 1624 355 1647 se
381 1613 522 1647 iuberet
547 1613 686 1647 referri.
738 1613 855 1654 Quare
882 1612 921 1646 P.
949 1613 1103 1646 Ioannes
1130 1613 1291 1645 Pezzano
1318 1610 1353 1645 S.
1381 1611 1413 1645 J.
1441 1611 1555 1645 Roma
1581 1612 1637 1646 28.
1664 1613 1824 1656 Augusti

42 1666 132 1701 1561
160 1667 198 1700 in
224 1666 449 1701 Lusitaniam
475 1667 520 1701 ad
548 1666 587 1700 Ρ.
614 1666 875 1711 Hieronymum
901 1665 1068 1700 Natalem
1094 1665 1203 1706 haec,
1237 1664 1375 1698 nullam
1400 1665 1535 1699 addens
1562 1666 1822 1710 exceptionem,

38 1720 205 1765 scripsit:
245 1720 309 1763 „El
335 1720 374 1755 Ρ.
402 1720 563 1755 Maestro
590 1719 776 1754 Salmeron
810 1721 891 1754 sera
918 1721 1021 1764 aqui,
1058 1719 1133 1753 Deo
1161 1719 1269 1759 duce,
1306 1730 1394 1763 para
1419 1719 1583 1752 mediado
1611 1718 1822 1761 Setiembm,

38 1776 155 1817 segun
179 1786 246 1808 nos
271 1773 401 1815 scriue,
427 1787 451 1819 y
477 1776 581 1808 terna
608 1773 640 1807 el
666 1773 772 1817 lugar
798 1773 840 1807 de
867 1774 1013 1807 nuestro
1041 1773 1177 1807 Padre“
1210 1771 1411 1817 (Epistolae
1438 1771 1477 1806 P.
1506 1773 1628 1806 Nadal
1654 1773 1685 1813 Ι,
1713 1773 1822 1816 518);

40 1829 77 1861 et
94 1828 241 1862 Natalis
265 1827 343 1873 ipse
370 1828 405 1862 in
428 1827 766 1873 „Ephemeridibus“
793 1827 954 1861 notavit:
986 1826 1256 1869 „Intelleximus
1283 1837 1329 1859 ex
1346 1825 1462 1860 literis
1488 1826 1645 1860 romanis
1671 1827 1821 1861 missum

38 1880 185 1915 Patrem
212 1881 420 1925 generalem
448 1910 452 1915 .
477 1910 482 1915 .
505 1909 510 1915 .
538 1881 575 1915 in
599 1881 753 1915 Galliam
782 1908 788 1914 .
811 1909 816 1914 .
838 1908 844 1914 .
872 1880 1083 1924 designasse
1109 1880 1285 1914 vicarium
1304 1879 1450 1913 Patrem
1470 1907 1475 1913 .
1499 1908 1501 1911 .
1525 1907 1532 1912 .
1552 1879 1817 1914 Salmeronem“

41 1934 79 1978 (l.
107 1946 136 1969 c.
163 1935 208 1977 II,
236 1934 309 1980 79).

159 1988 238 2023 Hoc
264 2000 406 2034 quoque
438 2000 484 2022 ex
514 1987 572 2023 his
597 1987 768 2022 Madridii
794 1987 914 2022 verbis
950 1986 1072 2031 colligi
1097 1998 1203 2032 posse
1229 1986 1393 2028 videtur,
1429 1986 1591 2029 litteras,
1627 1998 1718 2031 quas
1743 1987 1822 2032 ipse

40 2043 85 2077 ad
113 2041 295 2077 Canisium
322 2042 429 2088 paulo
456 2044 538 2087 post
564 2041 679 2076 Lainii
706 2042 906 2076 discessum
932 2052 971 2075 se
998 2040 1141 2075 dedisse
1168 2040 1342 2082 affirmat,
1374 2051 1446 2074 una
1472 2051 1553 2074 cum
1578 2040 1716 2083 regulis
1742 2041 1822 2075 sive

44 2096 201 2139 „officio“
232 2096 478 2130 consultorum
504 2095 755 2130 Vindobonam
788 2095 921 2129 missas
956 2106 1047 2129 esse.
1098 2094 1150 2128 De
1185 2094 1253 2128 hoc
1289 2096 1412 2127 autem
1447 2093 1564 2127 officio
1600 2093 1636 2127 in
1671 2094 1820 2138 antiquo

38 2149 100 2184 illo
126 2150 319 2184 *Indiculo
351 2148 513 2192 „Diuersi
539 2149 672 2183 ordini“
707 2148 805 2193 (vide
831 2160 941 2193 supra
966 2160 1000 2193 p.
1030 2148 1112 2192 159)
1147 2148 1184 2182 in
1219 2159 1251 2182 a.
1281 2147 1371 2182 1561
1398 2149 1565 2181 notatum
1593 2150 1667 2182 est:
1708 2148 1760 2189 „A
1787 2148 1819 2182 2.

39 2202 76 2238 di
92 2203 222 2247 Luglio
243 2203 276 2237 si
292 2203 422 2237 mando
448 2202 470 2237 l’
483 2202 600 2237 officio
620 2202 704 2237 delli
722 2201 926 2247 Consultorj
947 2201 1004 2236 del
1022 2201 1248 2236 Prouinciale
1275 2204 1312 2235 et
1329 2201 1457 2235 Rettor
1482 2203 1503 2235 a
1523 2228 1529 2235 .
1551 2228 1557 2234 .
1578 2229 1585 2235 .
1605 2200 1818 2244 Alemagna,

37 2256 225 2292 Fiandra.“
279 2256 417 2291 Harum
447 2255 689 2300 „Regularum
715 2256 980 2291 consultorum“
1014 2254 1106 2299 („De
1132 2255 1250 2289 officio
1277 2254 1493 2289 consultoris
1519 2253 1753 2299 prouincialis
1783 2258 1820 2289 et

37 2310 265 2355 Rectoris“)‚
300 2322 393 2354 quae
428 2310 472 2344 ab
498 2310 561 2350 iis,
601 2321 692 2354 quae
717 2321 813 2344 nunc
837 2309 874 2343 in
905 2310 1090 2352 „Iastctzcto
1117 2308 1328 2343 Societatis“
1364 2308 1451 2351 (HI,
1487 2308 1689 2352 137-138)
1719 2310 1817 2350 sunt,

37 2364 163 2399 multis
187 2364 277 2399 locis
306 2363 426 2408 (salva
451 2364 503 2398 rei
528 2364 748 2408 substantia)
778 2363 1004 2408 discrepant,
1043 2362 1292 2408 apographum
1319 2374 1350 2396 a.
1380 2361 1470 2396 1561
1500 2361 1557 2406 (ut
1582 2362 1742 2405 videtur)
1781 2361 1819 2396 in

39 2418 191 2462 collegio
218 2417 253 2452 S.
279 2418 312 2452 J.
339 2417 614 2461 ingolstadiensi
645 2417 821 2462 scriptum
852 2418 974 2451 exstat
999 2417 1036 2450 in
1062 2417 1138 2451 cod.
1172 2416 1339 2460 „Antiqu.
1366 2414 1536 2458 Ingolst.“
1567 2415 1592 2449 f.
1620 2415 1817 2450 852—862».

39 2471 141 2514 Quod
163 2474 284 2506 autem
301 2471 502 2506 Madridius
512 2471 696 2506 Victoriae
713 2470 849 2513 scribit,
877 2470 986 2504 etiam
1005 2475 1199 2514 praecepta
1218 2470 1394 2514 quaedam
1413 2469 1459 2503 ad
1476 2469 1621 2503 modum
1638 2469 1820 2504 scribendi

38 2525 243 2571 spectantia
269 2537 348 2560 cum
374 2524 506 2560 litteris
525 2525 669 2560 Canisio
690 2524 882 2559 destinatis
899 2524 936 2558 in
955 2523 1185 2558 Germaniam
1203 2524 1316 2558 missa
1333 2534 1424 2565 esse,
1451 2523 1607 2557 fortasse
1625 2522 1688 2557 illa
1705 2522 1818 2557 missa

38 2581 142 2622 sunt,
169 2591 320 2624 quorum
346 2578 595 2624 apographum
621 2579 745 2613 eodem
770 2579 847 2612 fere
871 2579 1043 2623 tempore,
1074 2580 1184 2622 atque
1210 2577 1461 2622 archetypum,
1487 2576 1524 2610 in
1551 2576 1687 2611 Canisii
1712 2588 1818 2610 usum

38 2632 215 2678 scriptum
240 2635 363 2667 exstat
387 2632 424 2666 in
450 2632 525 2667 cod.
557 2631 665 2675 „Cam
692 2631 734 2667 X.
760 2631 825 2666 Sa“
855 2632 881 2666 f.
903 2631 1003 2666 19810.
1043 2630 1200 2673 Quorum
1226 2632 1502 2676 praeceptorum
1527 2630 1650 2664 brevis
1676 2641 1817 2664 summa

38 2685 129 2720 haec
155 2688 229 2721 est:
256 2686 440 2720 Sociorum
467 2697 509 2720 ac
526 2685 690 2720 laborum
715 2696 865 2720 numero
891 2684 1081 2719 admodum
1108 2687 1216 2719 aucto
1233 2684 1446 2725 litterarum,
1474 2695 1564 2728 quas
1582 2683 1677 2718 Socii
1703 2695 1818 2727 usque

39 2739 84 2774 ad
118 2739 155 2774 id
188 2741 333 2784 tempus
367 2751 414 2773 ex
439 2739 663 2784 praescripto
692 2738 1016 2782 „declarationum“
1047 2740 1199 2772 octavae
1225 2737 1340 2783 partis
1368 2736 1675 2771 Constitutionum
1711 2735 1755 2781 [c.
1785 2737 1816 2771 1.

38 2792 78 2828 L.
104 2793 153 2827 M.
179 2792 226 2837 N]
252 2792 347 2826 inter
371 2804 426 2835 se,
453 2794 490 2827 et
514 2793 672 2827 maxime
698 2792 868 2834 Romam,
895 2792 980 2826 dare
1006 2791 1103 2826 soliti
1128 2791 1217 2831 sint,
1244 2791 1496 2835 frequentiam,
1522 2802 1568 2824 ne
1593 2790 1818 2824 incommoda

39 2846 220 2888 oriantur,
255 2846 369 2880 minui
394 2848 578 2891 oportere,
613 2845 792 2889 mitigatis
818 2857 861 2879 ea
893 2844 930 2879 in
961 2857 1000 2879 re
1027 2844 1354 2879 Constitutionibus
1391 2843 1450 2889 („o
1476 2856 1541 2889 per
1575 2843 1635 2878 uia
1662 2843 1816 2877 d’inter-

39 2900 241 2946 pretatione
275 2899 369 2934 delle
395 2899 651 2944 declarationj,
687 2898 723 2933 in
749 2900 883 2943 quanto
908 2898 945 2932 la
978 2898 1206 2943 sopportino,
1242 2910 1261 2932 o
1294 2909 1358 2943 per
1392 2897 1453 2931 uia
1478 2897 1521 2931 de
1548 2896 1817 2941 dispensatione

162 3036 173 3056 ¹
199 3034 290 3069 Cum
314 3034 439 3069 Lainio
468 3035 497 3069 1.
524 3033 606 3068 Iulii
635 3034 723 3068 1561
752 3033 866 3068 Roma
900 3032 938 3067 in
973 3031 1130 3068 Galliam
1164 3031 1318 3077 profecti
1353 3032 1438 3065 sunt
1472 3030 1544 3064 ΡΡ.
1580 3030 1733 3064 loannes
1771 3030 1814 3064 de

39 3087 196 3123 Polanco
222 3090 260 3123 et
284 3087 467 3122 Hannibal
493 3087 687 3122 Codrettus
713 3098 756 3121 ac
779 3086 985 3121 Ludovicus
1003 3085 1166 3131 Giappus
1191 3085 1304 3120 frater
1329 3085 1446 3119 laicus
1467 3083 1692 3128 (Sacchimcs,
1718 3083 1814 3117 Hist.

42 3140 76 3176 S.
105 3141 138 3176 J.
164 3142 209 3184 II,
234 3141 258 3176 1.
286 3142 318 3183 5,
344 3154 378 3176 n.
408 3141 486 3176 134.
530 3140 714 3186 Epistolae
740 3140 780 3174 P.
807 3141 930 3174 Nadal
955 3139 1000 3178 ΙΙ,
1028 3139 1102 3182 95).

110 3207 134 3231 Β
145 3206 420 3238 raunsberger,
442 3207 552 3230 Canisii
567 3206 725 3236 Epistulae
742 3208 773 3230 et
786 3206 871 3230 Acta.
890 3205 943 3230 111.
1489 3199 1531 3230 1‘2
