2093 3444
240 186 324 226 276
573 184 651 218 617.
690 184 854 218 Canisius
881 183 1044 219 Cornelio
1070 183 1227 218 Herleno
1254 195 1273 218 a
1300 184 1498 218 Rosenthal
1525 187 1561 219 et
1587 185 1677 219 aliis.

238 301 508 356 Hipponensi
530 300 790 355 Augustino,
827 302 899 355 qui
930 315 1239 354 nonnunquam
1262 302 1315 343 ab
1338 301 1605 356 Hieronymo
1633 303 1890 356 presbytero
1923 303 2011 345 dis-

236 366 418 410 sensit1.
488 367 670 409 Fateor:
717 367 793 408 sed
834 366 1087 420 priusquam
1132 366 1256 408 huius
1298 366 1518 419 ingenium
1560 370 1604 410 et
1645 367 1836 410 studium
1876 368 2011 422 probe

238 432 458 486 cognitum
491 434 536 474 et
558 432 834 486 exploratum
866 431 1061 474 haberet.
1105 431 1219 473 Nam
1244 434 1416 474 constat
1438 432 1587 474 ambos
1613 435 1767 486 postea
1799 433 2011 486 singulari

236 497 454 540 amicitiae
487 500 667 539 sanctae
699 511 816 538 nexu
849 497 1122 544 coniunctos,
1157 510 1297 549 neque
1330 497 1468 538 solum
1501 497 1718 548 fraterno,
1762 497 1838 539 sed
1876 498 2009 541 etiam

237 562 381 604 diuino
405 576 551 604 amore
573 562 827 615 flagrantes,
851 562 1074 616 perfectae
1093 561 1322 604 charitatis
1340 562 1585 616 exemplum
1602 561 1789 617 posteris
1812 563 2010 605 omnibus

235 627 475 681 reliquisse.
520 627 631 669 Illud
665 626 817 678 dicam,
852 641 938 668 non
970 640 1097 681 posse
1131 641 1226 668 eum
1249 641 1335 668 non
1357 627 1593 669 honorifice
1616 627 1777 670 sentire
1810 642 1860 670 ac
1892 628 2010 681 loqui

236 693 287 734 de
320 693 601 746 Hieronymo,
636 692 829 745 quisquis
861 692 1155 745 Augustinum
1188 706 1408 734 censorem
1444 692 1658 743 admittit,
1698 692 1874 746 eiusque
1906 707 2009 746 gra-

235 757 415 799 uissima.
455 757 610 800 nititur
652 757 933 800 authoritate.
999 756 1068 798 Sic
1110 756 1269 799 etenim
1310 757 1382 798 vbi
1425 757 1633 800 aduersus
1670 757 1882 800 Iulianum
1925 758 2009 800 dis-

234 825 383 877 putat,
423 822 631 877 scriptum
666 823 719 864 ab
753 822 903 864 eodem
936 822 1184 875 Augustino
1217 822 1454 875 legimus2:
1496 822 1590 864 Nec
1622 826 1821 866 sanctum
1852 822 2008 865 Hiero-
2070 864 2073 865 γ

234 903 434 942 nymum,
477 887 639 941 inquit,
686 887 785 941 quia
824 887 1055 942 presbyter
1096 887 1200 938 fuit,
1244 888 1605 929 contemnendum
1646 887 1892 930 arbitreris:
1935 888 2008 941 qui

236 953 403 996 Graeco
437 956 482 996 et
503 953 673 1003 Latino,
707 953 884 1006 insuper
915 955 959 994 et
982 952 1182 994 Hebraeo
1217 953 1411 995 eruditus
1444 953 1627 1006 eloquio,
1662 967 1717 995 ex
1750 953 2007 996 occidentali

234 1019 287 1061 ad
322 1019 578 1061 orientalem
620 1018 838 1061 transiens
871 1017 1134 1069 Ecclesiam,
1178 1018 1220 1059 in
1263 1018 1369 1060 locis
1411 1019 1574 1060 sanctis
1617 1021 1748 1072 atque
1788 1019 1832 1060 in
1868 1018 2006 1061 literis

233 1084 370 1126 sacris
410 1098 547 1137 Vsque
592 1084 646 1126 ad
692 1082 957 1137 decrepitam
998 1083 1111 1126 vixit
1155 1086 1360 1126 aetatem.
1434 1084 1515 1125 Hic
1559 1085 1740 1126 omnes3
1782 1084 1852 1126 vel
1897 1097 2007 1138 pene

234 1163 395 1199 omnes,
431 1149 501 1203 qui
535 1152 637 1191 ante
660 1149 813 1190 illum4
845 1162 899 1189 ex
932 1150 1117 1201 Vtraque
1149 1151 1274 1202 parte
1308 1148 1422 1191 orbis
1456 1149 1508 1191 de
1541 1149 1739 1192 doctrina
1761 1148 2006 1191 Christiana

233 1215 499 1269 scripserunt
515 1215 544 1264 5,
579 1214 699 1267 legit.
745 1214 883 1255 Extat
916 1213 1113 1267 epistola,
1147 1213 1190 1255 in
1225 1228 1309 1267 qua
1340 1213 1453 1256 idem
1478 1214 1750 1267 Augustinus
1779 1228 1876 1256 sese
1909 1228 2003 1256 cum

234 1280 501 1334 Hieronymo
536 1293 818 1333 componens,
855 1278 966 1320 113110
998 1278 1099 1321 tulit
1132 1279 1448 1322 sententiamss:
1483 1280 1735 1333 Quanquam
1769 1279 2003 1321 secundum

231 1346 439 1387 honorum
485 1345 720 1394 vocabula,
766 1357 876 1397 quae
922 1344 1006 1386 iam
1050 1344 1271 1386 Ecclesiae
1312 1359 1416 1386 Vsus
1459 1344 1667 1395 obtinuit,
1714 1345 2006 1399 Episcopatus

231 1410 510 1465 Presbyterio
543 1410 682 1452 maior
713 1409 790 1452 sit:
833 1413 980 1451 tamen
1013 1409 1056 1450 in
1088 1410 1236 1452 multis
1270 1410 1398 1451 rebus
1430 1410 1702 1463 Augustinus
1735 1410 2002 1463 Hieronymo

231 1476 372 1518 minor
404 1479 482 1518 est.
527 1474 643 1517 Alibi
666 1477 795 1516 vocat
828 1477 1026 1517 sanctum
1051 1474 1363 1528 Hieronymum
1381 1475 1409 1525 ⁷,
1444 1478 1642 1517 sanctum
1669 1475 2004 1529 presbyterum8

231 1544 276 1583 et
309 1541 605 1584 doctissimum
646 1540 883 1591 hominem,
927 1540 1057 1582 trium
1092 1540 1336 1593 linguarum
1370 1540 1610 1594 peritum9,
1655 1540 1726 1594 qui
1767 1540 2000 1582 secundum

230 1606 432 1660 gratiam,
467 1620 577 1659 quae
610 1606 713 1647 data
746 1608 813 1647 est
846 1605 896 1655 ei,
931 1605 992 1647 sic
1025 1605 1066 1646 in
1095 1605 1293 1647 Ecclesia
1325 1605 1601 1656 laborauerit,
1635 1609 1685 1648 vt
1717 1605 2000 1648 eruditionem

231 1671 497 1714 Catholicam
539 1671 721 1713 multum
763 1670 805 1711 in
838 1670 976 1713 latina
1013 1670 1161 1724 lingua
1203 1671 1350 1712 multis
1392 1674 1436 1713 et
1474 1670 1731 1725 necessarijs
1770 1671 1891 1712 libris
1924 1670 2001 1712 ad-

229 1736 400 1779 iuuerit.
465 1737 611 1789 Atque
654 1737 761 1778 haec
803 1736 855 1778 de
897 1735 1051 1778 summi
1085 1736 1167 1777 viri
1200 1736 1376 1789 studijs,
1421 1739 1465 1779 et
1496 1736 1864 1790 Hieronymianae
1898 1736 1999 1778 doc-

230 1802 370 1844 trinae
404 1801 656 1844 celebritate
690 1803 951 1843 coaetaneus
983 1801 1255 1855 Augustinus
1288 1800 1426 1844 literis
1459 1800 1659 1855 prodidit.
1703 1801 1997 1844 Posteriorum

229 1881 333 1909 vero
366 1867 616 1910 testimonia
649 1870 693 1909 et
725 1866 887 1920 elogia,
927 1866 998 1920 qui
1031 1866 1315 1908 clarissimum
1350 1866 1428 1909 hoc
1461 1865 1670 1909 ecclesiae
1702 1866 1847 1908 lumen
1878 1866 1999 1909 miris

353 1999 362 2018 ¹
389 1997 520 2031 Notum
548 2000 612 2033 est.
640 1998 901 2042 Hieronymum
939 1999 974 2030 et
1001 1996 1243 2040 Augustinum
1280 1996 1500 2040 aliquamdiu
1537 1999 1573 2029 et
1599 1996 1640 2030 de
1667 1996 1744 2030 1000
1770 1995 1831 2030 1110
1858 1996 1936 2031 Gal.
1964 1996 1998 2039 2,

231 2052 370 2086 11—14
388 2051 599 2096 explicando
618 2053 654 2085 et
679 2050 722 2084 de
748 2061 872 2084 sacrae
892 2050 1097 2095 Scripturae
1125 2061 1170 2083 ex
1196 2049 1364 2083 hebraico
1389 2060 1552 2083 sermone
1579 2049 1614 2083 in
1633 2049 1784 2083 latinum
1802 2049 1998 2084 vertendae

228 2104 386 2139 utilitate
414 2104 638 2139 dissensisse.
690 2104 741 2137 De
768 2114 837 2147 qua
866 2115 904 2137 re
931 2103 976 2137 cf.
1014 2105 1103 2137 Acta
1140 2104 1354 2137 Sanctorum
1389 2102 1611 2148 Septembris
1637 2103 1723 2137 VIII
1761 2102 1926 2146 (Parisiis
1961 2105 1998 2137 et

228 2158 363 2192 Romae
392 2157 510 2201 1865),
538 2157 736 2191 589—595.
764 2156 843 2198 678,
871 2159 907 2191 et
931 2158 966 2190 J.
986 2158 1031 2190 Α.
1052 2157 1201 2200 Miihler,
1229 2155 1473 2190 Gesammelte
1491 2155 1672 2190 Schriften
1699 2155 1771 2190 und
1788 2155 1996 2190 AufsiitzeI

230 2211 485 2255 (Regensburg
513 2210 632 2254 1839),
662 2211 785 2244 1-18.

347 2264 360 2285 ²
386 2263 490 2299 Libro
517 2264 542 2298 I.
571 2266 694 2298 contra
712 2263 888 2297 Iulianum
918 2263 1154 2308 (episcopum)
1184 2274 1212 2297 c.
1234 2263 1264 2304 7,
1292 2274 1325 2296 n.
1346 2262 1390 2297 34
1412 2264 1547 2307 (Miyne
1566 2263 1636 2297 ΡΡ.
1655 2262 1722 2296 LL.
1742 2262 1868 2303 XLIV,
1896 2262 1994 2306 665).

349 2318 362 2337 ³
387 2317 445 2352 Sic
471 2318 579 2351 etiam
606 2316 714 2351 editio
734 2316 929 2359 Augustini
955 2318 1160 2350 erasmiana
1189 2315 1388 2361 (Septimus
1415 2316 1546 2350 Tomus
1565 2315 1720 2361 Operum
1748 2314 1832 2349 Divi
1858 2315 1996 2350 Aurelii

228 2371 423 2414 Augustini
452 2369 630 2414 [Basileae
660 2369 775 2414 1556].
813 2369 877 2404 001.
909 2368 1006 2412 957).
1058 2370 1226 2403 Maurim'
1252 2369 1407 2403 editores
1443 2369 1587 2412 legunt:
1627 2370 1822 2411 „aetatemz
1857 2379 1995 2403 omnes-

228 2424 314 2468 que“
349 2423 398 2467 (S.
427 2423 621 2466 Augustini
649 2423 777 2468 Opera.
804 2422 843 2456 T.
870 2422 903 2456 X
930 2421 1094 2466 [Parisiis
1123 2422 1239 2466 169Ο],
1267 2422 1365 2466 519).

347 2478 360 2497 4
387 2476 445 2511 Sic
472 2476 579 2510 etiam
607 2476 714 2510 editio
741 2478 946 2510 erasmiana
973 2475 994 2509 1.
1023 2487 1072 2516 0.;
1100 2477 1266 2509 Mam-ini
1291 2475 1314 2510 l.
1342 2487 1391 2509 c.:
1424 2475 1543 2517 „illum
1570 2474 1740 2519 aliquid“.

347 2531 360 2549 ⁵
387 2529 571 2564 Editiones
598 2531 802 2563 erasmiana
829 2531 865 2562 et
889 2530 1060 2562 maurina
1071 2541 1082 2562 .·
1111 2527 1293 2570 „doctrina
1320 2527 1576 2562 Ecclesiastica
1601 2526 1855 2572 scripserant“.

347 2583 360 2603 θ
386 2582 548 2627 Epistola
587 2582 631 2617 82
671 2582 777 2626 (alias
818 2581 901 2625 19),
943 2581 988 2615 ad
1026 2580 1286 2625 Hieronymum
1325 2592 1353 2614 c.
1393 2581 1436 2622 4,
1479 2591 1513 2614 n.
1553 2580 1598 2614 33
1643 2579 1779 2624 (Miyne
1813 2579 1884 2614 ΡΡ.
1923 2579 1992 2615 LL.

228 2635 393 2677 XXXIII,
420 2635 518 2679 290).

347 2690 359 2709 ⁷
386 2688 549 2734 Epistola
572 2688 637 2723 148
666 2688 772 2732 (alias
793 2688 887 2731 111),
915 2688 959 2722 ad
977 2687 1274 2721 Fortunatianum
1301 2687 1507 2732 episcopum
1533 2698 1562 2721 0.
1582 2687 1613 2728 2,
1639 2699 1673 2721 n.
1702 2688 1740 2726 7;
1769 2697 1798 2720 e.
1823 2687 1856 2727 4,
1882 2698 1915 2720 n.
1938 2686 1993 2728 13,

227 2745 263 2777 et
289 2742 395 2777 Libro
429 2743 537 2776 tertio
573 2742 615 2776 de
650 2743 879 2786 peccatorum
915 2740 1053 2775 meritis
1090 2742 1125 2774 et
1159 2740 1369 2775 remissione
1396 2752 1425 2775 0.
1453 2741 1493 2782 6,
1530 2751 1562 2774 11.
1593 2739 1635 2774 12
1663 2739 1800 2784 (Miyne
1824 2739 1895 2774 ΡΡ.
1923 2739 1991 2775 LL.

226 2795 392 2837 XXXIII,
421 2795 499 2830 625.
527 2795 616 2836 628;
642 2794 768 2836 XLIV,
798 2793 893 2838 192).

347 2850 360 2869 s
385 2848 547 2893 Epistola
575 2849 642 2883 169
671 2848 777 2892 (alias
805 2847 903 2891 102),
930 2847 973 2881 ad
993 2846 1167 2881 Evodium
1195 2846 1401 2892 episcopum
1427 2857 1456 2880 c.
1483 2846 1516 2887 4,
1543 2857 1576 2880 n.
1606 2846 1648 2880 13
1678 2845 1814 2889 (Miyne
1831 2845 1902 2880 ΡΡ.
1921 2845 1990 2881 LL.

347 2956 360 2976 ⁹
385 2955 438 2989 De
465 2954 613 2989 civitate
639 2953 706 2988 Dei
731 2953 754 2988 l.
783 2953 836 2995 18,
864 2964 893 2988 0.
919 2953 965 2987 43
995 2952 1130 2997 (Miqne
1155 2952 1227 2987 ΡΡ.
1247 2952 1314 2987 LL.
1342 2952 1432 2993 XLI,
1459 2952 1557 2995 603).
1598 2951 1858 2996 „Hieronymus
1883 2950 1989 2986 homo

227 3008 458 3043 doctissimus
483 3009 520 3042 et
544 3007 700 3042 omnium
726 3006 835 3041 trium
860 3006 1064 3050 linguarum
1091 3005 1271 3051 peritus“:
1299 3005 1451 3047 Quintus
1477 3005 1610 3039 Tomus
1636 3003 1792 3049 Operum
1818 3003 1902 3038 Divi
1919 3004 1990 3039 Au·

225 3061 304 3095 relii
330 3060 526 3104 Augustini
552 3060 674 3105 [editio
701 3062 918 3104 erasmiana,
944 3071 1024 3094 cum
1052 3059 1317 3093 commentariis
1342 3059 1390 3093 Io.
1414 3058 1502 3093 Lud.
1520 3058 1653 3098 Vives;
1680 3057 1844 3092 Basileae
1873 3057 1989 3102 1556J,

226 3114 293 3148 col.
322 3114 422 3148 1108.
473 3114 593 3158 Atque
618 3113 671 3148 sic
701 3113 809 3147 etiam
834 3113 1002 3157 legerunt
1027 3113 1195 3146 Mam-ini
1223 3111 1272 3156 (S.
1299 3111 1494 3155 Augustini
1521 3110 1639 3156 Opera
1664 3109 1703 3144 T.
1730 3110 1798 3144 VII
1825 3109 1990 3154 [Parisiis

228 3166 346 3211 1685}
373 3166 469 3210 525).
