2093 3444
309 247 389 282 698.
424 246 639 281 Franciscus
665 246 863 281 Petrai-cha
891 246 1042 281 Canisio.
1082 247 1196 281 Roma
1223 247 1278 281 20.
1305 247 1397 281 Iunii
1427 248 1527 282 1562.
1718 252 1804 293 465

152 363 300 397 Litteris
327 363 471 407 quidem
497 362 614 404 hisce,
653 374 673 397 a
699 375 788 407 quo,
816 362 861 397 ad
888 375 1015 407 quem,
1043 374 1112 407 quo
1140 363 1196 396 die
1223 363 1328 397 datae
1354 366 1497 405 essent,
1536 365 1573 398 in
1599 367 1805 412 apographo

33 415 182 460 antiquo
218 416 430 451 adnotatum
464 428 534 450 non
571 418 637 450 est.
689 416 760 450 Eas
797 418 918 450 autem
953 417 1048 450 inter
1073 416 1149 450 dies
1179 416 1232 450 18.
1260 418 1296 450 et
1322 417 1377 451 20.
1405 417 1497 451 Iunii
1524 418 1628 453 datas
1654 431 1734 455 esse
1761 434 1806 457 ex

34 481 74 504 eo
101 469 228 504 deduci
253 471 391 514 potest,
427 469 521 513 quod
554 481 676 503 earum
714 472 840 504 auctor
866 470 908 503 de
937 470 956 504 5
982 469 1055 503 illis
1086 469 1288 512 „articulis“
1319 469 1364 503 ad
1396 481 1500 504 usum
1527 483 1652 506 sacrae
1679 474 1806 509 eucha-

33 523 158 557 ristiae
197 522 445 568 spectantibus
483 523 554 556 iam
592 523 638 557 40
676 523 865 566 theologos
904 523 1039 557 dixisse
1077 523 1221 563 scribit;
1261 522 1389 557 horum
1427 524 1520 557 enim
1557 525 1807 570 theologorum

33 587 204 610 numerus
233 575 285 610 18.
313 576 406 610 Iunii
432 575 477 610 ad
503 576 567 617 39,
603 576 658 611 19.
684 576 779 610 Iunii
804 587 908 610 mane
935 577 979 610 ad
1005 576 1072 617 42,
1108 576 1251 620 vesperi
1286 576 1331 610 ad
1356 576 1401 611 45
1429 580 1556 612 auctus
1592 581 1669 613 erat
1698 580 1807 624 (Acta

35 630 242 664 Mas-sorelli
267 630 361 674 apud
392 630 554 673 Theium,
581 629 674 664 Acta
700 629 743 671 H,
771 629 916 673 7—38).
968 629 1087 673 Atque
1114 630 1207 673 quod
1233 629 1269 663 in
1296 629 1411 664 altera
1436 631 1635 677 apographi
1661 635 1808 676 veteris,

35 682 129 727 quod
155 682 239 717 olim
257 682 440 717 Sociorum
458 683 723 717 treverensium
750 684 828 716 erat
856 682 918 726 (cf.
938 694 1047 727 supra
1072 695 1106 728 p.
1125 682 1224 726 458),
1250 683 1384 728 pagina
1400 684 1563 728 proxime
1589 688 1672 730 post
1697 689 1809 722 verba

38 735 160 779 „Noua
187 736 230 770 de
257 735 433 771 Concilio:
471 736 596 777 1562“‚
632 748 741 770 manu
767 735 925 770 secunda
960 736 1115 781 scripta,
1151 748 1259 770 manu
1285 738 1392 771 tertia
1419 749 1531 782 eaque
1558 738 1597 773 P.
1624 741 1810 776 Lamberti

35 791 136 824 Auer
161 788 195 824 S.
223 789 246 824 J
250 817 276 832 .,
304 789 446 834 collegii
472 789 672 833 moguntini
699 789 869 830 rectoris,
895 791 1060 823 notatum
1088 791 1162 823 est:
1201 789 1390 831 „Mittatur
1415 794 1541 836 postea
1567 792 1752 828 Treuerim
1778 795 1809 829 si

34 843 164 888 placet,
191 843 266 877 Nos
292 843 583 878 commoditatem
609 843 668 877 hic
693 855 764 877 non
788 842 972 885 habemus,
1001 845 1037 876 et
1062 843 1266 877 salutentur
1284 844 1642 887 Moguntinensiuma
1667 848 1810 882 nomine

34 897 176 931 omnes“
196 898 224 931 ¹:
260 896 296 930 id
330 897 518 931 ostendere
553 896 716 938 videtur,
760 896 902 930 litteras
937 896 1002 930 has
1039 896 1083 930 ad
1116 896 1238 930 Socios
1273 896 1333 931 vel
1365 896 1508 932 Socium
1542 898 1579 933 in
1615 899 1809 936 Germania

34 950 226 993 degentem
267 950 323 995 (P.
355 950 587 984 Lambertum
624 950 752 984 Auer‘?
794 949 833 984 P.
869 949 1101 984 Guilielmum
1141 949 1296 984 Elderen
1310 950 1344 994 ‘?)
1387 951 1490 986 datas
1528 963 1608 987 esse
1647 965 1668 988 a
1706 954 1808 990 Socio

35 1003 197 1038 Tridenti
222 1006 396 1038 morante.
432 1003 502 1038 Ubi
530 1016 570 1038 eo
588 1006 749 1048 tempore
775 1005 850 1037 tres
877 1004 982 1037 erant
1000 1003 1113 1037 Socii:
1141 1003 1336 1045 Salmeron,
1365 1004 1591 1040 Cuvillonius
1620 1006 1680 1050 (cf.
1700 1020 1810 1054 supra

34 1069 68 1102 p.
94 1057 176 1092 450.
202 1056 300 1101 454),
329 1057 515 1098 Canisius;
542 1057 585 1091 de
613 1056 819 1090 Salmerone
846 1058 967 1090 autem
992 1056 1196 1090 litterarum
1223 1059 1348 1091 auctor
1374 1058 1410 1092 in
1436 1059 1546 1093 tertia
1571 1071 1742 1104 persona,
1768 1065 1810 1097 ut

36 1111 197 1152 dicimus,
225 1112 262 1144 et
287 1111 446 1145 maxima
472 1122 553 1145 cuni
580 1110 686 1144 laude
705 1110 850 1151 scribit;
876 1121 919 1144 ac
938 1109 1173 1152 Cuvillonius,
1200 1110 1230 1144 si
1248 1111 1465 1156 scripsisset,
1493 1115 1591 1147 certe
1608 1126 1679 1148 non
1696 1115 1810 1151 solius

36 1163 274 1205 Salmeronis,
307 1164 370 1198 sed
397 1165 505 1198 etiam
534 1164 687 1205 Oanisii,
714 1163 912 1208 praepositi
938 1163 994 1197 sui
1020 1163 1271 1208 provincialis,
1299 1165 1360 1208 qui
1388 1165 1441 1200 15.
1470 1166 1551 1200 Iulii
1576 1167 1612 1200 in
1639 1180 1679 1202 eo
1706 1172 1811 1204 coetu

36 1217 232 1252 orationem
267 1229 288 1251 a
322 1217 447 1252 multis
483 1217 771 1252 commendatam
805 1217 1001 1259 habuerat,
1040 1217 1257 1251 mentionem
1293 1218 1460 1259 fecisse-133
1499 1224 1666 1265 superest
1700 1222 1812 1266 igitur

37 1270 204 1305 Canisius
229 1270 318 1316 ipse.
367 1270 480 1313 Quem
507 1271 616 1305 etiam
641 1271 674 1305 4.
702 1271 794 1304 Iunii
823 1271 912 1304 1562
941 1271 983 1305 de
1011 1270 1148 1305 concilii
1177 1271 1284 1305 rebus
1311 1271 1481 1307 Tridento
1507 1274 1553 1307 ad
1580 1273 1723 1309 Socium
1748 1276 1811 1310 ali-

36 1336 143 1369 quem
170 1323 389 1358 Germanum
424 1324 567 1359 litteras
593 1324 733 1358 dedisse
769 1326 922 1358 constat.
974 1324 1072 1366 Quae
1099 1324 1242 1368 quidem
1266 1324 1410 1359 litterae
1445 1338 1527 1361 cum
1554 1327 1620 1362 hac
1656 1329 1812 1373 epistula

36 1380 73 1412 et
98 1378 134 1411 in
153 1378 292 1412 dicendi
317 1390 448 1422 genere
476 1380 512 1412 et
537 1378 573 1412 in
599 1377 741 1412 concilii
764 1389 935 1422 prospero
961 1389 1133 1412 successu
1157 1378 1363 1413 extollendo
1390 1381 1427 1413 et
1451 1380 1489 1413 in
1515 1392 1555 1414 eo
1582 1383 1811 1426 conveniunt,

37 1432 130 1476 quod
148 1433 393 1477 protestantes
411 1431 646 1466 vehementer
671 1431 716 1465 ad
737 1430 927 1465 concilium
946 1431 1050 1475 quasi
1075 1431 1277 1466 invitantur
1303 1434 1339 1466 et
1364 1432 1400 1466 in
1419 1445 1478 1467 eos
1498 1435 1621 1468 venire
1647 1436 1812 1472 nolentes

37 1485 249 1529 evangelica
286 1485 349 1519 illa
385 1485 428 1519 de
467 1497 556 1519 cena
594 1496 726 1529 magna
761 1484 933 1529 parabola
971 1485 1273 1519 accommodatur.
1325 1485 1361 1520 Si
1396 1487 1478 1531 quis
1512 1489 1633 1522 autem
1669 1489 1812 1532 dixerit,

36 1538 179 1573 Socium
206 1539 249 1572 de
275 1538 481 1573 Salmerone
508 1539 553 1572 ad
579 1538 721 1573 Socium
747 1537 965 1572 scribentem
993 1538 1238 1572 Salmeronem
1262 1551 1333 1573 non
1363 1539 1574 1582 „Societatis
1598 1542 1681 1576 Iesu
1699 1543 1813 1578 Theo-

34 1592 193 1636 logum“‚
228 1592 292 1626 sed
322 1591 532 1634 „Societatis
566 1594 712 1626 nostrae
739 1591 980 1635 Tlieologuni“
1012 1594 1226 1626 vocaturum
1261 1593 1321 1627 vel
1357 1593 1465 1628 etiam
1498 1594 1569 1628 tria
1603 1595 1666 1629 illa
1701 1597 1813 1631 verba

32 1657 184 1691 prorsus
210 1645 428 1680 omissurum
453 1646 577 1688 fuisse,
604 1645 866 1690 responderim,
893 1645 1005 1680 verba
1030 1645 1095 1679 illa
1121 1648 1184 1680 aut
1210 1657 1230 1680 a
1255 1646 1401 1681 librario
1428 1648 1479 1681 ita
1506 1648 1728 1684 conformata
1754 1651 1813 1685 vel

33 1699 189 1741 inserta,
225 1700 289 1733 aut
314 1711 335 1733 a
363 1698 505 1733 Canisio
541 1699 619 1744 ipso
654 1699 706 1733 ita
732 1699 850 1744 posita
876 1699 990 1733 fuisse
1026 1711 1068 1733 ea
1095 1699 1138 1733 de
1165 1711 1294 1741 causa,
1330 1701 1423 1744 quod
1450 1701 1593 1736 litteras
1618 1702 1727 1738 hasce
1753 1704 1813 1738 vel

33 1753 154 1798 potius
187 1752 398 1787 relationem
438 1752 542 1798 (ipsis
567 1752 700 1787 litteris
736 1752 892 1786 fortasse
926 1753 964 1786 in
989 1752 1074 1787 folio
1110 1755 1277 1798 separato
1304 1753 1477 1798 additam)
1515 1767 1584 1789 non
1620 1756 1706 1791 solis
1733 1769 1814 1791 cum

35 1806 169 1848 Sociis,
196 1806 259 1841 sed
285 1818 349 1851 per
374 1806 440 1840 hos
466 1806 575 1841 etiam
602 1818 683 1840 cum
710 1806 885 1847 externis,
913 1807 954 1840 ut
979 1806 1217 1851 principibus,
1244 1807 1478 1850 consiliariis,
1504 1808 1695 1854 theologis,
1722 1822 1814 1845 com-

33 1860 211 1894 municari
237 1860 494 1901 conveniebat,
529 1861 571 1894 ut
597 1862 633 1894 et
657 1859 727 1904 ipsi
754 1860 798 1893 ad
824 1860 894 1894 iter
918 1859 1155 1894 tridentinum
1181 1860 1450 1906 suscipiendum
1478 1863 1741 1906 excitarentur,
1778 1866 1815 1898 et

36 1914 198 1948 Societas
223 1913 268 1948 iis
294 1914 614 1948 commendaretur.
667 1913 773 1947 Certe
799 1913 934 1947 Hosius
967 1913 1039 1947 iam
1067 1914 1122 1948 10.
1149 1913 1335 1948 Februarii
1364 1915 1454 1949 1562
1482 1915 1665 1950 Canisium
1692 1929 1814 1951 monu-

36 1970 132 2009 erat,
167 1969 209 2001 ut
235 1967 433 2002 Germanos
459 1969 495 2001 et
521 1967 598 2012 ipse
625 1968 661 2001 et
686 1978 750 2012 per
776 1966 899 2001 Socios
925 1966 1168 2008 colonienses,
1204 1968 1453 2011 moguntinos,
1487 1969 1576 2004 alios
1603 1970 1813 2005 Tridentum

36 2020 211 2055 invitaret
238 2019 363 2066 (supra
388 2032 422 2065 p.
451 2020 550 2065 376).

860 2086 992 2127 698.

310 2173 374 2215 P.
407 2171 861 2215 FRANGISGUS
894 2172 1353 2215 PETRARGHA
1388 2174 1443 2217 S.
1477 2175 1535 2217 J.

252 2249 516 2292 auctoritate
550 2250 592 2292 S.
626 2248 847 2291 Francisci
880 2248 1070 2302 Borgiae
1103 2251 1147 2291 et
1179 2250 1475 2292 consultorum
1509 2251 1600 2294 eius

788 2338 1063 2386 CANISIO.

704 2430 818 2466 Roma
845 2430 903 2466 20.
929 2429 1024 2466 Iunii
1051 2430 1146 2466 1562.

158 2501 214 2536 Ex
241 2502 448 2548 apographo
480 2502 639 2536 eiusdem
664 2502 857 2547 temporis;
893 2502 929 2536 in
955 2503 1139 2546 margine,
1173 2503 1297 2537 eadem
1323 2515 1454 2538 manu:
1494 2505 1673 2550 „Jspruch
1698 2505 1814 2540 Padre

39 2555 213 2590 Canisio.“
268 2555 352 2590 God.
384 2555 524 2598 „Germ.
554 2556 663 2591 1561“
695 2556 720 2590 f.
749 2556 947 2590 50¹³ffl512.

160 2622 307 2655 Canisio
337 2621 527 2665 Oeniponte
552 2622 785 2666 manendum,
811 2621 920 2654 donec
945 2621 1074 2654 ibidem
1099 2621 1149 2654 vel
1175 2632 1253 2654 cum
1279 2622 1414 2655 Lainio
1440 2623 1491 2656 vel
1517 2634 1596 2656 cum
1620 2624 1749 2657 Natale
1774 2624 1816 2657 de

40 2675 193 2718 colleyiis
217 2676 409 2708 invisendis
435 2679 494 2709 etc.
513 2686 616 2718 ayere
635 2675 760 2718 possit.
801 2675 941 2708 Rectam·
965 2675 1218 2708 vindobonensi
1243 2677 1386 2708 animus
1411 2676 1626 2718 afferendus.
1665 2677 1812 2711 Contro-

39 2729 175 2762 versiae
200 2730 294 2762 inter
318 2730 435 2771 ipsum
460 2733 490 2762 et
514 2729 718 2762 Victoriam.

158 2799 435 2841 Riceuemmo
468 2800 613 2852 quella
645 2800 688 2841 di
721 2800 772 2842 V.
805 2799 1072 2841 Reuerentia
1112 2799 1155 2840 di
1188 2801 1212 2841 8
1247 2799 1316 2841 del
1347 2802 1551 2853 presente
1585 2801 1739 2844 scritta
1768 2800 1814 2843 in

39 2867 208 2915 trent03
248 2867 293 2907 et
324 2867 486 2918 quanto
520 2865 591 2906 all'
616 2865 779 2907 andare
811 2864 867 2906 ad
898 2863 1101 2917 Augusta
1133 2865 1157 2906 6
1189 2867 1442 2907 ueramente
1475 2865 1569 2907 fare
1599 2866 1742 2920 prima
1772 2866 1816 2909 la

158 2974 399 3009 Reverentiae
424 2977 570 3009 vestrae
595 2974 738 3009 litteras
764 2975 821 3009 die
847 2975 879 3010 8.
905 2974 1013 3009 huius
1039 2975 1174 3009 mensis
1200 2974 1370 3009 Tridento
1397 2975 1502 3010 datas
1527 2977 1752 3021 accepimus;
1779 2980 1817 3011 et

42 3027 135 3071 quod
160 3028 240 3073 ipsa
258 3028 408 3073 quaerit,
436 3029 557 3063 utrum
583 3028 788 3072 Augustam
813 3028 883 3063 sibi
908 3028 1065 3062 eundum
1090 3039 1136 3062 an
1154 3027 1308 3073 primum
1335 3028 1489 3072 collegia
1514 3029 1704 3064 invisenda
1730 3031 1816 3073 sint,

161 3133 175 3148 ²²
200 3128 358 3162 salutate
384 3127 718 3171 Maguntinensium
749 3128 787 3170 Q.

164 3228 174 3249 ¹
200 3227 300 3261 Auer
326 3227 574 3272 apographum
599 3226 666 3262 hoc
692 3229 792 3261 recta
816 3226 961 3261 misisse
987 3226 1131 3261 videtur
1157 3226 1201 3261 ad
1228 3225 1352 3261 Socios
1378 3225 1612 3262 colonienses.

114 3292 138 3317 B
149 3299 244 3317 raun
252 3292 293 3317 sb
301 3299 317 3317 e
325 3299 340 3317 r
348 3299 366 3324 g
374 3299 390 3317 e
398 3300 425 3322 r,
446 3293 557 3317 Canisii
571 3292 730 3323 Epistulae
747 3294 778 3317 et
791 3293 876 3317 Acta.
895 3292 948 3317 111.
1492 3288 1537 3321 30
