2093 3444
509 184 678 227 Augusta
704 184 973 219 Vindelicorum
1003 185 1033 218 1.
1061 184 1246 219 Februarii
1274 185 1376 219 1561.
1781 188 1835 229 39

71 306 210 360 nostrj
244 302 446 346 aelidisse
479 302 724 346 dicunturl.
789 303 1053 357 Cuperemus
1085 302 1200 344 illius
1233 303 1472 357 Exemplar
1502 302 1631 353 mitti,
1665 303 1837 358 aliaque

75 370 252 420 similia,
286 368 532 410 iraesertim
565 368 619 410 ad
652 368 899 422 superiores
930 369 1101 410 Classes
1134 371 1178 411 et
1209 368 1438 410 inferiores
1469 367 1754 422 pertinentia,
1789 372 1838 412 ut

76 437 214 480 maior
246 435 347 476 eset
370 447 604 476 consensus
637 433 878 476 studiorum
910 434 954 475 in
977 433 1181 488 Collegijs
1214 433 1423 476 omnibus.
1468 434 1838 487 Despauterium2

78 505 249 546 mutare
288 498 397 541 nulti
437 499 643 549 suadent,
691 499 766 540 sed
810 499 955 541 nullus
999 498 1263 540 commodior
1306 499 1429 541 nobis
1471 499 1716 542 ostenditur
1756 499 1839 541 nisi

79 569 194 611 forte
225 563 453 606 hasreticus
486 566 563 606 aut
595 566 825 618 suspectus
857 564 1025 607 author.

201 635 475 688 Expctamus
498 634 779 676 uehementer
802 634 1169 689 dispensationem
1193 634 1308 677 circa
1330 635 1476 688 legesa
1494 633 1554 690 [P]
1582 635 1838 678 ieiuniorum

88 707 132 747 et
166 700 404 753 catalgum,
439 702 487 742 ut
519 713 650 753 saepe
683 699 947 754 scripsimus.

206 770 361 823 Agilus
402 771 570 824 gratias
606 772 718 821 Deo,
765 771 885 813 cuius
927 771 1099 824 gratiab
1140 786 1253 814 nunc
1295 772 1519 814 Ecclesiae
1562 772 1838 815 Comitissam

88 841 210 883 illam
243 837 295 878 de
311 851 384 890 lua
417 837 700 890 scripseram,
740 836 1115 879 reconciliauimus
1132 838 1159 879 3.
1224 838 1387 890 Jtaque
1420 838 1576 880 crescit
1608 837 1838 891 Augustae

91 903 246 949 messis
279 904 464 954 oprtuna
496 901 690 956 pluribus
724 915 856 955 egens
891 902 1113 956 operariis,

212 973 538 1015 Comzendamus
579 987 658 1014 nos
700 975 745 1015 et
785 973 896 1014 hanc
930 973 1092 1015 Vrbem
1124 974 1174 1016 R.
1210 974 1257 1017 T.
1293 974 1517 1028 sacrificijs
1559 977 1604 1017 et
1637 974 1838 1029 precibus

93 1039 543 1092 Dominumrogantes,
578 1041 626 1081 ut
658 1037 833 1080 futurae
857 1038 1217 1092 quadragesimae
1251 1039 1478 1081 conciones
1511 1040 1565 1082 ad
1588 1054 1711 1082 suam
1743 1040 1837 1093 glo-

96 1107 208 1149 riam
225 1101 359 1154 dirigis,
383 1117 593 1157 suamque
611 1103 734 1145 nobis
751 1103 942 1157 gratiam
960 1117 1122 1157 augere
1144 1118 1315 1159 semper
1337 1105 1552 1158 dignetur.
1587 1104 1838 1159 Augustaec

102 1168 302 1215 Calendis
339 1168 533 1223 abruarij.
602 1170 728 1212 1561.

1011 1235 1173 1277 Seruus
1204 1235 1248 1276 in
1281 1235 1450 1278 Christo
1484 1236 1530 1279 P.
1565 1236 1774 1278 Canisius.

223 1340 537 1395 Nunccrimum
585 1341 749 1396 accipio
798 1341 970 1384 litteras
1017 1342 1311 1384 Treuerenses
1359 1357 1467 1397 quas
1515 1343 1706 1386 adiunxi.
1770 1343 1836 1385 De

107 1410 155 1452 P.
179 1406 404 1450 Herma&
435 1406 579 1448 reditu
611 1406 774 1448 nullam
808 1407 932 1449 nobis
964 1407 1214 1461 relinquunt
1246 1422 1380 1463 spem,
1416 1409 1536 1452 uelut
1559 1422 1615 1450 ex
1647 1422 1697 1450 eo
1730 1422 1837 1463 pen-

111 1475 214 1518 deat
261 1468 439 1514 colleum
484 1475 638 1515 totum.
703 1472 891 1514 Jllorum
935 1473 1295 1525 necessitatibus.
1345 1473 1381 1516 si
1428 1488 1533 1516 uera
1580 1476 1682 1516 sunt
1726 1488 1837 1527 quae

112 1537 331 1585 scribunt,
374 1537 510 1592 ‹npati
544 1537 681 1580 decet.
716 1537 792 1579 sed
824 1552 967 1579 meum
1009 1552 1095 1580 non
1137 1542 1205 1581 est
1245 1539 1343 1581 huic
1386 1540 1536 1582 deesse
1577 1539 1835 1593 prouintiae.

114 1603 237 1656 Quod
267 1597 398 1643 uerel·
441 1603 609 1654 euenit,
652 1603 912 1646 inchoarunt
953 1617 1064 1657 quae
1105 1618 1190 1646 non
1222 1607 1406 1658 possunt
1447 1605 1696 1656 absoluere,
1740 1619 1837 1647 curn

117 1670 301 1715 aliorum
341 1663 552 1710 intnmodo
595 1683 719 1710 suurn
760 1683 918 1722 urgere
960 1669 1230 1711 commodum
1273 1670 1517 1713 uoluerunt.
1583 1670 1677 1712 Hec
1719 1684 1837 1712 sum-

120 1734 272 1780 matim
307 1729 408 1772 dice.
421 1734 638 1785 uidentur,
673 1748 780 1788 opus
813 1748 908 1776 esse
940 1734 1046 1788 ipsis
1077 1734 1300 1788 Theologo
1332 1735 1383 1778 D.
1419 1736 1684 1778 Hermanno.

243 1801 353 1854 Quid
385 1813 467 1847 ann
499 1805 593 1848 fieri
625 1805 732 1848 uelit
753 1806 805 1848 R.
829 1806 878 1848 T.
912 1807 961 1848 ut
992 1806 1348 1860 Jngolstadiense
1381 1806 1610 1861 collegium
1642 1821 1729 1849 non
1761 1821 1836 1849 ne-

126 1872 343 1928 gligatur,
385 1864 504 1914 lister
537 1874 833 1925 expectamus.
876 1872 984 1914 fiant
1024 1871 1067 1913 in
1101 1871 1168 1914 dei
1202 1872 1410 1914 maiorem
1452 1872 1636 1926 gloriam
1678 1872 1834 1915 omnia.

128 1940 198 1982 Ita
229 1947 332 1978 uero
366 1940 447 1979 sen,
479 1937 533 1978 ad
566 1951 634 1978 me
667 1937 830 1979 Rector
862 1936 908 1979 P.
942 1936 1160 1979 Antonius
1176 1939 1204 1980 5.

253 2039 424 2091 Quanto
461 2043 604 2096 quello
648 2043 726 2085 che
768 2042 909 2085 scriuo
953 2043 1067 2085 della
1104 2045 1283 2087 tornata
1325 2044 1394 2086 del
1426 2044 1472 2088 P.
1507 2045 1759 2087 Hermanno
1792 2045 1837 2087 in

135 2103 371 2163 Jngolstad
404 2101 459 2143 da
473 2109 631 2151 lettere
664 2109 704 2150 le
737 2108 864 2161 quale
897 2122 1085 2150 saranno
1128 2123 1208 2150 con
1242 2112 1394 2163 queste
1425 2109 1654 2152 intendera
1685 2111 1729 2152 la
1761 2125 1837 2153 ne-

138 2173 299 2219 cessita
329 2170 373 2211 la
405 2179 470 2220 qu*
488 2177 523 2225 e,
557 2176 685 2216 tanta
718 2173 795 2215 che
828 2173 1019 2216 anchora
1052 2174 1130 2216 che
1164 2174 1218 2216 da
1251 2175 1390 2218 Roma
1421 2175 1684 2218 scriuessero
1717 2176 1836 2218 accio

140 2241 178 2284 si
209 2233 403 2287 remandj
438 2229 507 2281 Sir
537 2253 623 2281 non
656 2241 909 2281 monstrano
943 2239 986 2281 di
1016 2239 1179 2281 hauere
1205 2240 1369 2283 hauuto
1403 2243 1522 2284 certe
1546 2242 1706 2284 lettere
1738 2241 1835 2294 mie,

141 2308 183 2349 le
225 2302 353 2358 quale
392 2297 448 2339 ho
490 2305 613 2347 idato
657 2306 682 2346 a
714 2304 854 2346 Roma
895 2304 1123 2347 scriuendo
1166 2305 1207 2346 di
1249 2307 1402 2359 questo
1445 2306 1625 2360 negocio
1666 2321 1752 2348 non
1793 2307 1835 2349 lo

269 2467 370 2513 Quod
407 2464 449 2499 ad
485 2474 626 2523 P‘tinet,
666 2485 758 2518 quae
795 2474 837 2508 de
864 2474 904 2508 P.
940 2473 1139 2508 Hermanni
1166 2474 1428 2519 Ingolstadium
1463 2476 1582 2510 reditu
1616 2476 1754 2517 scribo,
1790 2487 1836 2510 ex

150 2525 304 2565 litteris,
341 2530 432 2566 quas
457 2517 708 2575 hlfsfliungam,
744 2528 779 2562 in
806 2539 938 2572 magna
964 2539 1029 2562 nos
1054 2528 1273 2563 necessitate
1298 2529 1439 2564 versari
1473 2529 1686 2574 intellegesy
1722 2541 1836 2574 eaque

153 2582 258 2616 tanta
284 2577 350 2617 est,
377 2574 428 2614 ut,
456 2572 643 2616 ehaaoma
668 2581 891 2626 scripserint,
918 2583 959 2615 ut
984 2593 1066 2616 eum
1092 2581 1330 2624 remittamus,
1367 2595 1433 2627 ego
1458 2585 1591 2625 tamen,
1617 2583 1687 2617 nisi
1713 2595 1752 2617 se
1777 2582 1836 2617 lit-

154 2638 253 2670 teras
280 2627 465 2675 quasdam,
491 2633 539 2667 qu
551 2634 594 2669 de
620 2634 687 2669 hoc
712 2634 857 2677 negotio
885 2635 952 2678 egi,
979 2635 1130 2670 Romam
1158 2647 1178 2670 a
1204 2647 1260 2670 me
1287 2636 1417 2671 missas
1444 2636 1628 2682 accepisse
1655 2636 1835 2680 significa-

285 2771 300 2785 ᾖ
324 2763 444 2805 legem
469 2758 510 2791 B·
561 2768 664 2809 cloria
690 2770 731 2803 B.
831 2776 842 2790 ⁰
867 2769 1037 2813 Augutae
1063 2771 1108 2804 A.

291 2906 300 2925 ¹
328 2897 514 2958 FrRUOJSOi
539 2894 610 2943 TQ.
639 2909 671 2943 J.
704 2908 943 2951 „Introductio
971 2909 1006 2943 in
1033 2909 1313 2951 Dialecticam“;
1341 2910 1384 2944 de
1411 2922 1482 2955 qua
1507 2911 1604 2945 infra
1630 2923 1663 2956 p.
1690 2911 1734 2944 47
1745 2911 1769 2945 ².

291 2959 304 2979 ²
330 2957 474 2991 Ioannis
499 2960 573 2984 van
593 2973 669 2996 eren
695 2962 970 3006 grammaticam
997 2962 1167 3004 latinam;
1195 2964 1278 2998 vide
1308 2965 1395 2998 Can.
1425 2964 1514 3009 Epp.
1541 2964 1586 3006 II,
1614 2964 1715 2999 680¹.

293 3012 306 3032 ³
333 3005 509 3063 Sibyllam
535 3001 648 3055 Fu‘tn:
676 3015 759 3050 vide
785 3027 895 3061 supra
920 3027 954 3061 p.
982 3016 1039 3051 20.

295 3066 309 3085 ⁴
334 3062 506 3106 Thyraei.
604 3105 613 3113 Ἴ

296 3119 309 3138 ⁵
334 3116 374 3150 P·
401 3109 580 3147 Antonius
636 3121 695 3165 (de
722 3133 792 3166 quo
818 3122 905 3156 Can.
933 3122 1022 3167 Epp.
1050 3122 1086 3164 I,
1112 3122 1242 3167 230¹),
1278 3123 1416 3168 primus
1442 3123 1585 3168 collegii
1610 3124 1833 3159 treverensis

177 3175 296 3211 rector
324 3165 562 3215 (Rffl'ffenberffl
586 3159 611 3194 Ῑ·
637 3174 799 3216 81-82;
826 3176 976 3209 Han-sen
1002 3175 1025 3209 l.
1053 3187 1082 3210 c.
1111 3188 1144 3221 p.
1173 3176 1271 3220 374).
