2093 3444
205 208 289 248 520
736 203 814 237 721.
849 202 1000 237 Ioannes
1027 202 1070 236 de
1096 201 1251 236 Polanco
1279 201 1431 236 Canisio.

205 322 318 356 Roma
344 320 579 365 Oenipontem
615 330 729 363 usque
755 321 924 360 venerat,
960 318 995 352 in
1021 319 1218 362 *Cataloyo
1252 318 1394 361 collegii
1429 318 1601 362 dilingani
1636 320 1664 353 1.
1693 319 1847 354 Ianuarii
1876 319 1964 353 1565

205 375 340 419 scripto
366 393 412 397 -
437 373 624 407 Torrensis
650 375 736 406 tune
770 372 818 406 ibi
844 372 1050 406 morabatur
1077 391 1119 395 -—-
1147 373 1309 406 notatum
1336 374 1409 406 est:
1446 371 1536 406 Eum
1571 383 1602 406 a.
1631 373 1721 407 1550
1755 372 1791 406 in
1817 372 1966 416 collegio

207 427 394 472 gandiensi
422 425 595 470 (Grandia)
625 425 795 460 Societati
829 437 957 459 nomen
994 425 1152 467 dedisse,
1194 424 1340 467 „deinde
1372 427 1499 459 exacto
1531 437 1652 459 mense
1687 425 1850 460 emisisse
1883 428 1967 459 uota

206 481 262 515 22.
282 480 460 525 Ianuarij“
492 478 625 524 [1551],
651 479 687 512 in
706 479 897 513 Societatis
923 477 1074 522 collegio
1096 490 1242 512 romano
1268 489 1330 522 per
1359 479 1401 512 10
1427 490 1539 523 paene
1566 490 1677 513 annos
1695 478 1967 524 philosophiam,

207 534 333 568 deinde
358 534 395 568 in
422 533 572 577 collegio
599 533 837 577 oenipontano
863 532 938 566 fere
964 544 1027 577 per
1053 543 1184 566 annum
1211 531 1351 565 litteras
1377 543 1528 574 graecas
1555 534 1591 566 et
1615 531 1833 576 theologiam
1859 532 1967 566 tradi-

207 588 322 629 disse,
349 586 483 621 Romae
509 585 712 629 theologiae
739 585 919 619 doctorem
947 587 1106 619 creatum
1133 596 1230 626 esse,
1263 585 1366 619 modo
1391 584 1558 628 Dilingae
1584 585 1802 629 theologiam
1827 585 1970 620 tradere

209 640 309 684 (Cod.
342 639 481 683 „Germ.
510 639 592 684 Sup.
621 638 698 673 Cat.
728 639 828 673 1566.
859 639 968 673 1599“
999 639 1022 672 f.
1051 638 1168 682 374¹>).
1220 639 1341 682 Atque
1378 639 1409 673 is
1447 639 1698 675 Montblanch.
1739 639 1970 673 Catalauniae

207 695 354 740 oppido,
382 697 500 734 ortus,
528 704 559 727 a.
589 693 679 727 1553
708 692 846 727 Gaudia
872 691 1022 726 Romam
1048 692 1180 726 missus
1209 691 1411 735 (Polamcus,
1440 691 1639 726 Chronieon
1665 692 1725 733 III,
1754 692 1969 735 380—381)‚

207 749 334 793 postea
360 759 423 792 per
449 748 470 781 8
497 758 608 781 annos
635 747 671 780 in
697 745 935 780 universitate
961 745 1235 789 ingolstadiensi
1261 745 1476 788 theologiam
1505 746 1625 780 docuit
1653 746 1830 790 (Mederer
1855 746 1877 780 l.
1897 758 1926 780 c.
1947 746 1970 787 I,

208 801 288 836 302.
315 801 394 836 303.
423 801 509 840 330;
546 800 598 841 ΙΙ,
634 799 791 842 26-27)
821 802 876 840 et,
910 801 1054 844 praeter
1080 798 1149 832 alia
1177 798 1331 843 scripta,
1367 797 1534 842 Dilingae
1569 810 1600 833 a.
1631 799 1719 834 1567
1749 799 1970 834 Gonfessioni

207 855 443 898 Augustanae
482 852 774 896 „confessionem
800 852 1123 895 Augustinianam“
1163 852 1349 897 opposuit,
1389 864 1434 886 ex
1468 852 1658 887 sententiis
1693 853 1768 887 fere
1801 852 1971 887 librorum

209 907 244 942 S.
271 907 467 952 Augustini
494 909 720 948 contextam,
756 906 792 940 in
818 917 889 950 qua
914 917 983 940 non
1009 905 1123 939 solum
1151 905 1362 939 catholicam
1390 906 1588 940 doctrinam
1615 917 1660 940 ex
1686 906 1889 950 Augustino
1915 906 1974 940 de-

208 962 452 1003 monstrabat,
489 961 551 995 sed
588 961 697 994 etiam
723 959 856 994 multos
882 959 1077 1001 Augustini
1104 959 1201 993 locos
1228 958 1286 992 vel
1312 958 1405 993 male
1440 959 1644 993 intellectos
1670 959 1730 994 vel
1754 961 1890 994 temere
1916 959 1973 993 de-

209 1017 380 1060 pravatos
406 1017 504 1049 recte
530 1013 856 1059 interpretabatur;
885 1013 945 1057 qui
971 1012 1070 1054 liber,
1098 1012 1247 1046 Parisiis
1274 1023 1413 1056 quoque
1440 1015 1476 1046 et
1495 1012 1662 1047 Coloniae
1689 1015 1724 1047 et
1742 1012 1974 1047 vindobonae

210 1080 384 1110 excusus,
422 1067 586 1113 exemplo
612 1068 699 1109 fuit,
735 1069 776 1101 ut
801 1067 845 1101 ab
872 1066 952 1100 aliis
979 1065 1166 1100 catholicis
1192 1078 1237 1100 ex
1263 1065 1491 1111 Hieronymi,
1529 1066 1709 1100 Ambrosii
1735 1069 1803 1101 etc.
1830 1066 1975 1111 scriptis

209 1122 347 1156 similes
387 1121 677 1164 „Confessiones“
717 1120 972 1164 colligerentur
1009 1120 1300 1163 (Sommercoyel,
1336 1120 1425 1154 Bibl.
1452 1119 1555 1160 VIII,
1596 1120 1791 1154 126—129.
1837 1121 1975 1154 Hurter

210 1175 233 1211 l.
260 1188 289 1210 c.
317 1176 342 1217 Ι,
373 1174 588 1217 152——153).

329 1230 449 1274 Atque
475 1229 526 1263 ita
553 1227 738 1268 Canisius,
775 1226 867 1271 quod
895 1238 1001 1271 saepe
1028 1227 1258 1271 impenseque
1286 1227 1457 1271 petierat,
1493 1227 1637 1260 tandem
1663 1226 1890 1271 impetravit:
1930 1226 1976 1260 Ut

212 1282 325 1317 Roma
351 1283 528 1328 praeclari
555 1281 692 1326 aliquot
717 1280 878 1314 homines
905 1280 1112 1324 provinciae
1138 1279 1205 1313 sibi
1232 1280 1415 1314 subiectae
1442 1279 1747 1314 submitterentur.

330 1336 510 1371 Polaneus
537 1337 676 1377 autem,
711 1334 842 1368 timens
877 1333 932 1376 (ut
958 1333 1139 1376 videtur),
1175 1345 1218 1366 ne
1245 1333 1399 1377 epistula
1425 1344 1491 1367 sua
1526 1345 1588 1378 per
1614 1333 1908 1367 Rabensteinium
1943 1334 1979 1366 et

211 1390 458 1425 Schorichium
484 1389 692 1423 infirmitate
719 1387 840 1431 aliqua
867 1386 1024 1421 afflictos
1050 1386 1145 1420 haud
1181 1386 1231 1420 ita
1258 1386 1327 1420 cito
1355 1386 1397 1420 ad
1426 1386 1608 1421 Canisium
1635 1387 1864 1431 perferretur,
1892 1385 1978 1419 alte-

210 1455 290 1478 rum
317 1443 476 1478 eiusdem
512 1441 717 1487 exemplum
743 1441 782 1475 P.
811 1440 1001 1474 Francisco
1029 1439 1184 1484 Scipioni
1215 1439 1386 1483 (Bordon)
1426 1442 1461 1474 et
1486 1440 1660 1483 magistro
1687 1439 1839 1481 Simoni,
1867 1439 1979 1473 Lova-

212 1497 311 1531 nium
349 1509 413 1542 per
448 1498 650 1539 Augustam
692 1494 876 1535 euntibus,
917 1493 1076 1527 tradidit.
1128 1494 1181 1527 Ac
1218 1492 1336 1538 Scipio
1377 1493 1437 1537 (de
1473 1504 1541 1537 quo
1581 1494 1667 1527 Can.
1704 1492 1872 1538 Epp.11‚
1898 1492 1979 1526 437.

212 1551 303 1585 438¹
331 1550 414 1593 etc.)
442 1562 473 1584 a.
496 1550 586 1584 1563
604 1547 835 1592 Antverpiae.
863 1558 893 1581 a,
917 1547 1006 1581 1564
1026 1546 1174 1581 Parisiis
1203 1546 1444 1581 confessarius
1471 1546 1584 1581 fuisse
1608 1546 1763 1580 traditur
1791 1546 1980 1589 (Sommer-

212 1605 317 1648 voyel,
344 1603 435 1638 Bibl.
462 1603 539 1645 VH,
567 1615 599 1648 p.
627 1604 701 1645 111).
753 1600 872 1635 Simon
900 1603 1019 1635 autem
1046 1600 1106 1634 ille
1133 1601 1227 1634 idem
1255 1602 1308 1634 est
1344 1611 1385 1634 ac
1417 1600 1555 1641 „Simon
1584 1599 1763 1634 Prutenus
1790 1599 1980 1639 Polonus“,

215 1657 276 1702 qui
303 1658 337 1691 in
365 1657 508 1700 collegii
535 1656 671 1690 romani
698 1655 864 1699 catalogo
890 1666 936 1688 m.
963 1653 1050 1688 Maii
1077 1666 1108 1687 a.
1139 1655 1226 1688 1561
1255 1653 1388 1698 scripto
1418 1654 1509 1687 inter
1539 1653 1736 1698 „physicos
1761 1652 1859 1698 tertij
1887 1652 1980 1693 anni,

214 1711 274 1755 qui
301 1712 409 1745 etiam
436 1710 586 1744 audiunt
612 1709 934 1755 Metaphysicam“‚
962 1710 1111 1752 apparet
1141 1708 1421 1751 (Sommerroyel,
1450 1707 1516 1740 Les
1545 1707 1704 1741 Jesuites
1728 1708 1794 1740 etc.
1814 1705 1841 1740 f.
1860 1706 1888 1740 B
1907 1705 1978 1750 3⁸¹).

215 1764 268 1799 De
294 1776 364 1809 quo
392 1766 567 1798 Polcmcecs
593 1763 707 1797 Lainii
734 1763 834 1797 iussu
860 1761 1030 1795 Tridento
1059 1762 1089 1795 3.
1115 1761 1329 1795 Novembris
1359 1761 1448 1796 1562
1475 1760 1519 1794 ad
1547 1759 1737 1794 Societatis
1763 1759 1981 1805 superiorem

216 1818 373 1862 aliquem
400 1818 435 1852 in
462 1817 655 1853 Germania
681 1816 847 1851 inferiore
874 1818 1081 1849 versantem
1110 1815 1165 1857 (Ρ.
1194 1814 1416 1848 Everardum
1437 1813 1711 1855 Mercurianum,
1738 1814 1982 1858 praepositum

215 1871 473 1917 provincialem
485 1870 519 1915 ‘?)
558 1870 728 1905 *scribit:
772 1870 929 1912 „Mastro
956 1868 1076 1903 Simon
1104 1868 1278 1902 Prusiano
1314 1867 1464 1902 sarebbe
1500 1867 1609 1901 etiam
1636 1868 1710 1901 atto
1737 1878 1800 1912 per
1826 1866 1982 1910 leggere,

217 1927 276 1960 ma
302 1938 365 1970 per
391 1937 489 1960 esser
508 1924 600 1959 della
618 1924 762 1958 natione
781 1923 846 1958 che
865 1926 894 1964 ὲ,
920 1934 1005 1968 pare
1024 1922 1173 1957 sarebbe
1193 1921 1427 1956 conueniente
1445 1921 1475 1955 si
1494 1920 1654 1966 spedisse
1674 1919 1759 1954 delli
1776 1919 1855 1954 suoi
1872 1919 1981 1964 studij

217 1990 281 2024 per
307 1979 418 2013 andar
443 1981 463 2013 a
490 1979 653 2012 lauorare
680 1989 784 2012 uerso
811 1977 845 2011 la
873 1977 993 2021 prusia
1015 2004 1020 2010 .
1043 1978 1077 2010 et
1104 1975 1217 2009 anche
1244 1975 1282 2009 fu
1307 1975 1494 2018 disegnato
1513 1986 1575 2019 per
1593 1973 1736 2008 scholar
1754 1973 1796 2007 de
1814 1972 1982 2013 Louanio,

218 2044 282 2078 per
307 2033 396 2067 tirar
422 2032 524 2066 altri“
559 2031 620 2075 (ex
647 2030 852 2077 apographo
880 2030 1038 2064 eiusdem
1066 2030 1140 2063 fere
1166 2028 1347 2074 temporis.
1401 2027 1483 2062 Cod.
1516 2027 1577 2070 „V.
1606 2027 1643 2061 Ρ.
1673 2027 1736 2061 62“
1768 2026 1792 2060 f.
1820 2026 1914 2070 32²²).

1040 2136 1158 2178 721.

635 2225 698 2266 Ρ.
732 2222 1050 2267 IOANNES
1084 2222 1181 2264 DE
1215 2220 1572 2273 POLANCO,

826 2298 1044 2333 secretarius
1070 2297 1261 2332 Societatis
1287 2297 1379 2338 Iesu,

565 2378 736 2420 nomine
768 2377 913 2419 Iacobi
945 2375 1097 2426 Lainii,
1132 2374 1369 2429 praepositi
1401 2373 1630 2427 generalis,

968 2458 1242 2506 CANISIO.

807 2556 978 2593 Tridento
1006 2556 1037 2592 2.
1065 2555 1279 2592 Novembris
1304 2554 1399 2591 1562.

342 2637 396 2672 Ex
432 2639 576 2680 regesto
611 2635 670 2670 vel
705 2635 825 2680 potius
861 2633 1068 2679 apographo
1103 2632 1364 2677 aliquantulum
1401 2632 1602 2670 contracto,
1642 2628 1799 2663 oratione
1834 2627 1988 2672 primum

225 2691 379 2736 obliqua,
406 2690 532 2725 deinde
559 2689 706 2723 directa.
759 2688 842 2722 Cod.
874 2687 937 2729 „V.
965 2686 1002 2721 P.
1031 2687 1094 2720 62⁸⁴
1127 2686 1150 2720 f.
1179 2686 1235 2720 31.

346 2764 383 2797 Ρ.
411 2763 554 2796 Natalis
578 2763 752 2795 ve‘sitator.
797 2760 938 2793 Canisie·
962 2762 992 2790 et
1009 2758 1185 2791 Victoriae
1211 2757 1258 2790 ad
1283 2757 1530 2798 imperatorem
1556 2754 1800 2797 responsiones
1825 2752 1866 2784 de
1884 2751 1990 2784 calice

227 2819 400 2851 laicorum
435 2817 570 2850 Laim'o
600 2815 783 2858 probatae.
838 2812 948 2846 Cuius
982 2811 1023 2844 de
1058 2811 1172 2844 eodem
1206 2810 1422 2852 suffraffl'am
1456 2808 1622 2841 Cam'sius
1648 2807 1823 2839 Victoriae
1856 2806 1991 2838 mittere

227 2871 388 2914 iubetur,
426 2873 463 2902 nt
497 2869 635 2902 caesari
659 2868 857 2901 monstrari
875 2865 998 2909 possit.
1049 2864 1264 2907 Leyatoram
1291 2862 1433 2895 concilia·
1466 2862 1506 2893 de
1533 2861 1666 2894 Laim'o
1691 2859 1927 2893 testimonium
1952 2858 1988 2889 in

229 2925 323 2957 aulis
348 2923 504 2957 caesaris
538 2926 567 2955 et
593 2921 773 2955 Bavariae
807 2920 906 2952 ducis
940 2923 998 2951 etc.
1034 2918 1201 2950 adversus
1236 2916 1434 2948 ealnnmias
1467 2913 1725 2955 adhibendum,
1762 2911 1853 2954 quod
1888 2911 1988 2943 etiam

231 2978 415 3011 Societate's
441 2975 650 3019 approbatio
677 2973 849 3017 quaedam
875 2973 930 3005 sit.
973 2971 1012 3004 P.
1031 2971 1201 3011 Victoria,
1233 2969 1442 3001 Tridentum
1468 2967 1639 3009 advectus,
1666 2976 1687 2998 a
1713 2963 1856 3008 reyendi
1874 2963 1991 3005 officio

228 3030 394 3063 abhorret
401 3042 415 3072 ;
439 3030 498 3062 cai
523 3039 606 3061 num
633 3028 671 3060 in
695 3027 891 3059 Germania
916 3024 1129 3057 manendum
1155 3023 1210 3065 sit,
1236 3021 1379 3054 Natalis
1401 3020 1550 3061 definiet.
1594 3019 1633 3052 P.
1652 3018 1776 3059 Haupt
1801 3016 1990 3058 iuvandas,

234 3083 361 3116 carolo
392 3082 578 3116 archidaci
612 3082 834 3114 contionator
869 3079 910 3111 de
936 3078 1106 3111 Societate
1140 3075 1282 3108 dandas
1307 3078 1364 3107 est.
1418 3073 1614 3107 Concilium
1647 3071 1687 3103 in
1721 3071 1786 3112 iis,
1823 3079 1911 3112 quae
1945 3068 1992 3100 ad

231 3136 403 3179 oriyinem
431 3135 690 3168 iurisdictiones
715 3135 955 3176 episcoporum
979 3132 1147 3173 spectant,
1173 3128 1303 3161 haeret.
1347 3127 1522 3160 Doctrina
1548 3125 1589 3158 de
1605 3126 1826 3157 sacramento
1853 3121 1993 3155 ordinis

232 3200 253 3221 a
280 3189 491 3232 quibusdam.
516 3187 708 3220 decurtata.
760 3186 804 3218 In
830 3185 975 3218 decretis
1000 3183 1120 3216 saltem
1147 3181 1238 3214 nihil
1264 3181 1331 3213 erit
1355 3179 1452 3222 falsi.
1506 3177 1716 3212 Collationes
1740 3175 1912 3208 molestae.
