2093 3444
228 192 313 232 484
371 189 450 223 708.
487 186 652 222 Canisius
679 184 791 220 Sociis
817 184 1048 228 moguntinis.
1091 186 1184 230 Aug.
1211 186 1317 221 Vind.
1344 186 1410 221 sub
1436 187 1592 222 medium
1618 199 1665 222 ln.
1692 187 1788 233 Sept.
1820 188 1920 223 1562.

1047 303 1176 345 708.

958 396 1254 445 CANISIUS

738 494 978 538 soclls
1011 495 1483 540 MOGUNTINIS.

504 593 673 640 Augusta
699 591 974 629 Vindelicorum
1002 593 1067 629 sub
1094 592 1251 629 medium
1275 604 1323 630 m.
1350 593 1599 640 Septembrem
1624 593 1719 631 1562.

344 677 400 711 Ex
427 677 547 712 codice
574 676 686 710 colon.
719 676 862 718 „Kess.“
893 675 929 709 in
955 688 986 711 a.
1016 676 1106 711 1562
1133 677 1157 711 f.
1186 677 1252 711 171>
1281 676 1320 720 (f.
1350 676 1468 720 129b).

345 730 463 765 Etiam
491 730 585 775 apud
612 731 759 764 Hansen
786 729 809 763 l.
837 741 866 764 c.
893 741 927 774 p.
953 729 1033 764 437.

344 814 393 856 P.
417 814 672 855 Leonardus
695 812 842 854 Kessel
864 813 907 855 S.
930 812 989 866 J„
1024 814 1181 864 colleqii
1213 813 1458 855 coloniensis
1480 817 1625 866 rector,
1659 815 1703 855 in
1738 827 1811 855 sico
1839 815 1995 869 epistu-

225 880 363 920 larum
399 878 536 920 codice
567 879 669 919 liaeo
700 892 779 920 seca
812 892 942 919 manu
977 879 1157 920 notavit:
1202 878 1282 931 ‚‚D.
1316 878 1530 920 Hem-icus
1561 878 1786 920 Dionisius
1825 893 1873 920 ex
1904 879 1993 920 Mo-

221 945 373 999 yzmtia
408 946 466 985 26
489 943 742 998 Septembris
774 945 914 985 1562:
947 944 1244 997 Superioribus
1278 943 1425 985 diebus
1456 944 1685 998 scripserat
1718 943 1776 984 ad
1807 957 1883 985 7208
1913 944 1993 986 Re-

224 1009 432 1050 verendus
456 1013 583 1064 pater
606 1009 806 1051 Ccmisius
828 1009 1082 1064 Episcopum
1100 1008 1443 1063 Hei-bipolensem
1475 1007 1670 1050 obtulisse
1692 1010 1808 1050 1200
1828 1009 1993 1051 daleros

225 1088 389 1116 annuos
426 1088 506 1128 pro
543 1074 776 1127 fundando
811 1074 1039 1128 Collesyiol,
1083 1074 1142 1115 ad
1174 1074 1428 1128 Episcopum
1466 1073 1735 1128 profecturus
1777 1079 1833 1115 est
1871 1079 1994 1129 pater

224 1140 570 1181 commissm·izis2
598 1139 865 1194 propediem*
897 1175 902 1179 .
927 1174 933 1179 .

1045 1271 1175 1313 709.

963 1371 1259 1419 CANISIUS

539 1469 953 1513 STANISLAO
988 1469 1398 1513 CARDINALI
1430 1470 1679 1524 HOSIO,

506 1558 567 1592 uni
594 1570 639 1592 ex
666 1557 805 1592 concilii
832 1557 1017 1592 tridentini
1045 1558 1280 1603 praesidibus,
1307 1559 1473 1604 episcopo
1499 1559 1705 1594 varmiensi.

650 1645 818 1691 Augusta
844 1643 1117 1681 Vindelicorum
1143 1644 1191 1681 19.
1219 1644 1442 1691 Septembris
1469 1645 1563 1683 1562.

343 1727 398 1762 Ex
424 1727 639 1772 archetypo,
672 1727 765 1771 quod
793 1726 958 1761 Canisius
984 1738 1051 1761 sua
1078 1739 1184 1761 manu
1211 1727 1425 1773 subscripsit
1453 1728 1531 1772 (2⁰;
1568 1729 1583 1763 1
1612 1740 1665 1773 p.;
1702 1729 1737 1763 in
1763 1742 1795 1775 p.
1823 1730 1856 1765 4.
1882 1731 1988 1766 inser.

222 1783 259 1815 et
284 1781 381 1825 sign).
434 1780 517 1815 Cod.
545 1780 643 1824 goth.
676 1780 733 1822 „E.
761 1780 805 1814 H.
832 1780 873 1813 2*
903 1780 927 1814 f.
956 1780 1106 1815 57—58.

342 1834 544 1879 Epistulam
572 1845 617 1868 ex
644 1833 840 1879 archetypo
868 1833 1003 1879 primus
1030 1833 1220 1877 evulgavit
1249 1835 1454 1878 Cyprianus
1479 1835 1501 1869 l.
1530 1847 1558 1869 c.
1586 1847 1619 1880 p.
1647 1835 1845 1871 247—248.

340 1917 475 1950 Noram
502 1917 775 1949 Austriacorum
805 1914 1110 1959 ‚,Confessionem“
1147 1917 1273 1957 mitta,-
1308 1917 1478 1949 Austriae
1514 1917 1679 1951 nobilitas
1711 1918 1988 1954 Lutheranismo

221 1971 364 2012 infecta.
415 1970 658 2003 Romanorum
686 1970 779 2013 reyis
805 1970 931 2002 electio.
986 1970 1203 2012 Optandum,
1230 1974 1269 2002 ut
1297 1971 1331 2002 in
1360 1971 1506 2003 concilio
1533 1982 1607 2003 oum
1634 1971 1718 2012 fidei
1742 1972 1906 2006 doctrina
1932 1983 1987 2006 01·-

221 2024 319 2056 dim's
336 2023 557 2056 ecclesiastici
573 2023 783 2065 ‘reformatio
804 2024 986 2065 izmyatur.
1014 2023 1296 2066 Hztyonottorecm
1316 2025 1493 2066 tyrcmnis.
1528 2024 1624 2057 Puer
1637 2025 1798 2068 polonus.
1831 2026 1988 2059 Timores

221 2077 262 2110 cle
288 2077 446 2110 concilio.
487 2077 599 2110 Hosio
626 2077 783 2109 animum
812 2076 923 2109 addit.
967 2076 1132 2109 Laim'zcs.

416 2160 533 2202 Pax-²
565 2159 722 2202 Christi
756 2159 975 2201 nobiseum
1008 2159 1312 2201 Jllustrissime
1343 2159 1525 2202 Domine
1557 2160 1746 2203 Patrone
1780 2196 1788 2204 ,

340 2241 462 2296 Exijt
508 2255 621 2283 noua
668 2240 890 2283 Confessio
939 2240 1292 2291 Austriacorum,
1343 2255 1470 2294 quam
1514 2241 1614 2284 boni
1659 2243 1711 2284 ob
1758 2242 1801 2284 id
1848 2243 1988 2297 magis

222 2311 502 2358 execrantur,
537 2306 650 2360 quod
679 2306 847 2348 uicinae
879 2306 1094 2348 nobilitati
1127 2306 1234 2348 satis
1267 2306 1456 2360 alioquin
1489 2310 1718 2361 corruptae
1748 2307 1985 2350 fenestram

222 2371 402 2426 aperiat,
424 2373 684 2426 planamque
702 2371 815 2413 uiam
834 2373 1003 2413 sternat
1022 2371 1076 2413 ad
1093 2371 1470 2414 Lutheranismum
1489 2374 1640 2426 aperte
1657 2373 1943 2427 profitendum
1957 2374 1985 2416 3.

339 2510 353 2524 ³
379 2505 455 2538 Hoc
480 2515 509 2537 v.
537 2509 566 2537 et
594 2507 614 2538 5
639 2515 710 2547 sqq.
738 2516 758 2537 α
790 2504 895 2548 Cypr.
923 2505 1050 2538 omissa
1075 2509 1168 2537 sunt.

344 2629 353 2647 ¹
379 2626 470 2660 Vide
496 2638 605 2671 supra
631 2638 663 2671 p.
690 2626 771 2660 422.
798 2626 878 2660 454.
977 2626 990 2646 ²
1015 2626 1256 2671 Hieronymus
1282 2625 1434 2660 Natalis.

341 2681 354 2701 ³
378 2681 481 2714 Anno
510 2680 597 2714 1561
626 2679 739 2724 prima
763 2679 1041 2724 protestantium
1068 2680 1329 2714 austriacorum
1359 2679 1584 2721 „Confessi0“
1606 2678 1824 2714 Ratisbonae
1850 2691 1985 2715 excusa

221 2736 298 2768 erat
325 2732 588 2777 („Bekenntnis
615 2732 677 2766 des
698 2731 880 2766 Glaubens
906 2733 978 2766 und
997 2732 1121 2774 Lehre,
1148 2732 1295 2766 Martini
1314 2732 1511 2774 Moseders,
1539 2732 1794 2775 Jorgerischen
1812 2733 1983 2767 Kirchen-

220 2787 362 2821 dieners
387 2797 444 2820 am
470 2786 598 2820 Worte
624 2786 687 2819 des
709 2785 827 2819 Herrn
852 2786 889 2819 in
907 2785 1146 2820 Oesterreich.
1181 2785 1230 2819 Zu
1247 2786 1553 2829 Verantwortung
1579 2785 1766 2820 derselben
1791 2786 1862 2820 und
1887 2786 1989 2821 ihres

221 2839 384 2884 gleichen
412 2837 767 2873 Oesterreichischen
792 2838 968 2873 Kirchen“
1000 2841 1066 2873 etc.
1117 2839 1220 2872 Anno
1256 2840 1378 2872 autem
1406 2839 1496 2873 1562
1524 2838 1801 2884 Christophorus
1838 2838 1983 2880 Reuter,

220 2893 387 2927 sacerdos
413 2894 596 2937 apostata,
631 2891 692 2936 qui
717 2891 970 2935 Rosenbergae
1005 2892 1050 2926 ad
1077 2891 1249 2936 Campum
1279 2891 1503 2935 (Rosenberg
1529 2903 1586 2926 am
1613 2891 1740 2937 Camp)
1774 2892 1809 2925 in
1836 2891 1983 2926 Austria

220 2946 315 2980 'mfra
332 2945 483 2980 Anisum
514 2945 818 2988 „contionatorem
844 2944 1004 2979 castelli“
1036 2945 1177 2989 agebat,
1203 2944 1375 2978 nobilium
1401 2945 1623 2979 dominorum
1641 2956 1785 2979 suorum
1811 2944 1982 2978 mandatu

221 2998 438 3033 Ratisbonae
464 2998 575 3032 edidit
600 2997 761 3032 libellum
792 2997 1067 3039 „Bekanntnuss
1101 2998 1200 3032 vnnd
1226 2997 1505 3032 Rechenschafft
1542 2998 1605 3032 der
1630 2998 1763 3039 Lehre,
1800 2996 1983 3032 Glaubens

220 3052 318 3086 vnnd
343 3051 539 3095 Predigten
565 3050 811 3096 Christophori
837 3050 1009 3086 Reuters'‘
1041 3054 1127 3092 etc.;
1162 3051 1199 3085 in
1225 3063 1294 3096 quo
1320 3051 1411 3086 libro
1437 3051 1547 3086 etiam
1573 3051 1792 3097 exponebat,
1831 3062 1901 3095 qua
1926 3062 1980 3085 ra-

219 3105 317 3140 tione
352 3105 485 3139 domini
518 3105 574 3139 sui
609 3116 654 3139 ex
690 3103 921 3139 castellorum
956 3116 1104 3139 suorum
1139 3103 1302 3139 eeclesiis
1335 3115 1458 3139 sacras
1495 3103 1671 3148 imagines
1697 3104 1886 3138 eiecissent
1912 3105 1980 3138 etc.

223 3157 463 3202 (IViedemami
489 3157 512 3191 l.
540 3169 570 3192 c.
596 3158 622 3199 1,
650 3157 868 3200 331—338).
