2093 3444
205 205 290 246 488
411 203 489 236 712.
524 201 689 236 Canisius
715 201 895 236 Stanislao
921 201 1043 236 Hosio.
1083 203 1175 246 Aug.
1202 203 1308 238 Vind.
1336 204 1392 238 26.
1421 203 1642 250 Septembris
1671 206 1771 240 1562.

205 320 426 361 Hztyonottos
459 319 641 351 succedere
676 319 815 361 yandet.
865 318 1035 361 Episcopi
1066 319 1166 361 qam.
1218 320 1313 353 Puer
1344 321 1509 363 polonus.
1561 322 1711 355 Hosz'nm
1750 323 1798 355 ad
1834 327 1974 357 strenue

204 372 442 405 laborandmn
475 372 612 405 incitat.
663 371 772 405 Fides
795 373 1000 414 yermam'ca
1022 374 1298 415 protestantium
1330 375 1414 407 vitio
1446 376 1518 407 iam
1547 377 1643 409 omni
1667 375 1772 409 laude
1796 376 1972 410 destituta.

203 426 362 458 Ecclesia
389 425 631 467 reformanda.

405 513 526 555 Paxa
558 513 716 566 Christj
754 512 977 555 nobiscum
1009 513 1315 556 Jllustrissime
1347 514 1529 557 Domine
1562 516 1763 560 Patrone.

321 595 450 638 Mitto
483 595 692 650 scriptum
724 595 916 649 Illyricib
948 598 993 638 et
1026 595 1139 638 Galli
1171 596 1440 650 Ratisponae
1473 599 1774 650 coaxantium,
1816 599 1887 653 qui
1919 600 1973 642 ab

200 661 433 703 haereticis
465 660 672 703 haeretici
696 675 781 702 non
813 661 926 703 male
960 663 1203 712 censentur,
1239 664 1283 703 et
1310 661 1463 714 quibus
1486 677 1599 705 nunc
1631 663 1728 706 rixa
1760 678 1873 706 noua
1906 667 1974 708 est

202 740 298 768 cum
330 726 482 768 aulicis
514 726 819 769 Lutheranis1.
862 726 977 768 Nam
1009 727 1087 768 hos
1120 726 1270 768 uident
1301 726 1578 781 impatientes
1610 728 1713 782 iugi,
1748 729 1860 782 quod
1892 729 1974 784 ipsi

201 792 365 833 uellent
398 791 594 833 omnibus
627 793 670 833 et
702 791 904 833 maximis
937 794 981 834 et
1012 791 1199 833 minimis
1221 792 1455 846 imponere,
1489 795 1537 835 ut
1563 808 1641 848 pro
1674 793 1848 837 libidine
1880 809 1972 847 sua,

201 856 328 899 sicuti
361 859 615 911 coeperant,
658 857 764 898 nulli
803 871 888 899 non
919 856 1157 911 imperare,
1201 870 1251 898 ac
1283 857 1380 910 plus
1422 871 1551 910 quam
1583 859 1807 913 Apostolis
1838 859 1971 910 licuit,

201 921 333 964 etiam
365 922 523 964 mundo
556 922 676 975 leges
709 923 813 964 dare
845 922 1026 977 possint.
1089 923 1146 965 ,ln
1179 922 1260 964 hoc
1292 922 1413 964 breui
1454 923 1616 978 scripto
1648 924 1874 978 pulchrum
1906 928 1974 968 est

201 987 457 1037 obseruare,
501 987 654 1040 quibus
696 987 850 1038 armis,
894 987 1128 1030 Catholicis
1169 987 1393 1038 uidelicet,
1437 1002 1559 1030 suam
1601 989 1864 1032 sententiam
1899 989 1974 1033 isti

199 1055 418 1103 tueantur,
454 1066 645 1106 suaeque
676 1056 824 1096 sectae
846 1053 1040 1094 homines
1072 1053 1342 1106 impugnent,
1376 1053 1576 1095 nimirum
1609 1057 1658 1097 ut
1685 1068 1973 1108 agnoscamus

200 1131 423 1172 regnum
457 1118 538 1160 hoc
571 1119 684 1171 quod
716 1119 768 1160 in
801 1133 854 1160 se
888 1118 1157 1160 diuisum'2
1189 1120 1268 1168 est,
1302 1118 1423 1160 breui
1454 1118 1754 1163 corruiturum.
1798 1119 1973 1164 Mittam

200 1183 286 1225 alia
320 1185 363 1224 et
395 1183 592 1235 gratiora
623 1184 825 1234 fortasse,
861 1198 957 1225 cum
990 1198 1044 1225 ex
1078 1184 1305 1225 mercatu3
1338 1183 1499 1226 fuerint
1532 1184 1730 1228 aduecta.

318 1248 556 1291 Lutherani
599 1249 651 1291 de
685 1249 850 1291 Gallico
883 1249 1072 1291 tumultu
1105 1262 1235 1302 parce
1267 1263 1379 1290 nunc
1414 1249 1635 1302 garriunt,
1679 1250 1792 1303 quod
1825 1250 1972 1293 audito

199 1327 401 1355 successu
420 1314 738 1357 Catholicarum
762 1314 951 1369 partium
974 1317 1224 1357 terreantur
1239 1314 1267 1363 4,
1296 1328 1345 1355 ac
1364 1312 1707 1370 [quantumuis]e
1734 1316 1822 1357 suis
1841 1315 1972 1357 etiam

200 1378 335 1433 copijs
377 1382 421 1421 et
461 1379 691 1434 praesidijs
732 1379 948 1434 impietati
989 1379 1211 1433 suppetias
1255 1378 1370 1421 ferre
1412 1379 1627 1430 uellent5,
1674 1383 1867 1423 metuere
1907 1380 1972 1422 ui-

200 1445 385 1487 deantur
419 1443 532 1500 [sic]
596 1445 782 1487 Auferat
815 1445 1025 1486 Dominus
1056 1445 1137 1486 hoc
1169 1445 1423 1486 scandalum
1456 1445 1508 1487 de
1540 1445 1681 1487 medio
1713 1446 1927 1488 Jsrahelis
1943 1446 1972 1497 ⁶,

200 1512 244 1553 et
275 1510 473 1553 humiliet
505 1511 736 1565 superbum
773 1510 968 1561 Goliath,
1013 1509 1084 1563 qui
1118 1524 1214 1551 cum
1246 1509 1334 1551 suis
1375 1510 1678 1565 blasphemare
1710 1524 1795 1552 non
1828 1514 1972 1554 cessat

201 1578 347 1618 castra
379 1575 458 1617 Dei
491 1576 723 1619 uiuentis⁷.

318 1640 439 1690 Quod
472 1642 507 1683 si
540 1655 672 1695 penes
705 1642 900 1695 RegemS
941 1640 1076 1683 stabit
1108 1640 1313 1691 victoria,
1358 1654 1563 1694 magnum
1604 1640 1703 1683 inde
1734 1641 1866 1682 robur
1898 1655 1970 1683 ac·

199 1705 324 1748 cedet
346 1706 579 1749 Catholicis
602 1707 645 1748 in
669 1706 914 1757 Germania,
939 1709 988 1748 ut
1009 1706 1202 1748 iudicant
1224 1705 1457 1760 sapientes,
1496 1704 1724 1749 Aduentus
1748 1705 1970 1748 Gallorum

199 1770 526 1826 Episcoporum,
560 1774 609 1814 ut
642 1786 879 1826 speramus,
915 1785 1071 1813 nouam
1105 1771 1278 1825 Synodo
1311 1771 1453 1825 pariet
1485 1770 1811 1815 authoritatem.

319 1836 479 1891 Scripsi
511 1851 648 1891 nuper
680 1837 732 1879 de
763 1837 924 1879 Polono
957 1850 1090 1891 puero
1108 1837 1135 1886 9,
1170 1850 1195 1878 a
1227 1836 1389 1878 nostris
1415 1835 1608 1878 Viennae
1641 1835 1828 1888 dimisso,
1862 1836 1970 1878 iam-

199 1915 282 1954 que
314 1902 358 1943 ni
390 1902 532 1953 fallor,
566 1902 737 1955 Pragae
770 1905 974 1944 uersante
1006 1901 1120 1956 apud
1154 1901 1204 1943 D.
1239 1901 1510 1952 Cromerum,
1549 1903 1598 1943 ut
1630 1901 1791 1944 Rector
1822 1903 1972 1943 noster

198 1966 458 2009 Viennensis
475 1969 511 1994 10
547 1967 602 2009 ad
634 1981 703 2009 me
735 1967 920 2021 scripsit.

316 2032 587 2074 Reuerenter
609 2046 677 2074 me
700 2032 950 2074 commendo
974 2031 1227 2074 Celsitudini
1247 2034 1364 2082 tuae,
1399 2030 1519 2073 cuius
1541 2030 1731 2073 animum
1755 2033 1800 2074 et
1831 2031 1970 2073 zelum

197 2096 242 2137 in
281 2096 348 2138 his
381 2097 653 2151 negotiorum
696 2097 821 2139 undis
861 2100 1119 2151 perpetuum
1161 2110 1212 2138 ac
1252 2097 1422 2138 firmum
1464 2109 1560 2138 esse
1591 2096 1810 2150 percupio.
1874 2096 1969 2138 Hoc

197 2175 329 2204 unum
370 2163 527 2205 addam
571 2163 624 2204 de
665 2165 815 2205 nostra
859 2162 1112 2211 Germania,
1158 2165 1330 2205 tantum
1374 2161 1417 2203 in
1462 2175 1514 2203 ea
1555 2162 1781 2204 Sectarum
1825 2161 1970 2203 studia

198 2227 416 2279 effecisse,
450 2232 498 2271 ut
530 2241 669 2282 neque
701 2228 961 2281 Religionis,
1002 2241 1111 2281 quae
1144 2241 1241 2269 cum
1273 2227 1473 2269 Ecclesia
1504 2226 1701 2268 Romana
1733 2225 1969 2268 communis

198 2306 293 2335 esse
339 2293 544 2344 debebat,
594 2307 732 2347 neque
779 2292 1044 2343 honestatis,
1099 2306 1210 2346 quae
1257 2291 1474 2335 seditiosis
1521 2291 1785 2346 patrocinari
1831 2293 1966 2342 uetat,

319 2460 333 2475 ³
358 2456 436 2489 Hoc
460 2456 602 2489 verbum
629 2461 658 2488 et
686 2459 706 2489 5
731 2457 909 2499 sequentia
935 2466 958 2487 a
987 2455 1094 2497 Cypr.
1122 2456 1252 2487 omissa
1275 2459 1368 2488 sunt.
1467 2453 1481 2474 b
1508 2453 1618 2488 Illrici
1645 2454 1774 2488 archet.

321 2514 333 2528 ⁰
359 2509 436 2542 Hoc
453 2509 504 2542 vel
521 2510 661 2552 aliquid
677 2509 792 2542 simile
820 2510 931 2550 (cum,
959 2507 1135 2551 quamuis,
1162 2506 1266 2548 licet)
1289 2507 1524 2551 supplendum
1550 2518 1620 2541 esse
1636 2518 1694 2542 res
1710 2508 1789 2551 ipsa
1807 2508 1965 2541 ostendit.

321 2655 330 2673 ¹
358 2652 458 2695 Vide,
485 2664 577 2696 quae
602 2653 669 2687 sub
695 2653 793 2698 ipsas
819 2652 884 2687 has
911 2652 1052 2687 litteras
1079 2652 1254 2686 dicentur.

317 2706 330 2726 ²
355 2705 439 2740 Luc.
469 2706 523 2747 11,
552 2706 606 2740 17.
656 2706 786 2740 Matth.
816 2706 869 2748 12,
896 2706 952 2740 25.
1051 2706 1064 2726 ³
1091 2705 1146 2740 Ex
1170 2705 1343 2739 librorum
1368 2705 1529 2738 mercatu
1554 2703 1845 2738 francofurtensi.

317 2762 330 2779 4
357 2759 498 2804 Gaspar
523 2759 567 2793 de
593 2759 744 2803 Coligny
783 2758 910 2793 classis
944 2759 1151 2804 praefectus
1186 2757 1317 2802 aliique
1342 2768 1509 2802 proceres
1541 2756 1745 2802 perduelles
1781 2768 1801 2791 a
1836 2758 1966 2791 senatu

197 2813 388 2858 parisiensi
416 2814 447 2847 1.
465 2812 687 2858 Septembris
716 2812 805 2847 1562
831 2812 1042 2857 proscripti;
1069 2811 1194 2856 paucis
1219 2811 1344 2845 diebus
1369 2811 1451 2855 post
1468 2810 1691 2854 Rotomagus
1720 2809 1874 2854 (Rouen)
1902 2821 1966 2855 per

198 2865 393 2900 Antonium
419 2865 606 2901 Navarrae
640 2876 782 2909 regem,
818 2865 879 2909 qui
913 2865 985 2900 iam
1021 2876 1102 2899 cum
1128 2863 1314 2899 catholicis
1340 2865 1436 2906 erat,
1473 2875 1518 2897 ex
1543 2862 1833 2907 Hugonottorum
1867 2865 1964 2908 pote-

199 2920 295 2954 State
318 2920 514 3007 JffaiZime
541 2971 820 3017 Christophorus
837 2971 1156 3015 Wurttembergae
1182 2970 1256 3005 dux
1281 2972 1318 3004 et
1342 2969 1532 3014 Philippus
1549 2968 1702 3004 Hassiae
1727 2969 1963 3013 landgravius

201 3024 338 3070 (Goetz,
364 3025 535 3069 Beitrage
560 3027 628 3059 etc.
655 3037 688 3070 p.
717 3025 805 3066 251;
831 3025 1051 3069 Fuensanta,
1077 3024 1320 3058 Documentos
1346 3022 1500 3057 ineditos
1525 3021 1686 3064 XCVIII,
1713 3021 1811 3065 361).

319 3080 332 3099 ⁶
359 3079 413 3113 Of.
440 3079 545 3113 Deut.
575 3078 629 3120 13,
657 3079 688 3113 5.
740 3077 846 3122 Soph.
874 3078 905 3119 3,
935 3078 976 3112 11
1005 3079 1073 3112 etc.
1172 3077 1185 3097 ⁷
1211 3076 1264 3112 Cf.
1293 3077 1309 3110 1
1339 3075 1428 3120 Reg.
1457 3075 1511 3117 17,
1537 3075 1665 3109 4—54.

319 3133 332 3152 ⁸
359 3131 525 3166 Carolum
551 3131 612 3166 IX.
713 3132 725 3151 ⁹
752 3130 907 3174 Georgio
934 3129 1195 3172 Kuklinowski,
1221 3131 1262 3164 ut
1287 3129 1448 3170 videtum
1473 3128 1557 3163 vide
1583 3139 1691 3173 supra
1716 3139 1750 3173 p.
1775 3127 1856 3162 485.

307 3185 334 3205 ¹⁰
358 3185 399 3219 P.
425 3184 560 3219 Paulus
585 3184 767 3219 Hoffaeus.
