2093 3444
293 157 372 192 638.
409 156 574 192 Canisius
600 157 779 192 Stanislao
806 157 927 192 Hosio.
970 158 1065 202 Aug.
1091 157 1197 192 Vind.
1223 158 1255 192 4.
1283 158 1491 192 Decembris
1520 159 1620 193 1561.
1754 161 1838 202 319

887 276 1018 318 (338.

802 369 1100 417 CANISIUS

385 467 800 510 STANISLAO
835 467 1247 511 CARDINALI
1279 467 1529 520 HOS10,

358 549 419 583 uni
446 561 492 583 ex
518 548 659 583 concilii
685 549 874 584 tridentini
899 551 1136 595 praesidibus,
1165 551 1331 596 episcopo
1358 550 1564 585 varmiensi.

518 635 687 682 Augusta
713 634 986 672 Vindelicorum
1011 637 1046 672 4.
1074 636 1282 673 Decembris
1308 636 1394 672 1561.

190 719 248 754 Ex
273 719 471 764 archetypo
500 718 579 763 (2⁰;
610 719 630 753 2
657 718 732 764 pp.)
749 747 756 761 ,
792 731 812 753 a
840 719 982 754 Canisio
1017 720 1096 765 ipso
1130 720 1346 766 subscripto.
1399 720 1483 755 Cod.
1511 719 1610 764 goth.
1642 719 1700 762 „E.
1728 719 1772 753 H.
1800 719 1841 753 ‘2⁶‘

71 779 96 813 f.
124 773 194 807 234
221 775 256 807 et
282 784 336 817 sq.
363 785 434 806 non
460 772 553 816 sign.

191 826 394 871 Epistulam
432 838 478 860 ex
504 825 703 871 archetypo
730 825 868 871 primus
894 827 993 871 typis
1020 827 1214 873 exscripsit
1244 828 1452 872 Cyprianus
1476 827 1500 862 l.
1528 839 1556 861 c.
1585 839 1619 872 p.
1648 826 1845 861 198—200.

71 880 276 914 Particulas
312 879 389 914 eius
425 880 630 924 germanice
665 879 778 913 vertit
804 881 905 914 Riese
939 880 962 914 l.
990 892 1019 914 c.
1055 892 1087 925 p.
1115 881 1196 915 284.
1224 881 1304 916 300.
1356 881 1489 915 Eadem
1529 892 1616 915 usus
1652 882 1708 914 est
1732 881 1848 914 Kross

72 933 95 968 l.
124 945 153 968 c.
180 945 214 978 p.
243 933 322 968 133.

197 1010 436 1053 Confessionis
461 1014 683 1052 augustanae
709 1010 905 1052 exemplum
941 1021 1012 1044 rnon
1047 1011 1188 1045 ini-enit.
1241 1011 1425 1055 Synodzim
1453 1022 1627 1054 prospere
1657 1011 1849 1053 procedere

70 1065 225 1108 9audet;
259 1065 301 1097 de
326 1075 397 1107 qua
423 1063 512 1096 Pius
537 1064 603 1097 IV.
631 1064 758 1106 optime
782 1064 923 1096 mei-nit.
974 1064 1185 1108 Dolendam,
1218 1076 1407 1108 yermanos
1432 1065 1610 1108 episcopos
1639 1064 1850 1098 Tridentum

73 1129 146 1152 non
171 1119 299 1151 venire.
351 1118 534 1160 Auyustae
559 1117 850 1160 Vitemberyenses
876 1118 1142 1161 contionantw·,
1170 1118 1422 1152 catholicorum
1441 1119 1560 1161 pietas
1587 1119 1718 1151 crescit.
1770 1118 1850 1151 Sta-

68 1172 203 1216 phylus
228 1176 257 1204 et
285 1171 556 1205 Schmidelinus.
610 1171 779 1204 Canisius
807 1172 927 1215 illam,
962 1176 1001 1205 ut
1028 1176 1152 1205 contra
1178 1172 1272 1205 hunc
1296 1173 1448 1216 scribat,
1479 1172 1657 1205 hortatur.
1711 1172 1851 1205 Clebitii

74 1226 206 1259 libram
231 1226 367 1258 mittere
392 1225 551 1258 nonduin
571 1229 696 1267 potest.
735 1224 976 1258 Conciliornm
1003 1226 1190 1259 editionem
1217 1226 1441 1259 commendat.
1482 1226 1653 1259 Timanni
1669 1225 1851 1258 lutherani

74 1279 207 1313 librum
241 1279 358 1312 mittit.
410 1278 602 1311 Menoetius
637 1279 675 1310 id
710 1279 804 1322 agyit,
839 1282 879 1311 ut
911 1278 1102 1312 lutherana
1131 1280 1230 1322 plebs
1254 1280 1352 1313 nocis
1379 1284 1619 1323 compescatur
1645 1279 1850 1315 canonibus.

75 1333 245 1367 Albertus
279 1333 318 1366 V.
353 1333 429 1365 dux
462 1332 647 1365 Phausero
682 1333 806 1365 andito
841 1336 872 1364 et
906 1333 1035 1365 ritibus
1068 1333 1339 1376 protestantizmz
1374 1333 1564 1376 conspectis
1597 1333 1850 1366 marescalcum

71 1390 325 1430 protestantem
351 1385 533 1430 ableyavit,
561 1385 733 1429 Staphylo
760 1390 788 1418 et
806 1385 1055 1429 Eisenffl·einio
1080 1397 1231 1420 munera
1257 1387 1361 1420 dedit.
1397 1387 1530 1420 Ericzcs
1547 1387 1597 1420 H.
1625 1387 1701 1420 dux
1726 1387 1852 1419 bruns-

75 1440 222 1473 vicensis
260 1439 520 1473 contionatores
562 1438 750 1472 catholicos
793 1441 944 1482 quaerit.
1006 1440 1254 1473 Parochornm
1296 1445 1326 1473 et
1369 1441 1655 1474 contionatorum
1692 1440 1851 1483 penaria

75 1504 224 1528 summa.
276 1493 632 1536 Archiepiseopatum
652 1503 864 1537 prayensem
892 1493 1060 1527 Canisius
1087 1494 1198 1528 Hosio
1225 1495 1453 1528 commendat.

952 1584 979 1636 †

874 1666 900 1708 J
904 1666 1016 1708 Esus
1030 1672 1057 1709 ³.

167 1749 263 1791 Pax
295 1747 456 1791 Christi
487 1748 711 1791 nobiscum
742 1748 1121 1791 Reuerendissime
1154 1750 1198 1791 et
1230 1747 1534 1791 Jllustrissime
1567 1746 1762 1789 Domine.

198 1830 356 1873 Nescio
390 1830 463 1884 qui
493 1832 592 1883 fiat,
628 1833 677 1874 ut
709 1831 995 1884 Augustanae
1027 1830 1319 1873 Confessionis
1353 1830 1553 1884 exempla
1585 1828 1748 1883 passim
1781 1828 1855 1871 de-

79 1896 337 1947 siderentur,
370 1895 560 1939 fortasse
592 1896 706 1950 quod
738 1910 896 1938 nouam
918 1895 1162 1949 iterumque
1184 1898 1398 1938 mutatam
1421 1898 1579 1950 parent
1608 1894 1853 1937 editionem.

79 1962 242 2015 Jtaque
282 1961 459 2004 mittere
500 1975 552 2004 ea
591 1975 678 2004 non
718 1961 843 2013 licet,
885 1964 934 2004 ut
978 1976 1004 2003 a
1047 1975 1116 2003 me
1156 1961 1398 2016 postulauit
1437 1959 1691 2015 Amplitudo
1732 1963 1810 2002 tua
1827 1962 1854 2003 1.

79 2027 220 2069 Huius
251 2026 390 2069 literis
422 2027 550 2069 ualde
583 2041 678 2069 sum
700 2030 938 2078 recreatus,
973 2029 1018 2069 et
1048 2027 1191 2069 laetus
1214 2026 1384 2069 Christo
1411 2026 1579 2080 gratias
1612 2039 1708 2079 ago,
1744 2025 1857 2078 quod

79 2107 240 2146 magna
289 2092 604 2147 Episcoporum
656 2092 905 2146 frequentia
958 2106 1128 2134 sacram
1181 2092 1403 2146 Synodum
1456 2094 1602 2141 ornet,
1657 2091 1857 2144 quodque

80 2157 301 2213 Hispanos
334 2157 570 2201 Antistites
612 2158 841 2208 accedere,
884 2160 929 2200 et
963 2157 1152 2200 Gallicos
1193 2157 1325 2200 etiam
1368 2160 1629 2210 sequuturos
1664 2170 1760 2198 esse
1790 2156 1857 2197 in-

79 2223 290 2277 telligam.
354 2223 512 2265 Mirum
546 2226 591 2267 et
622 2223 916 2266 miserandum
948 2237 1075 2274 sane,
1120 2222 1315 2276 cunctarj
1353 2236 1473 2264 more
1505 2236 1583 2264 suo
1617 2222 1858 2264 Germanos

81 2289 332 2340 Praesules,
376 2289 449 2342 qui
490 2289 545 2331 ad
585 2303 677 2331 rem
718 2288 979 2331 familiarem
1020 2288 1161 2342 magis
1198 2288 1380 2340 attenti,
1423 2301 1551 2342 quam
1594 2288 1649 2329 ad
1682 2301 1858 2329 causam

81 2354 307 2396 Ecclesiae
347 2354 654 2408 uindicandam
686 2354 825 2396 seduli
858 2368 954 2396 esse
986 2353 1202 2397 uidentur.
1268 2353 1423 2396 Omnia
1455 2352 1687 2396 metuimus
1719 2352 1859 2406 magis

82 2434 212 2473 quam
244 2420 383 2462 solum
415 2420 555 2462 Deum
570 2421 599 2463 2.
662 2419 818 2462 Aderit
849 2419 1022 2462 interim
1056 2422 1104 2462 ut
1136 2433 1276 2474 spero,
1311 2419 1457 2461 diuina
1488 2418 1661 2461 bonitas
1692 2418 1763 2473 pio
1793 2417 1857 2472 Pij

80 2484 303 2528 Pontificis
334 2484 551 2536 instituto,
586 2485 658 2538 qui
691 2487 809 2527 certe
841 2499 927 2527 non
958 2499 1112 2539 parum
1140 2484 1359 2539 promouit
1390 2486 1458 2527 tot
1489 2483 1782 2537 legationibus
1815 2486 1859 2526 et

82 2550 448 2593 admonitionibus
479 2564 582 2593 uere
603 2550 800 2605 paternis
833 2552 964 2603 atque
988 2550 1252 2604 apostolicis,
1287 2549 1370 2593 etsi
1393 2549 1464 2605 alij
1490 2549 1619 2592 aliter
1648 2549 1701 2591 de
1732 2548 1859 2591 huius

82 2618 229 2658 mente
260 2615 466 2659 iudicent.
530 2616 658 2658 Nunc
691 2615 744 2657 de
776 2615 1039 2670 aduersarijs
1073 2616 1185 2669 quod
1219 2615 1359 2657 dicam
1393 2629 1480 2657 non
1510 2615 1662 2657 habeo.
1727 2613 1859 2656 'Venit

82 2695 194 2723 unus
235 2684 368 2735 atque
408 2682 523 2724 alter
561 2681 873 2734 Wittenberga
913 2680 1071 2722 missus
1103 2681 1371 2734 Augustam,
1414 2682 1464 2723 ut
1504 2680 1715 2723 sectarios
1757 2693 1858 2721 con-

82 2747 279 2789 firmaret
311 2747 618 2789 concionando.
683 2746 768 2788 Sed
799 2760 878 2788 nos
909 2759 1155 2800 pergemus,
1189 2745 1225 2788 si
1257 2745 1468 2788 Dominus
1500 2745 1674 2796 fauerit,
1708 2744 1859 2787 catho-

82 2812 264 2854 licorum
295 2811 366 2854 hic
399 2826 578 2866 gregem
610 2826 636 2854 a
668 2825 808 2853 nouae
831 2810 1056 2854 doctrinae
1089 2811 1292 2865 contagio
1324 2811 1559 2853 immunem
1582 2823 1856 2861 conseruare,

203 2962 218 2977 ὃ
243 2957 321 2991 Hoc
345 2968 375 2992 v.
402 2962 432 2990 et
458 2959 480 2990 7
504 2967 577 3000 sqq.
604 2966 627 2989 a
657 2956 763 3000 Cypr.
792 2957 921 2989 omissa
946 2960 1040 2990 sant.

207 3091 218 3111 ¹
245 3090 300 3125 Of.
329 3091 417 3125 Can.
442 3089 532 3135 Epp.
558 3088 602 3131 II,
630 3089 709 3124 796.
737 3089 816 3132 914,
845 3091 880 3124 et
905 3101 1015 3135 supra
1041 3101 1075 3135 p.
1102 3090 1182 3125 296.

206 3144 220 3164 2
244 3143 336 3178 Vide
362 3154 473 3189 supra
497 3154 531 3188 p.
559 3142 660 3177 317⁹.
