2093 3444
520 183 675 218 Monuni.
706 182 838 227 (varia)
867 184 946 219 405.
977 184 1048 228 (22.
1075 183 1228 218 Ianuarii
1260 184 1376 227 1561.)
1747 188 1829 229 801

64 307 131 346 est
171 302 344 345 Iesuitis
388 336 396 344 .
440 300 774 343 Mansfeldensis
819 301 996 343 Comitis
1040 301 1390 353 concionatores,
1441 301 1512 355 qui
1557 302 1609 344 de
1652 302 1833 345 Lutheri

65 367 262 410 doctrina
301 381 410 421 pura
450 369 625 409 retenta
666 365 861 420 inprimis
903 366 1167 419 gloriantur,
1210 381 1296 409 non
1338 367 1475 409 solum
1518 381 1544 409 a
1584 367 1831 419 Catholicis,

65 433 139 475 sed
173 432 304 474 etiam
337 446 362 473 a
394 431 675 474 Melanthone
708 433 752 472 et
783 430 880 484 alijs
912 431 1239 484 Vitebergensis
1272 431 1445 473 scholae
1479 432 1725 474 doctoribus
1759 434 1833 476 de-

64 498 273 547 fecerunt,
307 510 466 538 nouam
487 495 661 538 interim
685 510 780 537 cum
803 495 1045 549 Illyricanis
1069 499 1246 544 sectam,
1277 511 1435 539 nouam
1458 497 1617 539 Ihenae
1639 499 1833 541 scholam

65 565 108 604 et
140 576 295 604 nouam
338 561 382 602 in
416 561 605 603 Saxonia
637 561 876 602 Ecclesiam
912 561 1280 612 constituentes1‚
1324 564 1369 604 et
1403 576 1498 603 cum
1532 562 1628 616 alijs
1661 563 1833 616 quidem

66 627 193 681 socijs
215 626 474 669 Lutheranis
507 626 668 667 furiose
691 626 994 679 digladiantes.
1038 626 1197 679 Magno
1222 626 1335 668 enim
1358 627 1586 681 supercilio
1610 628 1832 679 damnant,

66 706 116 734 ac
148 692 269 734 velut
300 691 478 745 impium
511 691 799 740 detestantur,
833 691 1036 744 quicquid
1069 706 1164 733 cum
1196 691 1387 745 ipsorum
1419 691 1604 746 placitis,
1640 693 1719 734 hoc
1752 696 1833 745 est,

67 756 274 800 extremis
301 756 479 798 Lutheri
512 756 729 797 furoribus
760 770 845 797 non
878 756 1078 809 congruit
1110 756 1231 799 satis,
1276 756 1396 806 Quod
1428 759 1477 799 vt
1508 757 1669 800 rectius
1702 758 1834 800 etiam

65 823 211 865 facere
256 821 529 871 viderentur,
579 821 764 863 Iesuitas
809 821 864 874 (si
909 821 1076 875 superis
1120 820 1283 875 placet)
1330 821 1444 863 inter
1488 822 1573 864 alia
1617 825 1836 866 sectarum

67 901 241 941 genera,
276 900 385 940 quae
418 886 498 940 ipsi
531 886 770 928 refellenda
803 890 1098 940 susceperunt,
1133 889 1498 928 connumerarunt
1532 922 1540 929 .
1574 887 1836 930 Iesuitarum

67 966 170 994 uero
203 951 438 1006 principem
472 952 642 1004 fingunt
675 952 740 993 .D.
772 951 1001 1002 Canisium,
1036 951 1174 993 multa
1205 951 1368 993 insulsa
1402 952 1757 1004 deblatterantes,
1793 957 1837 996 et

68 1031 178 1070 quae
211 1030 350 1070 neque
382 1030 408 1058 a
440 1016 602 1058 nostris
644 1015 781 1066 dicta,
825 1030 963 1069 neque
1005 1015 1168 1070 scripta
1209 1019 1310 1058 sunt
1343 1030 1555 1069 vnquam,
1598 1032 1674 1060 suo
1717 1032 1837 1061 more

68 1082 153 1124 illis
200 1081 511 1130 attribuentes,
561 1081 791 1135 palamque
840 1081 1210 1131 calumniantes2,
1261 1083 1309 1123 Vt
1355 1081 1453 1123 hinc
1500 1082 1607 1124 satis
1652 1086 1835 1135 constet,

69 1148 261 1202 agendas
302 1146 424 1188 nobis
456 1147 547 1188 Deo
580 1146 747 1199 gratias
786 1160 902 1195 esse,
946 1146 1017 1199 qui
1060 1146 1257 1200 dignos
1300 1146 1405 1188 facit
1446 1147 1509 1188 ad
1551 1147 1837 1191 ferendam

69 1227 162 1268 pro
196 1214 320 1254 lesu
352 1212 567 1253 nomine
601 1212 993 1254 contumeliam
1011 1213 1040 1261 3,
1074 1211 1333 1265 praesertim
1358 1212 1443 1253 illis
1466 1212 1731 1264 authoribus,
1766 1214 1839 1267 qui

68 1293 207 1332 neque
241 1292 337 1320 cum
370 1277 588 1327 Ecclesia,
630 1291 768 1330 neque
802 1291 895 1318 cum
938 1276 1059 1318 bonis
1093 1277 1212 1327 ullis,
1255 1291 1394 1330 neque
1433 1276 1547 1320 inter
1589 1292 1635 1320 se
1671 1278 1753 1333 ipsi
1786 1280 1838 1321 de

69 1359 175 1387 vera
206 1344 289 1385 fide
322 1343 552 1385 conuenire
586 1345 780 1396 possunt.

890 1475 1021 1517 405.

774 1567 831 1603 ⁶2⁶2.
858 1565 1023 1603 Ianuarii
1047 1565 1134 1603 1561.

189 1657 243 1691 Ex
270 1657 476 1702 apographo
494 1657 606 1691 totius
633 1656 819 1702 epistulae,
847 1656 969 1690 eodem
995 1658 1155 1701 tempore
1174 1655 1318 1700 scripto,
1345 1656 1438 1700 quod
1465 1658 1521 1690 est
1539 1656 1575 1690 in
1594 1658 1668 1692 cod.
1697 1662 1840 1702 august.

77 1710 272 1754 „Registr.“
304 1711 328 1745 f.
355 1711 550 1745 492—502.

192 1764 323 1798 Exstat
349 1764 455 1798 etiam
482 1764 519 1797 in
544 1765 698 1808 Poffl'am'
722 1763 895 1808 Epistolis
921 1763 964 1804 ΙΙ,
991 1762 1196 1803 ‘MS—⁶221,
1234 1764 1269 1796 et
1295 1762 1388 1807 apud
1417 1764 1499 1797 Ant.
1527 1765 1667 1809 Weber,
1698 1765 1841 1800 Literae

73 1829 93 1851 a
119 1817 340 1852 Truchsesso
367 1818 411 1852 ad
438 1817 589 1851 Hosium
616 1818 718 1851 annis
748 1817 838 1851 1560
865 1819 900 1850 et
928 1816 1015 1851 1561
1044 1816 1149 1850 datae
1177 1815 1412 1859 (Ratisbonae
1440 1816 1545 1860 1892)
1575 1829 1607 1862 p.
1635 1818 1786 1854 61—64.

197 1898 333 1933 Canisie'
361 1901 482 1933 virtus.

195 1989 284 2031 Otto
317 1989 555 2030 cardinalis
586 1989 865 2043 Auyzcstanus
897 1988 1032 2028 Roma
1069 1989 1138 2028 22.
1167 1986 1372 2028 Ianuaria·
1403 1989 1516 2028 1561
1551 1988 1842 2031 Vindobonam

74 2055 134 2096 ad
166 2055 429 2096 Stam‘slamn
461 2054 664 2105 Hosium,
710 2055 940 2108 episcopum
978 2054 1250 2093 varmiensem
1293 2057 1329 2093 et
1352 2053 1567 2106 pontificis
1599 2055 1717 2107 apud
1750 2069 1842 2096 cae-

74 2135 212 2162 sarem
246 2122 454 2173 nuntium,
488 2121 680 2174 scripsit:
712 2118 843 2160 Pauci
877 2117 1043 2160 utinam
1076 2119 1223 2158 essent
1245 2116 1400 2171 Canisij
1432 2116 1606 2168 similes,
1641 2132 1726 2160 non
1758 2134 1842 2173 quo

73 2199 158 2227 non
191 2185 248 2228 sit
280 2185 472 2239 optanda
505 2184 628 2238 copia
660 2183 813 2226 talium
847 2183 1071 2233 Virorum,
1108 2182 1183 2224 sed
1215 2181 1259 2223 in
1292 2196 1458 2224 summa
1491 2189 1666 2224 eorum³
1697 2183 1843 2238 inopia

74 2250 238 2292 minore
271 2250 403 2293 etiam
435 2264 614 2292 numero
648 2248 841 2291 contenti
874 2262 969 2290 esse
1001 2261 1238 2302 possemus.

193 2424 207 2439 a
233 2429 354 2452 earum
380 2429 438 2461 (Q)-

76 2576 273 2618 Societate,
308 2575 378 2610 PP.
405 2575 558 2609 Ioannes
593 2575 635 2609 de
662 2574 822 2609 Victoria
857 2575 893 2607 et
918 2573 1160 2607 Theodoricus
1192 2572 1236 2606 ab
1262 2572 1566 2613 Hauekeschede‚
1602 2572 1844 2607 interfuerunt

81 2629 228 2674 (Soelzer
253 2629 276 2663 l.
304 2640 332 2663 c.
361 2641 393 2674 p.
422 2628 477 2663 89.
521 2629 676 2672 Pe'terffgs
701 2628 724 2662 l.
753 2640 782 2662 c.
809 2640 842 2672 p.
871 2626 1064 2669 39—129).
1117 2625 1170 2659 Cf.
1199 2625 1307 2659 etiam
1336 2627 1423 2659 Can.
1451 2625 1539 2671 Epp.
1566 2625 1593 2667 I,
1618 2626 1698 2660 449.

199 2685 208 2703 ¹
236 2682 289 2717 Cf.
321 2683 406 2716 Can.
434 2682 522 2727 Epp.
550 2682 594 2721 H,
622 2681 819 2716 627—628.
848 2681 927 2715 670.

197 2736 210 2757 ²
236 2735 431 2770 Lutherani
459 2735 512 2769 illi
537 2734 693 2769 ministri
719 2733 1018 2768 mansfeldienses
1044 2731 1079 2765 id
1105 2731 1366 2776 praestiterunt
1390 2731 1427 2765 in
1452 2731 1542 2765 libro
1568 2731 1721 2766 Islebiae
1751 2732 1842 2776 (Eis-

75 2789 194 2834 leben)
225 2801 255 2824 a.
286 2789 376 2824 1560
402 2789 516 2823 edito:
557 2788 797 2830 „Bekendtnis
824 2787 885 2821 der
911 2786 1084 2829 Prediger
1109 2786 1146 2819 in
1172 2786 1234 2819 der
1261 2784 1494 2820 Graffschafft
1519 2784 1711 2826 Mansfelt,
1738 2788 1844 2821 vnter

77 2844 145 2878 (len
166 2843 304 2889 jung-en
330 2843 469 2877 Herren
495 2853 678 2886 gesessen.
728 2841 854 2875 Wider
879 2840 949 2874 alle
976 2839 1114 2879 Secten‚
1140 2838 1282 2880 Rotten,
1309 2839 1381 2873 vnd
1407 2838 1547 2873 falsche
1572 2838 1706 2880 Leren,
1732 2840 1844 2874 wider

77 2897 166 2932 Gott
190 2899 292 2935 wort,
318 2896 375 2930 die
400 2896 498 2930 reine
523 2895 612 2929 Lere
635 2895 677 2929 D.
696 2894 850 2928 Luthers
876 2893 1034 2936 seligen⁴⁶
1064 2895 1131 2926 etc.
1158 2892 1182 2926 f.
1203 2892 1354 2926 ’ΤΟ-82.
1389 2891 1457 2934 Qui
1481 2891 1572 2926 liber
1597 2892 1706 2926 etiam
1731 2893 1844 2928 latine

77 2950 195 2984 editus
221 2961 301 2984 esse
326 2949 481 2983 videtur.
531 2949 642 2983 Plura
668 2948 751 2983 vide
780 2949 868 2982 Can.
894 2947 983 2991 Epp.
1010 2945 1062 2988 II,
1089 2946 1288 2980 915—917.
1339 2945 1488 2979 Labitur
1514 2946 1712 2980 Sacchinus
1740 2946 1843 2990 (Can.

77 3016 110 3049 p.
132 3002 348 3046 157-158),
375 3014 456 3037 cum
481 3002 650 3037 Iacobum
676 3001 842 3036 Andreae
864 3000 1059 3044 (Andream
1077 2999 1197 3033 Iacobi
1223 2999 1299 3044 ipse
1326 2997 1426 3042 dicit)
1455 2998 1534 3033 sive
1552 2998 1843 3041 Schmidelinum‚

77 3056 363 3091 Lutheranorum
387 3055 592 3090 ministrum
618 3055 941 3100 goeppingensem,
977 3053 1042 3087 has
1069 3052 1267 3087 calumnias
1301 3052 1468 3086 effudisse
1503 3051 1680 3096 opinatur.
1731 3052 1842 3095 Quem

78 3111 226 3145 secutus
252 3111 308 3143 est
332 3110 458 3152 Boero,
487 3108 571 3143 Can.
598 3121 632 3154 p.
660 3109 740 3144 204.

198 3163 211 3183 ³
235 3164 316 3197 Act.
343 3163 374 3204 5,
400 3163 458 3197 41.

108 3214 114 3225 ⁵
147 3228 171 3252 B
182 3227 458 3259 raunsberger‚
480 3227 590 3252 Canisii
604 3227 762 3258 Epistulae
779 3226 809 3251 et
823 3226 907 3250 Acta.
926 3224 979 3249 111.
1522 3220 1563 3251 51
