2093 3444
524 150 692 194 Augusta
718 150 987 186 Vindelicorum
1014 152 1045 186 3
1072 151 1282 186 Decembris
1311 151 1410 186 1561.
1771 156 1852 197 317

956 274 983 325 ΔΓ

897 355 1039 398 Jesus.

357 437 451 478 Pax
484 435 641 478 Christi
673 436 896 478 nobiscum
930 437 1322 479 obseruandissime
1354 438 1537 479 Domine
1556 439 1582 481 1.

201 518 348 572 Rediit
379 518 463 560 huc
495 518 642 559 saluus
674 518 726 560 D.
760 517 964 572 Lanoyus
995 519 1077 561 Dei
1109 519 1266 573 gratia,
1302 522 1346 562 et
1379 518 1570 570 curabit,
1617 523 1664 562 ut
1697 520 1859 574 Nepoti

84 583 310 637 dignitatis
342 584 475 626 tuae2
517 585 726 636 quantum
759 597 837 637 per
868 598 945 625 nos
977 584 1069 626 fieri
1102 588 1270 639 potest,
1313 584 1396 627 rite
1435 584 1698 627 consulatur.
1763 586 1860 629 Erit

73 648 272 705 *fortasse
303 649 417 691 inter
448 651 621 691 nostros
655 662 825 702 quoque
859 649 1130 691 conuictores
1147 651 1176 693 3.

202 713 478 756 Colonienses
519 713 605 756 iam
647 713 717 755 diu
760 713 864 755 nihil
906 714 961 756 ad
992 729 1074 758 me.
1139 715 1222 757 Sed
1265 716 1377 758 male
1418 715 1570 767 habet,
1615 716 1729 769 quod
1761 719 1859 759 rota

82 781 240 832 quarta
271 782 363 822 tam
395 779 513 822 lente
535 779 757 834 procedat,
792 793 931 832 neque
963 780 1101 822 tribus
1133 780 1350 834 prioribus
1384 781 1565 823 accedat
1598 781 1652 823 ad
1686 795 1857 823 currum

80 845 259 887 tandem
301 844 614 887 absoluendum
630 845 658 887 4.
724 844 821 887 Nisi
861 844 975 888 forte
1016 859 1101 887 non
1142 846 1245 889 licet
1278 847 1447 900 Pragae
1485 846 1599 900 quod
1631 846 1858 900 Augustae

82 912 126 952 et
149 909 344 953 Viennae
376 913 521 953 antea.
564 910 620 952 Ni
656 910 796 959 fallor,
832 912 900 952 est
922 914 1255 964 argumentuma
1286 915 1554 966 postremum
1577 913 1646 954 uel
1668 912 1858 954 maxime

82 974 270 1029 dignum,
306 976 420 1029 quod
451 975 667 1030 prouehas
701 978 745 1018 et
778 975 984 1018 illustres.

199 1041 296 1094 Ago
341 1041 509 1095 gratias
554 1055 631 1096 pro
676 1040 887 1094 singulari
935 1041 1206 1084 humanitate
1252 1045 1295 1085 et
1340 1042 1590 1097 prudentia,
1641 1057 1769 1096 quam
1814 1043 1858 1084 in

81 1105 301 1159 Colloquio
336 1107 385 1149 D.
419 1107 598 1160 Lanoyo
632 1106 887 1157 declarasti,
924 1109 972 1158 ut
1003 1107 1243 1150 rationibus
1277 1108 1454 1162 Collegij
1488 1108 1723 1162 Pragensis
1756 1123 1857 1150 con-

80 1171 309 1214 suleretur.
374 1172 553 1215 Vtinam
583 1172 742 1214 Caesar
773 1173 885 1214 hanc
918 1171 1034 1214 uiam
1067 1173 1290 1227 approbet,
1325 1173 1409 1215 imo
1443 1173 1644 1216 conficiat
1677 1173 1809 1216 etiam
1826 1175 1855 1217 5.

80 1236 221 1286 Quare
254 1251 413 1291 pergas
435 1252 556 1291 rogo,
590 1251 845 1291 quacunque
877 1238 1046 1280 ratione
1069 1238 1182 1288 licet,
1218 1238 1378 1281 nostris
1405 1239 1630 1280 consilium
1653 1242 1698 1282 et
1730 1253 1855 1294 opem

80 1302 273 1354 adferre,
312 1305 362 1345 ut
393 1303 520 1357 graui
551 1303 632 1346 hac
665 1303 838 1346 sarcina
870 1303 1145 1358 monasterij,
1188 1303 1272 1346 imo
1309 1307 1353 1346 et
1386 1303 1559 1358 dominij
1595 1304 1854 1358 Oybinensis

79 1367 326 1411 liberemur.

199 1434 445 1476 Gaudemus
462 1434 702 1490 Episcopos
724 1434 943 1489 Hispanos
967 1435 1021 1477 ad
1041 1435 1261 1489 Synodum
1280 1435 1523 1489 augendam
1546 1438 1590 1478 et
1613 1436 1851 1478 ornandam

78 1499 315 1542 accessisse
347 1500 525 1542 tandem
541 1501 570 1544 6.
614 1501 680 1542 De
704 1500 881 1543 Gallicis
914 1501 1022 1542 bene
1044 1503 1258 1555 speratur,
1293 1503 1342 1543 ut
1364 1500 1513 1543 scribit
1536 1501 1719 1544 Praeses
1743 1501 1852 1543 Con-

78 1564 162 1620 cilij
180 1566 208 1609 ⁷.
251 1566 432 1608 Jnuenit
464 1569 508 1609 et
530 1566 690 1608 Caesar
711 1566 938 1620 Legatum,
973 1567 1048 1608 sed
1071 1566 1236 1609 utinam
1260 1567 1431 1620 qualem
1454 1566 1573 1608 locus
1597 1567 1669 1608 ille
1702 1570 1852 1621 postu-

77 1630 141 1672 lat
155 1631 183 1673 8.
251 1631 455 1673 Germani
487 1645 607 1674 more
640 1645 718 1673 suo
752 1635 1013 1675 cunctantur
1045 1632 1087 1673 in
1120 1632 1315 1685 utrisque
1348 1632 1541 1686 Comitijs
1558 1633 1586 1675 9.
1649 1632 1853 1687 Episcopi

195 1782 210 1797 ἢ
237 1778 278 1811 In
306 1778 435 1811 arches.
461 1779 623 1822 sequitur
648 1777 726 1822 hoc,
755 1779 1003 1812 oblitteratum.

200 1911 209 1931 ¹
236 1910 378 1955 Pragae
404 1911 550 1945 Cromer
575 1913 662 1945 tunc
689 1923 769 1946 cum
796 1922 941 1946 caesare
968 1911 1193 1951 morabatur3
1222 1910 1304 1945 vide
1330 1922 1440 1956 supra
1466 1923 1498 1956 p.
1527 1910 1595 1945 258
1607 1911 1629 1944 ².

197 1964 210 1984 ²
236 1964 403 1999 Cromero
430 1965 517 2007 duo,
545 1965 639 2009 quod
667 1965 831 2009 equidem
857 1965 988 2006 sciam,
1016 1966 1119 1998 erant
1144 1966 1313 2009 nepotes:
1347 1964 1601 2003 Sebastianus,
1629 1975 1674 1998 ex
1702 1964 1850 1998 Bartho-

76 2017 215 2052 lomaeo
242 2018 355 2052 fratre
381 2020 489 2053 natus
517 2018 659 2064 (postea
685 2018 905 2054 cathedralis
928 2018 1103 2052 ecclesiae
1122 2018 1444 2061 franenburgensis
1462 2018 1664 2059 canonicus,
1691 2019 1711 2060 †
1732 2017 1853 2062 1605),

77 2073 114 2105 et
139 2071 232 2106 alter
257 2083 303 2105 ex
329 2072 475 2106 Natalia
501 2083 623 2107 sorore
650 2075 761 2114 ortus,
789 2084 880 2116 quae
907 2072 1030 2106 Ioanni
1049 2072 1253 2113 Aurifabro,
1282 2073 1353 2106 civi
1380 2071 1558 2106 bieczensi
1588 2071 1738 2115 (Biecz),
1766 2084 1851 2117 nup-

76 2125 185 2158 serat.
233 2124 403 2159 Fortasse
428 2127 550 2159 tamen
576 2126 686 2160 etiam
713 2126 887 2167 Andreas,
916 2124 1074 2159 Cromeri
1101 2125 1214 2159 frater
1239 2127 1471 2170 praematura
1496 2126 1612 2159 morte
1638 2124 1853 2166 exstinctus,

76 2177 170 2212 filios
196 2177 322 2212 habuit
350 2178 562 2224 (Ec'chhorn,
588 2179 742 2213 Kromer
767 2179 790 2213 l.
818 2190 847 2213 c.
875 2190 907 2223 p.
938 2178 1105 2222 12—14).

197 2231 210 2250 3
235 2230 481 2274 Ingolstadii‘?

196 2284 209 2304 4
236 2283 383 2318 Cromer
408 2286 579 2328 quartum
606 2296 623 2318 e
647 2283 848 2327 „Dialogis“
879 2283 952 2318 illis
979 2283 1142 2329 polonice
1161 2283 1317 2329 primum
1343 2295 1363 2317 a
1389 2295 1428 2318 se
1447 2283 1564 2324 editis,
1592 2283 1653 2327 qui
1680 2283 1723 2317 de
1741 2283 1854 2318 variis

77 2337 260 2371 doctrinae
279 2337 549 2372 ecclesiasticae
567 2338 761 2382 generibus
788 2339 876 2380 erat,
903 2337 1015 2372 latine
1033 2337 1200 2372 vertebat
1226 2339 1262 2372 et
1288 2337 1545 2382 amplificabat,
1572 2339 1612 2371 ut
1638 2349 1719 2371 eum
1736 2337 1853 2371 tribus

76 2390 264 2435 prioribus,
291 2390 403 2425 latine
430 2391 500 2425 iarn
527 2391 728 2434 evulgatis,
765 2391 988 2434 adiungeret.
1039 2392 1142 2425 Anno
1177 2391 1324 2425 tandem
1353 2390 1443 2425 1568
1469 2392 1585 2425 totum
1612 2402 1720 2436 opus,
1760 2390 1852 2433 „Mo-

75 2443 232 2486 nachus,
272 2444 350 2479 sive
386 2444 647 2489 colloquiorum
683 2445 725 2478 de
760 2444 935 2488 religione
970 2444 1051 2479 libri
1079 2446 1251 2489 quatuor“
1291 2438 1526 2490 inscriptu‘m,
1564 2444 1732 2479 Coloniae
1759 2445 1852 2489 apud

75 2497 281 2532 Maternum
301 2497 489 2532 Cholinum
513 2498 549 2532 in
567 2498 686 2532 lucem
703 2498 855 2543 prodiit;
881 2498 964 2532 vide
982 2510 1092 2544 supra
1110 2510 1143 2543 p.
1163 2499 1230 2533 24¹
1250 2500 1286 2532 et
1303 2499 1488 2533 Eichhorn
1506 2498 1529 2532 l.
1550 2510 1579 2533 c.
1600 2510 1631 2543 p.
1654 2498 1851 2532 107—-111,

195 2552 209 2571 ⁵
234 2551 287 2585 De
313 2551 382 2586 hac
407 2563 446 2585 re
472 2552 555 2586 vide
581 2562 690 2596 supra
716 2563 750 2596 p.
778 2551 857 2586 315.

196 2605 209 2624 ⁶
235 2606 272 2639 S.
304 2605 456 2639 Carolus
490 2606 730 2639 Borromaeus
764 2604 878 2639 Roma
903 2605 936 2639 4.
963 2605 1173 2640 Decembris
1201 2606 1289 2640 1561
1319 2605 1495 2651 Delphino
1531 2604 1655 2639 nuntio
1685 2604 1850 2650 scripsit:

80 2656 192 2700 „Sono
218 2658 279 2701 gia
305 2658 341 2691 in
359 2657 493 2692 'Frento
519 2658 581 2703 piu
606 2658 641 2692 di
667 2658 712 2692 80
738 2658 879 2703 prelati,
905 2660 964 2693 tra
991 2658 1088 2703 quali
1113 2670 1158 2693 ne
1185 2670 1271 2693 sono
1298 2659 1319 2694 8
1339 2658 1537 2704 Spagnuoli
1567 2658 1658 2692 oltre
1684 2657 1851 2703 parecchi

75 2710 197 2745 abbati
223 2713 260 2745 et
284 2710 465 2755 generali“
498 2711 700 2756 (Steinherz
725 2711 748 2746 1.
776 2723 805 2746 c.
832 2724 865 2757 p.
895 2712 993 2755 323).

197 2765 209 2784 ⁷
236 2764 437 2799 Cardinalis
464 2764 616 2805 Hosius;
644 2765 728 2799 vide
754 2765 849 2800 infra
874 2778 907 2811 p.
935 2766 1015 2801 319.

197 2818 210 2838 ⁸
235 2817 485 2852 Ferdinandus
509 2819 597 2852 tunc
622 2818 804 2863 sperabat,
829 2819 1016 2854 Urbanum
1043 2831 1063 2854 a
1081 2819 1303 2860 Trennbach,
1331 2818 1539 2864 episcopum
1566 2817 1849 2863 passaviensem,

75 2871 111 2905 id
136 2882 267 2905 munus
293 2873 548 2916 suscepturum
574 2883 672 2913 esse:
709 2883 801 2917 quae
836 2884 920 2918 spes
955 2873 1061 2918 paulo
1087 2875 1170 2918 post
1196 2872 1346 2907 evanuit
1374 2872 1576 2915 (Steinherz
1601 2871 1623 2905 l.
1652 2882 1680 2905 c.
1708 2882 1741 2916 p.
1769 2871 1848 2906 322.

75 2924 156 2959 324.
208 2926 335 2969 Siclcel,
362 2925 487 2959 Trient
512 2937 545 2971 p.
573 2925 671 2970 229).

195 2978 208 2998 ⁹
234 2979 433 3022 Delphinus
467 2978 501 3013 S.
530 2978 656 3013 Carolo
683 2979 897 3014 Borromaeo
925 2980 1044 3024 Praga
1078 2980 1110 3014 8.
1136 2979 1346 3014 Decembris
1375 2978 1464 3013 1561
1501 2977 1646 3019 scribit,
1685 2977 1771 3021 „che
1797 2978 1849 3022 gli

75 3030 218 3065 elettori
236 3032 332 3066 circa
349 3031 384 3066 la
410 3032 507 3066 dieta
533 3032 718 3077 imperiale
744 3032 775 3067 si
792 3032 984 3068 rimettono
1010 3033 1106 3068 l'uno
1133 3044 1153 3067 a
1178 3032 1307 3072 l’altr0,
1335 3034 1371 3066 et
1396 3031 1478 3075 ogn'
1496 3043 1567 3065 uno
1592 3032 1705 3065 mette
1730 3031 1847 3065 inanzi

76 3084 228 3128 qualche
254 3085 466 3120 difficultaffl
517 3085 690 3120 Attamen
724 3098 847 3121 rumor
880 3086 912 3121 is
950 3088 1028 3121 erat
1064 3086 1199 3127 falsus;
1236 3084 1398 3131 plerique
1436 3085 1529 3118 enim
1568 3084 1691 3118 venire
1728 3084 1847 3129 parati

76 3140 179 3172 erant
208 3139 408 3182 (Steinhe-rz
434 3138 456 3173 l.
484 3150 513 3173 c.
540 3151 575 3184 p.
601 3139 681 3174 325.
708 3140 806 3184 327).
857 3140 909 3175 De
937 3140 1151 3174 Germaniae
1187 3139 1364 3184 episcopis
1391 3138 1602 3172 Tridentum
1638 3137 1762 3172 venire
1792 3149 1844 3172 re·
