2093 3444
220 181 304 222 262
400 177 480 212 610.
517 176 684 211 Canisius
711 175 896 220 Alphonso
923 173 1133 209 Salmeroni.
1177 174 1269 218 Aug.
1298 174 1402 208 Vind.
1433 174 1486 209 18.
1514 174 1682 210 Octobris
1709 176 1810 210 1561.

217 295 340 338 nobis
372 295 489 337 foret
510 294 692 348 gratius,
728 308 856 347 quam
888 296 937 335 ut
959 292 1021 334 illi
1050 293 1272 334 commode
1294 292 1532 344 mitterent,
1566 293 1796 336 tabellario
1820 294 1990 338 Veneto

217 360 526 416 praetermisso
561 395 569 402 .
603 359 731 412 idque
764 361 813 401 vt
844 358 1010 400 faciant
1042 371 1260 410 rogamus.

338 424 520 480 Scripsit
552 425 605 467 ad
639 439 706 466 me
730 423 970 466 Cardinalis
1002 424 1163 473 noster,
1198 423 1354 464 bonam
1387 437 1510 478 spem
1532 423 1740 478 pollicens
1767 423 1819 465 de
1851 424 1990 478 appli-

219 492 356 534 cando
390 490 512 532 nobis
534 489 799 532 monasterio
833 503 907 530 seu
937 488 1131 542 prioratu
1156 488 1206 530 D.
1233 487 1420 543 Georgij.
1465 488 1564 530 Jam
1587 502 1759 530 rumore
1791 502 1990 543 sparsum

219 560 287 600 est
320 557 371 599 de
403 555 619 598 JESVitis
651 555 752 597 illuc
784 553 1110 607 immigraturis.
1174 553 1449 595 Murmurant
1486 553 1660 596 interim
1693 553 1874 604 fratres,
1919 553 1991 608 qui

219 623 302 664 duo
335 623 589 676 supersunt,
633 623 677 663 et
709 634 787 662 1105
820 618 1072 662 ambitiosos
1103 618 1265 661 habent
1298 618 1507 661 haeretici
1549 621 1593 662 et
1634 621 1834 670 31131051,
1877 620 1991 673 quod

219 688 371 730 alienis
393 687 516 729 bonis
539 686 668 728 anxie
690 685 856 727 inhiare
874 684 1111 734 videamur,
1135 686 1184 726 ut
1206 697 1286 737 ego
1310 684 1584 738 praepositus
1600 683 1758 726 ibidem
1781 684 1990 739 appeller.

219 753 389 796 Vellem
420 751 605 805 transigi
627 751 849 804 negotium
872 750 1119 804 prudenter,
1154 749 1461 802 minimumque
1485 749 1722 791 occasionis
1750 749 1882 792 tribui
1915 749 1992 791 ad-

219 819 426 873 uersarijs
459 816 761 859 calumniandi.
806 816 898 865 Qua
930 815 982 856 de
1014 829 1060 856 re
1094 814 1365 856 cardinalem
1399 828 1568 868 quoque
1600 828 1766 858 moneo.
1810 814 1992 857 Canoni-

221 898 368 926 corum
400 884 527 925 fauor
568 884 612 925 et
643 895 878 924 consensus
910 880 1099 922 nonduin
1132 879 1340 930 accessit,
1382 893 1521 932 neque
1563 880 1673 923 citra
1708 879 1859 922 horum
1893 893 1993 922 5011-

220 949 403 992 tentiam
437 948 549 1002 efficj
582 947 811 1001 quicquam
854 948 1011 1000 potest.
1076 945 1434 986 Commendamus
1467 959 1559 986 rem
1592 950 1789 987 omnem‘*
1821 945 1993 987 diuinae

220 1013 428 1065 bonitati,
463 1027 573 1067 quae
606 1027 683 1067 per
715 1011 926 1054 sacrificia
959 1013 1003 1053 et
1035 1024 1186 1065 preces
1218 1010 1268 1053 R.
1303 1010 1355 1052 V.
1391 1010 1620 1064 collegium
1653 1010 1733 1052 hoc
1765 1009 1994 1064 Augustae

224 1080 490 1122 constituere
524 1081 654 1132 atque
687 1091 943 1132 promouere
977 1076 1191 1129 dignetur.

341 1145 461 1195 Quod
496 1145 549 1186 ad
574 1143 802 1197 collegium
828 1142 1175 1196 Oenipontanum
1199 1140 1371 1190 attinet,
1406 1140 1540 1195 empti
1563 1143 1664 1183 sunt
1686 1140 1784 1182 libri
1799 1142 1828 1192 2,
1862 1154 1993 1195 para-

221 1213 294 1254 tur
327 1213 369 1252 et
402 1210 598 1264 supellex
632 1207 827 1250 venturis
860 1207 1118 1249 necessaria.
1183 1207 1439 1249 ,instruetur
1472 1207 1529 1249 M.
1565 1206 1781 1248 Hermes3
1819 1205 1993 1248 futurus

222 1277 277 1320 ad
309 1275 551 1331 proximam
584 1273 969 1327 Quadragesimam
1002 1272 1089 1314 illic
1123 1271 1406 1314 contionator.
1459 1271 1551 1314 Nec
1584 1272 1766 1313 deerunt
1797 1271 1862 1314 vti
1894 1284 1994 1325 spe-

221 1356 381 1391 ramus,
416 1340 536 1383 missi
568 1355 623 1382 ex
657 1340 772 1381 Vrbe
804 1338 995 1391 theologi
1030 1340 1074 1379 et
1107 1336 1388 1392 professores,
1428 1351 1535 1390 quos
1566 1337 1686 1379 locus
1717 1336 1789 1378 1110
1822 1336 1992 1390 quidem

223 1408 408 1450 selectos
442 1406 636 1459 requirit,
672 1407 717 1447 vt
751 1404 903 1458 scripsi
937 1403 1058 1445 alias.

344 1470 630 1514 professionis
663 1471 799 1512 suae4
842 1469 1070 1510 formulam
1104 1468 1242 1510 frater
1283 1481 1404 1509 meus
1437 1467 1632 1509 Canisius
1670 1466 1818 1510 mittit.
1883 1467 1993 1509 Con-

223 1539 366 1580 firmet
397 1537 440 1578 in
473 1551 522 1578 eo
546 1535 740 1578 Christus
773 1534 885 1588 quod
919 1533 1093 1588 coepit5
1125 1532 1351 1586 Augustae
1384 1546 1468 1574 non
1491 1532 1583 1574 sine
1616 1534 1766 1575 nostra
1795 1531 1994 1574 consola-

224 1603 354 1647 tione.
419 1602 608 1655 Collegio
642 1599 937 1643 Monachiensi
970 1598 1138 1642 vtiliter
1168 1600 1356 1652 praeest.

345 1669 408 1710 De
453 1668 639 1710 Rectore
685 1665 918 1708 Viennensi
963 1678 1100 1706 nouas
1142 1663 1289 1717 accepi
1334 1662 1555 1716 querelas,
1603 1666 1647 1705 et
1691 1662 1814 1704 doleo
1855 1662 1993 1704 vicem

225 1734 425 1783 fratrum,
461 1733 533 1786 qui
566 1735 683 1774 certe
717 1731 865 1773 durius
897 1729 1080 1772 tractari
1112 1729 1336 1778 videntur,
1380 1730 1429 1770 vt
1461 1727 1690 1770 adiunctae
1724 1727 1824 1770 boni
1857 1727 1996 1782 patris

225 1798 382 1842 Adami
414 1798 567 1841 literae
601 1797 760 1839 doloris
792 1796 947 1851 plenae
979 1797 1202 1837 testantur
1217 1795 1244 1837 ⁰.
1307 1794 1355 1835 111
1387 1794 1588 1835 humeros
1619 1793 1692 1835 ille
1723 1793 1820 1848 plus
1852 1791 1997 1834 oneris

226 1865 446 1919 suscipere
478 1863 671 1912 uidetur,
713 1876 840 1915 quain
874 1862 989 1903 ferre
1032 1859 1169 1902 nostri
1203 1861 1378 1912 queant.
1441 1858 1690 1912 Aggressus
1732 1861 1798 1901 est
1829 1871 1899 1899 me
1930 1857 1996 1899 in-

227 1930 424 1972 consulto
457 1928 665 1970 fabricam
698 1928 917 1980 ingentem
935 1927 963 1976 7,
998 1925 1142 1966 nescio
1177 1938 1261 1978 qua.
1293 1923 1447 1965 fiducia
1477 1923 1644 1966 ductus
1688 1923 1815 1965 Nunc
1847 1922 1999 1965 scribit

226 1995 366 2050 repeti
398 2009 423 2036 a
455 2008 502 2036 se
534 1994 650 2035 mille
683 1993 870 2035 florenos
902 2005 979 2046 pro
1013 1990 1269 2044 sumptibus,
1303 1991 1352 2032 ut
1383 1989 1542 2031 idcirco
1572 1988 1760 2042 Pragam
1792 1990 1999 2042 properet

227 2061 455 2103 Caesarem
498 2059 706 2101 aditurus.
770 2056 1123 2111 Typographiam
1167 2068 1335 2108 quoque
1376 2067 1632 2109 promouere
1673 2053 1842 2104 studet,
1886 2066 1997 2106 quae

226 2126 437 2168 hactenus
479 2125 661 2166 multum
694 2123 857 2177 negotij
900 2121 1062 2164 nostris
1103 2120 1280 2162 exhibet
1321 2119 1448 2162 domi.
1512 2119 1605 2172 Ego
1648 2118 1801 2160 melius
1842 2131 1998 2172 capere

228 2191 451 2234 consilium
484 2203 663 2243 nequeo,
699 2203 826 2242 quam
860 2190 908 2230 ut
941 2187 1064 2229 Doct.
1098 2185 1286 2228 Lanoius
1317 2184 1530 2227 Viennam
1564 2186 1781 2234 excurrat,
1815 2196 1998 2237 meoque

347 2314 361 2328 ²¹
388 2308 505 2342 omnia
532 2319 587 2350 ap.

354 2422 359 2439 ¹
391 2418 571 2452 lmmer'ito
598 2420 714 2455 certe;
750 2428 833 2450 113111
869 2426 1031 2449 summus
1067 2413 1230 2459 pontifex
1255 2424 1318 2458 pro
1345 2423 1513 2457 suprema
1538 2423 1605 2446 sua
1634 2410 1804 2446 bonorum
1831 2410 1998 2445 ecclesia-

228 2472 401 2508 sticorum
428 2470 790 2505 administrandorum
819 2471 998 2514 potestate
1026 2467 1282 2501 monasterium
1318 2465 1463 2510 aliquod
1498 2465 1542 2499 ab
1578 2476 1647 2499 uno
1682 2464 1804 2498 ordine
1830 2463 2000 2507 religioso

230 2526 275 2561 ad
301 2525 455 2559 alterum
482 2524 680 2558 transferre
706 2524 835 2568 potest,
862 2522 968 2566 idque
1003 2521 1179 2562 maxime,
1216 2531 1296 2554 cum
1323 2530 1406 2564 spes
1433 2520 1507 2559 est,
1544 2529 1588 2552 ex
1624 2529 1666 2552 ea
1700 2517 1937 2552 translatione
1964 2518 2001 2551 et

230 2579 419 2614 ecclesiam
456 2580 491 2612 et
524 2577 783 2622 rempublicam
818 2587 987 2619 magnam
1023 2574 1219 2609 utilitatem
1255 2574 1425 2618 capturas
1461 2583 1559 2613 esse,
1596 2583 1666 2616 qua
1692 2570 1798 2605 aliter
1823 2573 1998 2605 carerent.

231 2633 348 2676 Quare
376 2631 482 2666 etiam
510 2630 753 2676 superioribus
779 2628 934 2664 saeculis
961 2628 1146 2674 complura
1172 2626 1390 2661 monasteria
1415 2625 1460 2660 ab
1480 2624 1753 2669 Augustinianis
1779 2623 1822 2658 ad
1851 2623 2000 2658 Carthu·

231 2687 352 2722 sianos
379 2686 438 2720 vel
465 2684 733 2725 Cistercienses,
772 2694 792 2717 a
819 2682 1063 2716 Benedictinis
1089 2681 1133 2715 ad
1162 2680 1541 2714 Praemonstratenses
1569 2680 1636 2712 etc.
1672 2677 1850 2712 translata
1885 2678 1999 2711 erant.

233 2739 285 2775 Cf.
310 2741 414 2774 Paul.
434 2740 625 2782 Laymann,
645 2737 679 2772 S.
700 2737 743 2778 J.‚
771 2737 875 2771 Justa
902 2735 1062 2770 defensio
1089 2733 1314 2769 Sanctissimi
1341 2732 1493 2766 Romani
1519 2731 1714 2773 Pontificis,
1741 2729 1998 2775 Angustissimi

232 2793 399 2828 Caesaris
427 2820 433 2826 .
463 2820 468 2825 .
498 2819 504 2826 .
531 2791 567 2825 in
595 2802 702 2825 causa
730 2789 1028 2824 monasteriorum
1055 2787 1296 2822 extinctorum
1326 2786 1508 2830 (Dilingae
1530 2785 1649 2828 1631),
1677 2785 1768 2830 App.
1795 2796 1828 2829 p.
1849 2783 1999 2818 10—21.

232 2846 493 2881 Monasterium
519 2847 641 2878 autem
666 2843 733 2878 hoc
760 2842 795 2877 S.
822 2842 978 2886 Georgii,
1006 2842 1100 2886 quod
1127 2841 1201 2875 fere
1229 2840 1410 2874 desertum
1437 2841 1525 2879 erat,
1553 2838 1714 2872 Societas
1748 2837 1831 2872 Iesu
1856 2837 1906 2871 ita
1932 2835 2000 2871 sibi

233 2899 412 2943 assignari
439 2898 616 2943 cupiebat,
642 2899 683 2931 ut
707 2908 777 2931 non
802 2896 919 2930 50111111
945 2896 1154 2941 episcopus,
1190 2893 1253 2928 sed
1279 2894 1389 2928 etiam
1423 2894 1571 2927 senatus
1598 2891 1698 2926 urbis
1723 2902 1766 2925 ac
1791 2889 2000 2935 capitulum,

233 2953 327 2998 quod
353 2951 611 2986 monasterium
636 2950 724 2984 illud
751 2949 833 2984 olim
860 2949 1088 2989 fundaverat,
1116 2947 1150 2982 id
1176 2947 1389 2992 probarent;
1415 2945 1498 2980 vide
1524 2956 1633 2990 supra
1659 2955 1692 2989 p.
1720 2942 1918 2978 241-242.

353 3007 366 3027 ²
394 3005 446 3039 Cf.
474 3004 579 3045 infra,
606 3015 760 3038 monum.
790 3003 868 3037 321.
1016 3003 1029 3022 3
1056 3000 1254 3045 Halbpaur.

353 3060 366 3078 ⁴
396 3058 449 3092 14.
469 3057 636 3092 Octobris
664 3056 752 3091 1561
780 3056 817 3089 in
842 3055 1007 3089 manibus
1026 3054 1125 3088 Petri
1151 3052 1277 3087 fratris
1305 3052 1478 3093 emissae;
1504 3051 1586 3085 vide
1613 3049 1717 3091 infra,
1743 3059 1898 3083 monum.
1917 3047 1999 3082 276.

355 3112 368 3131 ⁵
395 3111 447 3145 Cf.
475 3110 568 3144 Phil.
598 3110 627 3150 1,
655 3110 686 3144 6.
738 3109 797 3143 Ps.
825 3109 880 3149 67,
909 3108 964 3142 29.
1135 3107 1148 3127 ⁶
1174 3106 1249 3140 Has
1276 3105 1315 3140 P.
1343 3103 1472 3139 Adami
1498 3103 1623 3138 Ηό1101·
1648 3102 1791 3137 litteras
1817 3113 1886 3135 non
1913 3099 2000 3135 vidi.

356 3165 368 3184 ⁷
395 3163 625 3198 Contubernii
653 3173 843 3207 puerorum
868 3160 1060 3200 nobilium;
1087 3159 1170 3193 vide
1196 3170 1306 3204 supra
1331 3169 1364 3203 p.
1392 3157 1473 3192 248.
1500 3157 1579 3191 254.
