2093 3444
235 184 401 228 Augusta
426 182 695 218 Vindelicorum
722 195 767 218 m.
794 183 988 218 Novembri
1018 183 1190 227 (ineunte,
1217 183 1258 216 ut
1283 181 1443 226 videtur)
1473 194 1502 216 a.
1536 183 1636 217 1561.
1738 185 1821 226 275

51 303 249 347 lectionis
292 302 548 353 Vtilitatem,
592 305 723 356 atque
767 304 818 345 ob
861 318 1019 345 nouam
1060 302 1185 344 huius
1228 301 1429 344 editionis
1472 301 1823 344 commoditatem

51 370 144 412 fore
167 368 346 419 confido,
380 382 522 410 meum
544 370 594 410 vt
615 368 804 410 studium
830 368 958 422 (quae
981 367 1130 411 Vestra
1163 369 1230 410 est
1257 366 1465 420 facilitas)
1489 367 1615 419 aequi
1638 367 1824 420 bonique

52 434 289 477 consulatis
324 469 331 476 .
366 433 432 475 Ac
464 447 569 475 sane
611 434 835 476 authorem
879 433 1182 476 commendare
1223 446 1301 474 nec
1344 431 1653 474 disertissimus
1695 434 1826 485 queat

52 500 183 542 satis:
216 502 309 542 tam
335 500 534 553 spectata
556 498 893 541 HIERONYMI
926 499 1021 549 fuit,
1056 501 1100 540 et
1132 501 1211 549 est,
1247 497 1414 550 eritque
1446 511 1617 551 semper
1648 497 1742 539 laus
1776 511 1826 539 ac

54 565 245 619 dignitas
285 564 327 606 in
362 564 559 606 Ecclesia
591 564 684 607 Dei.
749 564 827 614 Qui
866 563 1093 605 sublimem
1136 578 1186 606 ac
1218 577 1352 617 prope
1393 562 1691 604 inimitabilem
1727 563 1826 604 doc-

52 631 213 673 trinam
256 629 378 683 (nihil
412 629 525 671 enim
559 629 610 670 de
645 629 889 683 praestanti
922 629 1041 671 vitae
1082 628 1370 671 sanctimonia
1403 627 1561 681 dicam)
1604 642 1700 669 cum
1732 627 1827 682 pari

54 695 314 749 eloquentia,
348 709 474 737 sacra
506 695 650 737 studia
674 709 768 736 cum
792 694 1040 749 prophanis,
1073 694 1306 747 variasque
1338 693 1510 747 linguas
1538 695 1582 735 et
1613 696 1732 735 artes
1765 693 1827 736 ita

56 760 301 811 coniunxit,
346 762 394 802 vt
427 763 625 803 veterum
657 759 733 801 vix
775 760 884 801 alius
924 759 1150 813 quisquam
1191 759 1388 801 foelicius
1430 758 1826 811 admirabiliusque.

55 827 228 880 Loquor
261 828 407 868 autem
440 826 492 868 de
523 825 691 868 Latinis
723 825 949 876 Patribus,
985 824 1049 867 vti
1082 824 1318 879 Cypriano,
1359 824 1548 875 Hilario,
1584 823 1827 875 Ambrosio,

58 891 325 945 Augustino:
367 891 411 932 in
444 905 626 944 quorum
658 890 949 932 monumentis
982 889 1279 944 Apostolicum
1314 890 1485 943 quidem
1519 889 1740 944 spiritum,
1784 892 1829 932 et

56 971 160 1000 vere
192 956 307 1011 piam
331 956 586 1007 doctrinam,
621 956 879 1009 doctamque
901 955 1024 998 iuxta
1047 955 1256 1010 pietatem
1279 955 1473 997 relucere
1494 954 1655 1009 liquido
1690 954 1829 996 cerni-

56 1037 173 1065 mus:
208 1022 283 1064 sed
315 1036 463 1076 parem
496 1021 668 1063 illorum
701 1020 994 1074 eloquentiam
1026 1020 1140 1062 haud
1172 1020 1295 1074 pauci
1331 1020 1632 1063 desiderarunt
1649 1021 1676 1063 1.
1724 1020 1829 1062 Cae-

57 1091 200 1131 terum
244 1087 296 1129 de
339 1087 518 1129 Graecis
560 1086 793 1140 Theologis
826 1087 896 1128 vel
938 1085 1064 1128 inuiti
1105 1085 1236 1128 fateri
1278 1085 1492 1139 cogimur,
1536 1085 1571 1127 si
1606 1085 1829 1136 Basilium,

58 1153 404 1202 Nazanzenuma,
439 1152 808 1206 Chrysostomum,
844 1155 974 1205 atque
998 1151 1150 1193 classis
1174 1150 1365 1192 eiusdem
1388 1150 1495 1193 alios
1518 1153 1638 1193 recte
1667 1150 1831 1193 iudica-

59 1218 262 1269 uerimus,
297 1231 370 1259 eos
403 1217 531 1271 longe
563 1220 789 1272 praestare
811 1216 980 1259 Latinis
1013 1216 1181 1258 dicendi
1213 1216 1512 1269 scribendique
1539 1231 1706 1258 summa
1738 1216 1831 1258 foe-

59 1284 238 1327 licitate.
282 1284 364 1326 Est
387 1282 500 1325 enim
523 1282 693 1325 erudita
717 1286 846 1332 certe,
876 1285 919 1325 et
943 1281 1215 1335 eloquentiae
1238 1281 1392 1335 studijs
1414 1281 1569 1323 mirum
1592 1281 1635 1323 in
1658 1281 1832 1323 modum

59 1349 236 1392 exculta
269 1347 472 1400 Graecia,
506 1347 642 1390 totius
675 1348 790 1389 orbis
823 1348 1057 1400 magistra,
1091 1350 1140 1389 Vt
1171 1346 1328 1388 idcirco
1361 1347 1431 1388 vel
1464 1347 1569 1397 sola,
1603 1347 1673 1388 vel
1705 1360 1833 1400 prae-

61 1415 187 1470 cipua
219 1428 368 1456 omnes
401 1412 589 1455 omnium
623 1412 817 1467 gentium
850 1413 1000 1456 literas
1033 1412 1173 1455 soleat
1204 1411 1416 1454 fastidire.
1461 1411 1551 1461 Quo
1585 1412 1724 1464 magis
1757 1412 1834 1454 ad-

63 1480 210 1522 mirari
251 1493 331 1534 par
364 1481 452 1530 est,
497 1479 609 1532 quod
651 1479 758 1520 haec
799 1478 914 1532 ipsa,
959 1477 1218 1532 scriptorum
1260 1477 1418 1530 alioqui
1460 1477 1694 1519 latinorum
1733 1491 1834 1518 con-

61 1545 286 1600 temptrix,
319 1544 405 1587 iam
429 1544 530 1587 olim
552 1544 666 1587 tanti
688 1547 885 1586 nostrum
908 1543 1061 1586 fecerit
1083 1543 1411 1596 Hieronymum,
1445 1544 1494 1584 Vt
1517 1542 1608 1584 eius
1637 1542 1834 1596 quamuis

62 1610 246 1653 hominis
269 1610 533 1652 Dalmatae2
566 1609 901 1651 commentarios
934 1623 1019 1650 non
1051 1607 1209 1661 legerit
1241 1607 1380 1658 modo,
1415 1621 1566 1649 verum
1593 1607 1724 1650 etiam
1757 1621 1834 1649 suo

63 1675 317 1731 approbarit
350 1675 536 1727 calculo,
580 1675 774 1728 adeoque
807 1674 851 1716 in
883 1688 1006 1716 suam
1038 1673 1232 1727 linguam
1267 1672 1593 1715 transferendos
1626 1672 1790 1715 curarit
1805 1673 1833 1716 3.

64 1742 147 1784 Hic
190 1741 296 1783 nihil
344 1741 500 1783 addam
545 1740 597 1783 de
645 1740 919 1782 sanctissimo
965 1740 1154 1782 Doctore
1198 1741 1243 1780 et
1286 1737 1585 1780 laudatissimo
1630 1738 1836 1780 Praesule

184 1883 198 1898 ²²
225 1878 286 1911 Sic
310 1877 526 1921 typoyraphc'
550 1876 645 1920 vitio,
672 1881 710 1910 ut
735 1877 898 1919 2·e·det=m·‚·
925 1876 1105 1918 quemlnm
1132 1871 1243 1917 iglitu'r
1267 1874 1380 1916 fuerit
1405 1872 1681 1907 Nazianzenum.

190 2000 199 2020 ¹
231 1999 493 2044 „Hieronymus
524 1998 573 2032 ist
606 1997 707 2032 nicht
741 1998 808 2031 mit
832 1996 996 2031 Unrecht
1023 1996 1085 2030 der
1110 1995 1260 2030 Meister
1296 1995 1358 2029 der
1384 1993 1618 2029 christlichen
1643 1993 1756 2028 Prosa
1782 1995 1840 2028 fiir

66 2052 137 2088 alle
162 2052 356 2096 folgenden
375 2051 645 2087 Jahrhunderte
672 2052 832 2094 genannt
857 2050 1014 2084 worden.
1051 2048 1155 2083 Scine
1174 2048 1411 2092 Darstellung
1436 2047 1619 2082 bekundet
1645 2047 1839 2090 durchweg

65 2106 135 2141 den
160 2106 260 2141 reich
285 2106 466 2149 begabten
491 2105 563 2139 und
589 2104 780 2148 griindlich
799 2104 1013 2148 geschulten
1031 2102 1290 2136 Rhet01·iker“:
1322 2103 1397 2136 Otto
1415 2102 1688 2145 Bardamhewer,
1716 2100 1840 2135 Patro—

65 2159 161 2204 logie
190 2159 381 2204 (Freiburg
406 2159 429 2194 i.
456 2159 515 2193 ΒΓ.
545 2158 650 2202 1894)
683 2170 716 2203 p.
744 2158 825 2192 440.
877 2156 999 2192 Simile
1038 2156 1209 2190 iudicium
1248 2155 1320 2190 iam
1358 2155 1543 2199 aliquanto
1582 2156 1665 2188 ante
1704 2154 1841 2188 fecerat

69 2214 108 2248 Ο.
135 2214 302 2257 ΖόοΙι·ῑθν,
337 2212 541 2256 theologiae
574 2211 852 2257 protestantium
889 2211 925 2244 in
959 2210 1198 2244 universitate
1233 2208 1410 2252 giessensi
1437 2207 1623 2252 (Giessen)
1660 2207 1841 2252 professor

68 2267 327 2312 (Hieronymus
356 2265 489 2310 [Gotha
516 2264 623 2310 1865]
653 2277 687 2310 p.
715 2264 933 2308 323—331).
986 2263 1156 2298 Severius
1182 2264 1225 2297 E.
1252 2263 1419 2306 Norden,
1455 2262 1521 2296 Die
1556 2261 1680 2296 antike
1708 2261 1841 2296 Kunst-

66 2332 174 2366 prosa
201 2321 232 2354 II
261 2320 425 2365 (Leipzig
453 2319 573 2363 1898),
601 2320 681 2353 650.
732 2319 785 2352 Ac
812 2319 959 2352 Zo‘ckler
985 2318 1028 2351 de
1054 2316 1273 2362 Hieronymo
1299 2316 1461 2350 scribens
1487 2316 1631 2356 fatetur,
1659 2315 1743 2349 class
1774 2315 1841 2357 „im

68 2373 523 2408 Reformations-Zeitalter
550 2401 556 2407 .
587 2400 593 2406 .
619 2371 1037 2418 protestantischerseits
1063 2372 1169 2404 unter
1195 2370 1276 2404 dem
1301 2369 1459 2403 Vortritt
1485 2369 1583 2403 eines
1609 2368 1744 2403 Luther
1770 2368 1842 2403 und

67 2427 218 2462 anderer
252 2427 526 2461 Reformatoren
560 2427 637 2461 sich
673 2426 751 2460 eine
787 2437 826 2460 so
862 2425 987 2460 starke
1022 2424 1094 2459 und
1129 2423 1343 2467 allgemeine
1378 2423 1595 2467 Abneigung
1630 2433 1746 2466 gegen
1781 2422 1842 2456 ihn

67 2481 214 2525 geltend
240 2481 373 2523 macht,
400 2481 485 2515 dass
511 2480 602 2514 auch
629 2480 753 2514 seinen
779 2478 1095 2522 offenkundigsten
1121 2477 1361 2512 Verdiensten
1388 2477 1452 2511 das
1478 2475 1586 2510 ihnen
1613 2475 1842 2519 gebiihrende

67 2535 142 2570 Lob
167 2535 205 2569 in
230 2534 458 2569 mehrfaeher
482 2533 653 2568 Hinsicht
678 2534 854 2577 entzogen
880 2532 988 2566 wird“
1023 2531 1059 2575 (l.
1088 2543 1117 2566 c.
1144 2543 1177 2576 p.
1204 2530 1304 2574 473).

190 2589 203 2609 ²
232 2588 496 2633 „Hieronymus
521 2589 624 2632 patre
651 2586 805 2621 Eusebio
832 2588 949 2628 natus,
977 2585 1106 2630 oppido
1133 2583 1322 2626 Stridonis,
1349 2583 1443 2628 quod
1469 2594 1489 2617 a
1509 2582 1637 2617 Gothis
1664 2594 1843 2623 eversum,

69 2641 273 2676 Dalmatiae
308 2641 487 2686 quondam
523 2641 802 2684 Pannoniaeque
838 2639 1032 2674 confinium
1067 2638 1167 2672 fuitf‘
1224 2637 1279 2671 Ita
1314 2637 1391 2682 ipse
1428 2638 1464 2671 S.
1492 2637 1755 2680 Hieronymus,
1791 2635 1844 2669 De

69 2694 159 2730 viris
184 2695 386 2729 illustribus
413 2706 442 2729 c.
472 2694 537 2729 135
569 2694 704 2738 (Miyne
731 2693 802 2728 ΡΡ.
829 2693 898 2727 LL.
925 2692 1046 2726 XXIII
1073 2691 1239 2736 [Parisiis
1269 2689 1385 2734 1845]
1414 2689 1631 2732 715—716).

192 2749 205 2769 ³
234 2747 475 2793 „Sophronius
500 2747 558 2782 vir
582 2747 743 2792 apprime
770 2747 933 2781 eruditus
961 2774 968 2781 .
997 2773 1003 2780 .
1034 2773 1040 2780 .
1068 2746 1111 2779 de
1146 2744 1357 2788 virginitate
1385 2771 1391 2777 .
1422 2771 1428 2777 .
1456 2743 1499 2777 ad
1528 2742 1772 2783 Eustochium,
1808 2744 1845 2776 et

70 2802 195 2837 Vitam
221 2801 417 2836 Hilarionis
442 2800 621 2839 monachi.
660 2800 833 2846 opuscula
859 2811 959 2841 mea,
994 2799 1031 2833 in
1059 2799 1237 2834 Graecum
1263 2797 1421 2840 eleganti
1446 2807 1610 2831 sermone
1636 2795 1843 2830 transtulit:

71 2855 291 2890 Psalterium
317 2866 458 2900 quoque
485 2856 521 2889 et
545 2854 758 2899 Prophetas,
785 2865 874 2898 quos
899 2864 965 2887 nos
991 2853 1034 2887 de
1055 2852 1220 2886 Hebraeo
1245 2850 1282 2884 in
1301 2850 1467 2884 Latinum
1493 2849 1712 2883 vertimus“:
1740 2850 1844 2883 Hier-

70 2921 239 2954 onymus,
277 2908 330 2943 De
368 2907 457 2943 viris
491 2907 693 2942 illustribus
729 2919 758 2941 c.
787 2907 855 2942 134
882 2906 1017 2951 [Miyize
1043 2905 1115 2939 ΡΡ.
1143 2904 1210 2939 LL.
1238 2903 1377 2944 XXIII,
1417 2902 1510 2946 715}
1562 2902 1694 2936 Exstat
1734 2902 1844 2936 etiam

75 2962 194 3005 „Libri
220 2962 263 2997 de
289 2962 378 2996 viris
403 2961 625 2996 illustribus“
657 2961 776 2995 versio
803 2971 944 3004 graeca,
971 2959 1015 2994 ab
1035 2959 1196 2999 Erasmo,
1222 2956 1414 2997 vallarsio,
1441 2955 1579 2999 Mignio
1609 2955 1647 2999 (l.
1667 2967 1696 2990 c.
1723 2967 1756 3000 p.
1776 2955 1844 2989 602

73 3016 119 3050 ad
146 3015 229 3060 720)
256 3015 355 3061 typis
382 3014 582 3059 exscripta3
611 3014 652 3048 de
679 3026 750 3058 qua
776 3014 859 3048 vide
888 3015 989 3048 S‘tan.
1015 3024 1045 3045 v.
1073 3011 1298 3056 Sychowski,
1324 3009 1568 3054 Hieronymus
1594 3007 1648 3043 als
1673 3008 1844 3043 Litterar-

73 3069 270 3104 historiker
297 3069 478 3114 (Miinster
503 3069 526 3103 i.
551 3068 611 3103 W.
641 3067 747 3111 1894)
777 3079 811 3112 p.
838 3067 966 3101 9-10,
1017 3065 1070 3099 De
1096 3062 1293 3109 Sophronio
1319 3073 1434 3107 nuper
1459 3061 1606 3107 scripsit
1637 3063 1673 3097 Ο.
1700 3074 1729 3096 υ.
1761 3063 1846 3096 Geb-

72 3124 201 3167 hardt,
227 3122 300 3157 Der
326 3123 548 3166 sogenannte
575 3120 813 3166 Sophronius,
841 3119 988 3164 Leipzig
1017 3117 1106 3152 1896
1136 3117 1268 3162 (Texte
1293 3115 1366 3150 und
1393 3115 1740 3160 Untersuchungen,
1775 3127 1847 3150 von

74 3174 117 3211 Ο.
143 3188 177 3211 v.
206 3175 391 3211 Gebhardt
417 3176 490 3210 und
516 3175 559 3210 A.
585 3174 756 3208 Harnack
782 3172 895 3216 XIV).

1499 3229 1571 3262 18*
