2093 3444
517 180 684 223 Augusta
709 180 975 215 Vindelicorum
1004 181 1034 215 1.
1061 181 1183 215 Martii
1211 181 1311 215 1562.
1717 185 1802 225 383

30 299 175 341 nescio
209 299 304 352 quis
343 298 496 352 genius
528 299 669 340 malus
707 298 910 352 arripuit,
954 302 1002 342 ut
1043 299 1085 341 ui
1128 313 1224 341 eum
1266 299 1525 352 abrepturus
1566 300 1801 343 uideretur.

31 365 192 407 Seruus
225 378 328 406 111οΧ
359 364 507 417 lapsus
540 363 583 404 in
616 363 955 416 aegritudinem,
999 364 1149 418 paucis
1181 367 1281 419 post
1314 364 1463 405 diebus
1495 364 1631 407 uitam
1664 369 1804 408 morte

32 428 329 473 commutauit.
392 428 624 470 Horrenda
664 429 830 470 isthaec
867 429 999 482 uulgo
1040 430 1263 480 uidentur,
1307 429 1508 482 quoniam
1549 429 1591 471 in
1634 445 1804 472 crassos

30 494 257 537 incurrunt
279 494 449 536 oculos:
484 494 560 535 sed
583 494 788 536 admonet
819 508 898 536 nos
919 494 1129 536 Dominus
1160 495 1204 536 ni
1227 495 1369 544 fallor,
1403 497 1451 537 ut
1478 508 1533 536 ex
1564 495 1805 537 uisibilibus

31 559 291 601 inuisibilem
334 559 554 601 Sathanae
596 559 867 612 tyrranidem
908 559 1185 612 colligamus,
1228 573 1339 614 quae
1379 562 1448 602 tot
1489 560 1655 602 animas
1692 575 1806 602 nunc

31 625 195 680 passim
227 627 432 679 occupat,
476 638 701 677 nouaeque
734 624 957 667 doctrinae
989 625 1203 667 fermento
1245 639 1296 667 ac
1337 625 1480 679 potius
1521 625 1803 676 sathanismo,

32 690 94 732 sic
125 689 254 732 uitiat
288 690 578 739 Germaniam,
612 692 661 732 ut
693 704 822 731 coeca
855 692 898 732 et
930 690 1062 731 surda
1092 690 1168 732 illa
1199 705 1376 745 prorsus
1409 690 1621 733 uideatur.

152 755 331 797 Vtinam
375 755 693 798 admonitiones
739 768 863 796 meae
907 769 957 796 ac
1001 758 1249 798 nostrorum
1293 756 1466 798 efficere
1509 759 1709 810 possent,
1758 759 1807 799 ut

32 820 361 875 Archiepiscopi
405 823 450 863 et
491 820 721 862 Praesules
764 821 901 874 nostrj
943 835 1021 874 pro
1062 820 1128 862 sui
1169 821 1359 863 muneris
1400 821 1570 864 ratione
1612 821 1808 875 cogitent

33 886 224 937 tandem,
259 885 361 939 quid
390 885 516 930 Pont.
539 886 657 927 MaX.
693 885 794 938 quid
826 888 1132 928 sacrosanctae
1165 887 1344 940 synodo,
1377 886 1462 928 imo
1496 887 1664 930 Christo
1688 887 1808 929 JEsu

33 950 218 993 Domino
252 965 329 993 suo
362 954 407 994 et
428 954 578 994 nostro
612 951 798 992 debeant
816 951 842 993 1.
887 951 1100 1005 Admonuj
1134 966 1212 1005 pro
1241 966 1338 993 mea
1361 952 1532 1005 quidem
1565 952 1808 1006 exiguitate

34 1030 365 1070 nonnunquam,
409 1019 454 1059 et
486 1016 657 1069 quando
690 1015 752 1058 ita
793 1015 913 1058 iubet
945 1016 1134 1069 dignitas
1172 1019 1271 1067 tua,
1314 1017 1473 1059 iterum
1514 1018 1809 1059 admonendos

35 1083 208 1132 curabo,
242 1084 290 1123 ut
322 1082 480 1125 saltem
512 1095 613 1123 suos
646 1081 789 1124 isthuc
821 1081 1012 1124 mittant.
1065 1081 1306 1136 Principem
1338 1083 1553 1124 Bauariae
1586 1097 1699 1124 nunc
1732 1083 1808 1125 ad—

34 1147 251 1189 monuerit
269 1147 397 1189 credo
415 1146 466 1189 R.
486 1147 538 1189 D.
558 1146 904 1188 Commendunus
920 1148 948 1190 2.
984 1146 1325 1189 Brunswicensis
1338 1148 1354 1174 3
1377 1150 1583 1202 expectat
1605 1148 1807 1198 fortasse,

35 1226 89 1254 ne
121 1212 286 1266 primus
308 1226 364 1254 ex
386 1212 578 1254 Ducibus
601 1212 730 1254 isthic
753 1215 950 1266 sumptus
972 1212 1119 1254 facere
1142 1215 1337 1266 cogatur.
1381 1213 1538 1266 Legati
1559 1214 1809 1256 Electorum

37 1277 240 1320 Saxonici
272 1279 317 1319 et
338 1277 775 1331 Brandenburgensis
798 1277 989 1332 adfuturj
1024 1277 1110 1320 cito
1135 1280 1358 1332 putantur.
1401 1278 1481 1328 Qui
1514 1293 1578 1320 ex
1610 1279 1809 1333 lapidi-

36 1343 133 1385 bus
175 1342 431 1385 Abrahae
473 1342 632 1385 filios
678 1343 978 1394 suscitat4,
1026 1346 1070 1385 et
1111 1358 1166 1385 ex
1206 1342 1389 1385 inimicis
1430 1344 1601 1386 laudem
1641 1344 1811 1398 perficit

37 1407 170 1458 sibi5‚
214 1422 269 1450 ex
301 1408 435 1450 saulis
467 1408 626 1450 Paulos
669 1408 862 1451 efficiat6
903 1423 1083 1462 quaeso,
1128 1411 1173 1451 et
1212 1408 1255 1450 in
1288 1408 1509 1451 Ecclesiae
1550 1423 1655 1451 suae
1694 1423 1810 1451 com-

38 1473 214 1515 modum
245 1476 394 1516 uertat
427 1473 723 1515 consilium
754 1472 1158 1528 Architophel7
1192 1472 1307 1528 [sic]

158 1539 223 1580 De
245 1538 513 1593 Hieronymo
546 1539 620 1581 illo
653 1545 766 1580 nona
790 1537 850 1593 [P]
880 1539 1114 1582 Menteliob
1147 1537 1208 1594 [P]
1243 1540 1475 1593 diligenter
1505 1539 1733 1593 inquiram,
1767 1543 1812 1582 et

39 1603 76 1645 si
109 1604 210 1657 quid
250 1603 295 1645 in
337 1605 627 1659 oppugnando
669 1604 841 1646 nomine
872 1607 963 1647 tam
1005 1604 1198 1657 gratioso
1231 1605 1429 1656 finxerit,
1473 1605 1557 1647 cito
1592 1605 1764 1648 mittam
1780 1606 1810 1647 8.

39 1669 272 1711 Pulchrum
315 1672 384 1712 est
426 1669 614 1720 scilicet,
658 1669 925 1712 authoritate
968 1670 1188 1724 praeditos
1229 1670 1346 1712 uiros
1388 1670 1527 1723 magis
1570 1685 1699 1724 quam
1737 1671 1812 1712 ob-

39 1749 189 1777 scuros
220 1734 441 1790 insectarj,
475 1738 524 1777 ut
545 1735 755 1777 maiorem
786 1735 830 1776 in
863 1735 1164 1777 calumniando
1187 1735 1359 1777 laudem
1392 1735 1507 1789 apud
1539 1735 1812 1778 aduersarios

42 1802 332 1843 emereantur.

160 1865 360 1919 Vergerij
393 1869 578 1908 mortem
611 1866 755 1907 nullus
787 1880 935 1907 rumor
967 1868 1112 1908 certus
1143 1866 1335 1908 affirmat
1350 1867 1379 1917 9,
1413 1866 1489 1908 sed
1521 1881 1577 1908 ex
1598 1866 1813 1908 Nundinis

40 1931 423 1973 Franckfordianis
439 1931 675 1985 plaeraque
697 1931 804 1973 talia
826 1945 939 1973 nunc
961 1933 1037 1973 aut
1057 1930 1225 1974 incerta
1242 1934 1318 1974 aut
1334 1931 1485 1985 ignota
1505 1931 1811 1985 intelligemus.

160 2053 174 2068 a
199 2048 258 2080 Ita
283 2048 424 2091 quidem
456 2051 486 2080 et
517 2046 622 2090 Cyspr.
651 2051 681 2080 et
707 2057 765 2089 eqo
792 2047 1022 2089 archetypam
1048 2047 1218 2090 leyinms;
1252 2048 1311 2080 sed
1347 2058 1425 2080 cum
1454 2048 1490 2081 C.
1521 2049 1574 2081 11.
1603 2049 1693 2090 Apr.
1723 2050 1814 2081 1562

43 2101 155 2134 Hosio
180 2101 324 2145 scribat,
349 2111 384 2134 se
409 2101 483 2134 iam
509 2101 724 2143 Hieronymi
749 2100 914 2134 Mencelii
939 2101 1091 2143 librum,
1126 2101 1165 2133 in
1192 2112 1259 2144 quo
1284 2102 1315 2134 is
1341 2101 1448 2134 Hosii
1473 2111 1599 2134 nomen
1625 2102 1816 2134 obscurare

45 2159 202 2198 conetur,
228 2156 385 2188 mittere:
409 2155 563 2197 fortasse
582 2165 654 2197 pro
680 2165 749 2187 non
775 2154 1001 2187 scribendmn
1025 2154 1137 2195 fuisse
1163 2154 1301 2187 dixeris
1326 2154 1482 2187 nomine.

165 2207 179 2228 b
205 2208 263 2241 Ita
286 2208 427 2241 Canis&
441 2208 595 2241 scribam
607 2218 801 2250 pemeram
818 2208 1000 2250 scripsisse
1018 2207 1155 2240 dixeris
1171 2218 1242 2251 pro
1262 2207 1493 2241 Mentzelium
1511 2209 1562 2241 vel
1578 2207 1794 2242 Meneclium
1809 2221 1816 2248 ;

45 2262 89 2305 cf.
115 2262 200 2295 adn.
221 2272 344 2305 praec,

168 2367 179 2386 ¹
206 2366 296 2400 Tres
332 2365 508 2400 electores
543 2365 782 2400 ecclesiastici
817 2365 848 2399 3.
876 2365 998 2398 Martii
1032 2364 1122 2399 1562
1159 2365 1298 2398 caesari
1332 2364 1573 2409 scripserunt,
1608 2376 1666 2406 se,
1705 2365 1817 2400 donec

44 2421 207 2464 tempora
240 2420 357 2464 magis
383 2431 557 2465 prospera
592 2421 731 2461 essent,
767 2418 867 2464 pacis
898 2417 1063 2463 publicae
1098 2419 1135 2452 et
1165 2417 1296 2452 salutis
1330 2418 1555 2452 subditorum
1587 2429 1696 2453 causa
1722 2419 1818 2453 domi

45 2484 249 2515 mansuros,
276 2476 528 2518 procuratores
553 2476 694 2514 tamen,
722 2472 752 2506 si
779 2471 857 2506 fieri
882 2473 1021 2517 posset,
1047 2470 1224 2505 missuros
1250 2483 1330 2506 esse
1359 2471 1510 2517 (Siclcel,
1536 2471 1662 2506 Trient
1685 2484 1719 2517 p.
1747 2473 1818 2507 274

47 2526 92 2560 ad
118 2526 216 2570 275).

168 2580 181 2600 ²
208 2579 494 2614 Commendonus
507 2579 689 2614 Monachii
708 2590 789 2613 cum
804 2578 953 2612 Alberto
963 2578 1006 2612 V.
1023 2578 1112 2612 duce
1125 2578 1260 2620 fuerat;
1279 2578 1363 2613 vide
1380 2590 1489 2624 supra
1505 2591 1539 2624 p.
1553 2579 1632 2621 382,
1652 2579 1770 2613 adnot.
1784 2579 1816 2613 3.

169 2633 182 2653 ³
208 2633 387 2668 Henricus
418 2633 587 2676 ⁷‚iunior“.
686 2633 699 2652 4
724 2631 855 2666 Matth.
884 2631 914 2673 3,
941 2632 973 2665 9.
1020 2631 1105 2665 Luc.
1133 2631 1164 2673 3,
1191 2631 1223 2666 8.

170 2687 183 2706 ὅ
209 2685 264 2720 Cf.
290 2686 351 2722 Ps.
377 2687 409 2729 8,
437 2687 468 2721 3.
520 2686 650 2721 Matth.
678 2686 734 2727 21,
763 2686 816 2719 16.
916 2685 929 2704 ⁶
956 2683 1009 2718 Cf.
1036 2685 1117 2719 Act.
1145 2685 1175 2727 9,
1205 2685 1319 2719 1-22
1346 2686 1413 2719 etc.

170 2740 182 2759 ⁷
209 2739 229 2772 2
255 2739 345 2783 Reg.
375 2741 429 2781 15,
456 2740 521 2781 34;
550 2740 603 2781 17,
633 2739 686 2773 14.

171 2794 184 2812 s
209 2793 453 2839 Hieronymus
478 2792 677 2827 Mencelius
714 2791 812 2835 (vide
847 2803 957 2836 supra
990 2803 1023 2835 p.
1051 2790 1135 2835 322)
1173 2791 1216 2825 de
1247 2790 1358 2826 Hosio
1392 2790 1566 2825 maledice
1601 2791 1749 2836 scripsit
1782 2791 1820 2825 in

49 2845 292 2890 praefatione,
327 2857 436 2891 quam
462 2845 747 2891 Spangenbergii
781 2844 872 2878 libro
903 2844 1049 2887 „Wider
1075 2845 1130 2878 die
1156 2845 1241 2879 1οὸΒο
1267 2844 1415 2878 Sieben“
1446 2844 1664 2889 praeposuit.
1716 2844 1819 2888 Vide,

51 2909 143 2942 quae
180 2899 275 2934 infra
313 2900 379 2934 sub
418 2899 612 2945 epistulam
648 2897 782 2932 Canisii
822 2897 876 2931 11.
911 2896 1044 2942 Aprilis
1081 2897 1171 2931 1562
1211 2897 1255 2931 ad
1294 2896 1445 2931 Hosium
1484 2897 1605 2931 datam
1644 2897 1818 2932 dicentur.

50 2951 294 2998 Hieronymus
319 2952 507 2988 Rauscher
535 2952 594 2996 (de
621 2962 691 2995 quo
717 2961 828 2996 supra
853 2962 886 2995 p.
913 2949 1020 2994 374),
1046 2952 1190 2995 praeter
1217 2950 1305 2992 alia,
1334 2950 1463 2985 edidit:
1503 2950 1603 2992 „Von
1629 2951 1692 2984 der
1718 2951 1819 2985 Com-

50 3005 196 3040 munion
233 3008 339 3040 unter
375 3005 546 3040 beiderlei
582 3004 725 3039 Gestalt
759 3003 870 3038 wider
904 3003 969 3038 das
1004 3003 1200 3038 Concilium
1235 3003 1504 3038 Tridentinum“
1547 3006 1583 3038 et
1621 3004 1720 3046 „Von
1758 3004 1821 3039 der

51 3057 236 3102 Dignitat,
272 3059 406 3093 Hoheit
438 3059 512 3093 und
538 3057 772 3101 Wiirdigkeit
806 3057 869 3091 der
902 3056 1147 3102 papistischen
1174 3057 1427 3102 Messpfaffen“
1461 3057 1551 3091 1562
1580 3056 1820 3101 (Allgemeine

52 3111 235 3147 Deutsche
261 3113 479 3157 Bioqraphie
503 3111 650 3153 XXVII,
677 3110 776 3154 448).

173 3166 186 3186 9
210 3165 409 3209 Vergerius
434 3165 512 3199 vita
538 3165 649 3199 cessit
674 3175 704 3198 a.
733 3164 835 3199 1565.
