2093 3444
541 180 655 214 Roma
683 179 738 215 31.
766 179 924 228 Ianuarii
951 182 987 214 et
1015 180 1043 214 1.
1072 180 1260 215 Februarii
1290 180 1391 215 1561.
1798 183 1853 224 33

194 295 475 339 Jntendiamo
517 296 612 338 chel
642 297 697 338 'di
739 297 853 339 della
885 297 1259 340 Circuncissione1
1303 298 1336 340 si
1380 312 1459 340 usa
1496 298 1539 340 in
1578 298 1749 341 Vienna
1789 299 1855 341 in—

74 361 191 405 uitar
223 361 383 404 diuersi
414 361 579 403 Prelati
612 365 656 405 et
687 376 872 416 persone
904 362 1132 417 principali
1173 378 1199 405 a
1230 363 1431 416 mangiar
1461 364 1530 405 nel
1565 364 1777 418 collegio2
1810 367 1855 407 et

74 427 215 483 prima
247 427 326 469 che
351 427 406 469 N.
431 427 573 469 Padre
605 427 642 469 si
673 428 836 470 risolua
869 428 924 470 ad
956 443 1171 483 aprouare
1205 443 1228 474 0
1261 429 1493 484 inprouare
1525 430 1589 472 tal
1622 433 1854 472 consuetu-

76 493 197 544 dine,
237 492 336 535 uole
367 492 529 535 hauere
560 492 590 534 11
622 507 753 547 parer
785 493 900 536 della
932 493 983 536 R.
1018 493 1070 537 V.
1105 497 1149 537 et
1182 494 1251 536 del
1283 494 1425 537 Padre
1456 495 1608 549 Lanoy
1640 496 1786 549 alqual
1819 496 1855 538 si

75 558 216 601 scriue
254 558 296 600 di
338 560 494 611 questa
527 560 571 600 et
603 558 716 600 altre
748 572 847 600 cose
863 560 893 601 3.
937 559 1107 601 scriuisi
1146 559 1284 602 anche
1326 560 1365 602 al
1399 560 1540 602 Padre
1573 560 1853 605 Theoderico,

75 624 129 667 V.
163 623 215 667 R.
249 637 296 665 se
327 624 400 665 uol
432 623 566 665 ueder
596 623 637 665 le
669 623 828 665 lettere
860 624 902 665 10
934 626 1063 678 potra
1096 624 1203 668 fare.

196 695 334 749 Sopra
365 694 393 736 Γ
412 694 566 736 Jndice
589 694 690 736 delli
723 694 821 736 libri
842 694 1049 749 prohibiti
1081 695 1117 738 si
1146 696 1356 739 comincia
1378 712 1404 739 a
1426 699 1615 739 trattare
1639 700 1682 740 et
1704 700 1854 740 nostro

75 760 218 803 Padre
249 774 386 815 pensa
407 774 619 814 procurar
652 760 693 801 di
716 759 879 802 ridurlo
903 760 945 802 al
976 760 1044 802 ius
1066 775 1260 804 comune.
1305 762 1412 812 Quel
1445 762 1522 804 che
1550 762 1586 804 si
1608 765 1631 804 e
1655 766 1855 806 ottenuto

79 825 194 868 circa
225 825 256 867 li
289 825 371 867 cibi
402 825 607 880 prohibiti
632 828 654 867 0
685 825 761 867 0110
783 825 824 866 10
846 839 1031 880 persone
1064 827 1148 868 3110
1172 827 1289 880 quali
1310 842 1396 870 non
1419 828 1560 870 danno
1583 827 1613 869 li
1645 829 1857 882 superiori

81 891 175 933 suoi
206 904 286 945 per
326 904 473 933 essere
513 890 694 933 heretici
728 890 811 932 cibi
844 891 1234 945 quadragessimali
1276 907 1406 935 senza
1437 894 1635 948 scropolo
1667 908 1855 948 possano

77 956 307 1010 mangiarst
345 956 457 1010 degl'
482 955 645 998 altrib4
687 958 731 998 et
772 959 926 1009 questo
958 956 1011 999 V.
1046 957 1096 1000 R.
1130 957 1171 999 lo
1210 958 1318 1000 auisi
1353 972 1379 1000 a
1410 959 1469 1012 gl’
1493 959 1594 1001 altri
1632 959 1781 1012 luoghi
1815 959 1857 1001 di

79 1035 159 1064 sua
185 1021 422 1076 prouincia.
465 1022 589 1063 Doue
610 1035 696 1064 non
729 1021 892 1063 fossino
926 1022 1089 1064 anchec
1120 1023 1273 1078 Nuntij
1297 1023 1539 1078 Apostolici
1572 1038 1775 1066 concesse
1808 1023 1859 1079 [il

76 1085 212 1142 papa]
246 1086 411 1130 facolta
451 1087 493 1129 di
534 1086 780 1129 riconciliar
817 1087 949 1140 quelli
991 1087 1069 1130 che
1100 1087 1342 1131 hauesseno
1384 1091 1596 1143 renegata
1637 1090 1680 1132 la
1713 1090 1810 1132 fede
1825 1091 1856 1141 5,

198 1239 431 1274 Vindobonae
459 1239 515 1273 die
543 1238 861 1273 Circumcisionis¹
888 1239 1010 1273 varios
1036 1239 1219 1284 praelatos
1245 1240 1479 1286 hominesque
1506 1241 1695 1286 primarios
1721 1242 1758 1276 in
1789 1243 1856 1276 col-

76 1292 214 1336 legium
239 1293 284 1327 ad
320 1293 527 1327 convivium
554 1292 702 1326 invitari
728 1292 855 1327 solitos
881 1304 961 1327 esse
988 1293 1240 1335 audivimus2;
1277 1305 1385 1338 quam
1421 1295 1715 1330 consuetudinem
1744 1296 1857 1340 prius-

79 1357 187 1390 quam
214 1348 319 1391 pater
354 1348 479 1381 noster
515 1348 578 1380 aut
603 1346 802 1391 approbare
838 1348 901 1380 aut
935 1346 1138 1391 improbare
1173 1347 1209 1381 in
1245 1348 1404 1382 animum
1439 1348 1605 1390 inducat,
1640 1349 1857 1384 sententiam

77 1411 296 1443 cognoscere
322 1400 403 1434 vult
428 1400 470 1434 R.
498 1400 541 1434 V.
574 1402 609 1434 et
644 1400 759 1445 patris
786 1399 929 1441 Lanoii,
965 1400 1022 1434 cui
1058 1402 1095 1434 et
1129 1401 1172 1435 de
1207 1401 1275 1436 1130
1310 1414 1348 1436 re
1383 1404 1420 1436 et
1455 1402 1497 1436 de
1532 1402 1613 1437 aliis
1649 1403 1820 1437 scribitur
1833 1404 1857 1437 ³.

77 1453 180 1488 Patri
205 1465 347 1499 quoque
373 1453 594 1488 Theodorico
620 1453 801 1488 scribitur.
855 1453 952 1496 Quas
979 1453 1156 1499 epistulas
1182 1455 1213 1489 si
1239 1455 1280 1490 R.
1308 1455 1350 1490 V.
1379 1455 1500 1500 legere
1526 1456 1636 1499 volet,
1662 1456 1772 1500 legat.

198 1507 251 1542 De
277 1507 395 1542 indice
421 1507 594 1542 librorum
621 1507 883 1552 prohibitorum
909 1519 1019 1552 agere
1045 1508 1240 1553 incipiunt;
1279 1509 1339 1553 qui
1370 1512 1411 1543 ut
1437 1510 1481 1544 ad
1508 1510 1565 1544 ius
1591 1521 1779 1545 commune
1805 1522 1858 1544 re·

81 1561 254 1603 ducatur,
287 1564 391 1607 pater
417 1563 541 1596 noster
567 1573 759 1606 procurare
787 1561 934 1605 cogitat.
984 1561 1038 1596 De
1065 1562 1154 1596 cibis
1180 1561 1370 1607 prohibitis
1396 1563 1463 1598 hoc
1488 1563 1784 1609 impetravimus,
1819 1566 1860 1598 ut

78 1615 142 1657 iis,
178 1615 308 1660 quibus
334 1615 530 1660 praefecti,
567 1615 653 1660 quia
677 1615 852 1649 haeretici
879 1616 982 1656 sunt,
1017 1615 1115 1650 cibos
1142 1616 1477 1661 quadragesimales
1503 1629 1573 1651 non
1600 1618 1743 1660 darent,
1780 1617 1858 1652 sine

80 1668 304 1704 dubitatione
330 1668 412 1703 aliis
439 1669 538 1703 vesci
564 1669 736 1709 liceret⁴;
764 1680 835 1713 qua
861 1669 905 1703 de
930 1681 969 1703 re
988 1669 1030 1704 R.
1048 1668 1091 1703 V.
1120 1681 1192 1711 eos,
1219 1670 1280 1714 qui
1306 1670 1343 1704 in
1368 1670 1518 1714 reliquis
1544 1671 1753 1716 provinciae
1770 1683 1858 1706 suae

80 1722 171 1758 locis
206 1722 362 1766 degunt,
399 1723 571 1757 certiores
606 1722 728 1757 faciat.
781 1722 969 1757 Concessit
1003 1722 1113 1757 etiam
1141 1722 1317 1767 [summus
1343 1724 1521 1769 pontifex]
1547 1724 1760 1759 facultatem
1786 1737 1858 1767 eos,

82 1776 145 1821 qui
166 1776 274 1811 fidem
291 1776 546 1819 deseruissent,
574 1776 760 1819 ecclesiae,
788 1777 846 1811 ubi
866 1776 983 1811 nuntii
1002 1776 1189 1821 apostolici
1207 1789 1278 1811 non
1296 1780 1533 1819 morarentur,
1560 1779 1857 1821 reconciliandi⁵;

204 1918 218 1932 ἃ
242 1913 300 1946 Ita
318 1913 374 1955 B‚·
399 1911 563 1955 mengiar
581 1913 626 1946 A.
693 1911 709 1932 b
734 1913 792 1945 Ita
810 1912 865 1954 B‚·
891 1911 974 1945 delli
1000 1910 1022 1945 l'
1042 1911 1126 1946 altri
1144 1913 1188 1946 A.
1255 1918 1267 1932 ⁰
1292 1912 1418 1946 Anche
1444 1913 1535 1946 doue
1560 1924 1631 1946 non
1657 1912 1797 1947 fossero
1815 1915 1856 1948 B.

204 2048 216 2068 ¹
243 2046 536 2081 Circumcisionis
562 2046 704 2088 domini,
731 2046 767 2080 in
794 2057 863 2090 qua
894 2048 1084 2089 „vocatum
1110 2049 1166 2081 est
1191 2059 1320 2081 nomen
1346 2048 1424 2082 eius
1449 2048 1572 2083 Iesus“
1604 2048 1703 2092 (Luc.
1723 2050 1754 2091 2,
1783 2050 1858 2093 21),

82 2100 291 2135 memoriam
317 2099 483 2134 kalendis
501 2099 678 2134 Ianuariis
704 2099 749 2134 ab
776 2099 929 2134 ecclesia
956 2100 1131 2135 celebrari
1156 2103 1280 2135 notum
1307 2103 1373 2136 est.
1409 2101 1462 2136 De
1489 2113 1557 2146 quo
1575 2102 1669 2137 festo
1692 2104 1860 2137 Canisius

81 2153 119 2188 in
155 2165 259 2189 sacro
297 2153 452 2198 quodam
490 2165 654 2188 sermone
688 2153 856 2197 Friburgi
891 2153 1142 2188 Helvetiorum
1176 2154 1243 2189 sub
1279 2166 1310 2189 a.
1349 2155 1440 2189 1590
1476 2155 1521 2190 ad
1557 2155 1679 2190 Socios
1714 2156 1858 2192 habito:

87 2207 250 2250 „Sacro“,
285 2206 421 2252 inquit,
461 2207 570 2250 „Jesu
595 2207 738 2241 nomine
764 2207 976 2251 insignitum
1004 2210 1060 2242 est
1086 2219 1130 2242 ex
1156 2208 1307 2253 speciali
1334 2208 1522 2243 voluntate
1547 2209 1687 2251 Patris,
1715 2212 1752 2244 et
1778 2238 1784 2244 .
1815 2239 1821 2245 .
1851 2239 1857 2245 .

83 2263 139 2296 est
164 2261 300 2296 festum
325 2260 509 2306 proprium
537 2259 572 2304 [i.
593 2272 622 2294 e.
649 2260 807 2301 titulare,
835 2261 929 2305 quod
956 2260 1094 2305 dicunt]
1114 2261 1324 2296 Societatis“
1358 2261 1478 2305 (Beati
1496 2262 1596 2297 Petri
1615 2262 1750 2297 Canisii
1769 2263 1803 2298 S.
1824 2264 1857 2298 J.

82 2314 364 2349 Exhortationes
391 2314 621 2356 domesticae,
654 2314 707 2348 ed.
740 2315 781 2349 G.
810 2315 992 2349 Schlosser
1018 2314 1051 2349 S.
1081 2315 1113 2349 J.
1141 2314 1431 2359 [Ruraemundae
1459 2316 1575 2360 1876],
1602 2328 1635 2361 p.
1665 2316 1762 2360 332).
1803 2316 1857 2352 Of.

87 2368 174 2403 Can.
202 2368 291 2413 Epp.
318 2368 345 2410 I,
371 2368 453 2402 475.

204 2422 218 2443 2
244 2421 418 2456 Convivio
444 2421 496 2455 illi
526 2422 554 2455 1.
579 2420 738 2455 Ianuarii
759 2421 847 2456 1561
869 2421 1073 2456 Stanislaus
1091 2421 1226 2456 Hosius
1253 2424 1289 2456 et
1307 2422 1498 2457 Zacharias
1516 2422 1717 2468 Delphinus
1742 2424 1860 2458 nuntii

83 2474 283 2520 apostolici,
309 2474 482 2509 Nicolaus
508 2474 646 2509 Olahus
673 2474 967 2520 archiepiscopus
993 2475 1266 2519 strigoniensis,
1293 2475 1473 2510 Antonius
1499 2476 1593 2511 Brus
1619 2478 1656 2511 et
1682 2476 1860 2521 Georgius

82 2528 302 2563 Zsivkovich
329 2527 370 2562 Ο.
397 2528 506 2565 Μ111..
543 2527 701 2573 episcopi
727 2528 1008 2563 vindobonensis
1035 2530 1072 2563 et
1096 2528 1362 2571 modrusensis,
1388 2528 1570 2564 Martinus
1597 2529 1766 2572 Cromer,
1794 2531 1859 2564 Po-

83 2581 201 2616 loniae
227 2582 325 2625 regis
351 2581 505 2625 legatus,
532 2593 700 2626 proceres
727 2581 880 2626 denique
906 2593 1075 2627 suprema
1100 2582 1281 2627 potestate
1299 2581 1456 2616 humana
1473 2582 1643 2617 florentes
1661 2584 1862 2618 intererant

86 2634 312 2680 (Sacchinus,
339 2634 434 2669 Hist.
463 2634 497 2669 S.
525 2635 558 2669 J.
587 2634 631 2676 II,
658 2634 680 2669 1.
709 2635 740 2676 5,
768 2647 801 2669 n.
832 2635 909 2669 165.
940 2636 1017 2670 166.
1063 2636 1194 2670 Soeher
1219 2635 1242 2670 l.
1271 2647 1300 2670 c.
1327 2635 1354 2675 Ι,
1382 2635 1552 2680 91—92).

205 2688 218 2709 ³
243 2688 364 2722 Etiam
388 2687 508 2733 ipsum
532 2687 732 2722 Victoriam
759 2689 936 2723 Polancus
964 2689 994 2723 1.
1020 2689 1207 2723 Februarii
1236 2689 1324 2723 1561
1353 2688 1470 2723 Lainii
1495 2688 1659 2732 nomine,
1698 2690 1783 2734 quid
1818 2702 1860 2725 ea

84 2741 128 2776 de
154 2753 192 2775 re
217 2741 381 2784 sentiret,
406 2741 558 2775 Romam
584 2741 770 2776 *scribere
796 2741 911 2784 iussit,
939 2742 1093 2778 addens:
1125 2741 1182 2785 „Si
1208 2754 1248 2777 sa
1274 2742 1340 2777 che
1366 2743 1403 2776 in
1430 2742 1625 2778 Germania
1650 2742 1686 2777 la
1712 2755 1859 2778 conuer-

84 2795 207 2830 sacion
232 2806 340 2840 sopra
364 2794 402 2829 la
426 2806 551 2829 mensa
577 2794 631 2829 sol
656 2794 830 2840 importar
856 2795 913 2830 ale
938 2795 1056 2837 uolte,
1092 2795 1124 2830 d'
1152 2796 1247 2830 altra
1273 2796 1391 2830 uanda
1416 2807 1503 2830 sono
1530 2797 1754 2842 contrapessi
1789 2809 1860 2831 non

84 2848 212 2894 pochi“
246 2848 307 2891 (ex
333 2847 541 2893 apographo
568 2847 729 2882 eiusdem
755 2849 938 2894 temporis.
983 2848 1067 2884 cod.
1100 2849 1240 2892 „Germ
1269 2849 1380 2884 1559*ι
1410 2849 1435 2884 f.
1463 2850 1584 2893 295³).

206 2903 219 2922 4
245 2901 313 2936 His
339 2902 451 2945 igitur
469 2900 563 2935 Socii
590 2901 764 2936 eiusmodi
790 2902 888 2936 cibos
914 2901 992 2936 sine
1018 2903 1225 2937 condicione
1251 2904 1420 2948 poterant
1445 2903 1654 2948 permittere
1680 2905 1790 2947 atque
1808 2904 1860 2937 ita

85 2955 272 2990 anxietate
298 2966 359 2989 eos
385 2954 508 2989 levare
533 2954 756 2999 inquirendi,
795 2967 881 2989 num
907 2967 1036 2990 revera
1061 2955 1169 3001 plena
1193 2956 1256 2990 illa
1283 2956 1457 3005 eiusmodi
1483 2956 1572 2991 cibis
1604 2956 1775 2991 vescendi
1800 2969 1860 2991 ne—

86 3008 240 3043 cessitas
266 3009 439 3050 exstaret,
466 3019 537 3052 qua
562 3008 632 3054 ipsi
657 3008 739 3052 lege
764 3008 829 3043 illa
855 3008 965 3043 etiam
989 3021 1060 3044 non
1087 3009 1286 3055 dispensati
1312 3009 1567 3044 eximerentur.

207 3063 221 3083 ⁵
257 3062 305 3096 Hi
345 3061 382 3096 in
428 3061 553 3104 „Bulla
592 3062 752 3097 Coenae“
800 3062 1174 3097 excommunicatione
1214 3063 1477 3108 puniebantur;
1519 3074 1628 3107 quam
1669 3075 1860 3098 censuram

86 3114 223 3150 Paulus
247 3115 310 3150 IV.
346 3114 456 3149 etiam
492 3115 748 3150 constitutione
776 3115 831 3150 15.
857 3116 980 3150 Martii
1008 3117 1098 3151 1559
1136 3119 1261 3151 contra
1298 3116 1501 3151 haereticos
1536 3118 1574 3150 et
1607 3116 1860 3152 schismaticos

87 3168 186 3203 edita
210 3168 488 3203 confirmaverat
516 3168 743 3213 (Bullarium
768 3169 970 3204 Romanum
995 3169 1048 3204 VI
1074 3169 1278 3214 [Augustae
1304 3169 1542 3204 Taurinorum
1571 3169 1689 3214 1860J,
1720 3170 1789 3205 218
1815 3170 1859 3205 ad

156 3233 469 3264 Braunsberge1·‚
488 3234 600 3259 Canisii
613 3234 773 3265 Epistulae
787 3235 816 3259 et
830 3234 915 3259 Acta.
937 3235 991 3259 111.
1561 3231 1580 3263 3
