2093 3444
208 149 292 189 254
727 145 806 179 607.
844 144 1010 179 Canisius
1036 144 1220 190 Alphonso
1248 144 1458 180 Salmeroni.

206 264 441 306 sultoribus
474 263 602 315 meis,
646 264 716 316 qui
750 263 1001 316 singulatim
1036 263 1090 305 ad
1123 277 1219 305 eum
1253 263 1486 318 scripsere,
1524 263 1769 306 videatur1.
1835 263 1979 318 Atque

205 333 254 372 vt
285 329 456 371 facilius
479 328 560 370 hoc
592 343 747 370 munus
771 328 922 378 obiret,
957 328 1055 370 misi
1088 328 1142 370 ad
1169 328 1289 370 illum
1311 328 1358 371 P.
1383 329 1644 379 Hurtadum,
1680 343 1763 382 quo
1796 330 1976 372 multum

206 395 404 448 equidem
447 393 714 447 indigebam,
760 396 807 435 vt
839 392 1078 435 Viennensi
1118 396 1289 436 tantum
1323 393 1505 447 collegio
1547 394 1771 448 suppetias
1804 394 1978 445 ferrem,

205 460 415 501 missurus
448 462 492 502 et
524 459 644 510 alios,
678 458 714 500 si
737 458 901 501 liceret.
944 458 1015 501 Fit
1047 458 1220 500 interim
1254 458 1398 500 nescio
1422 473 1505 512 quo
1535 459 1675 509 modo,
1710 462 1759 502 vt
1782 459 1979 502 Rectoris

205 525 332 566 huius
364 524 533 566 animus
575 538 600 566 a
632 538 700 565 me
742 523 923 565 alienior
955 523 1178 573 videatur,
1223 527 1266 566 et
1298 524 1387 565 suis
1421 524 1552 566 etiam
1592 524 1738 566 durior
1770 525 1977 567 Viennae.

207 589 347 639 Quare
388 590 434 632 Ρ.
469 589 662 631 Adamus
704 589 842 631 iustas
884 588 1027 631 adfert
1070 589 1291 642 querelas,
1334 592 1382 631 ut
1423 588 1515 631 eius
1556 589 1786 632 adiunctae
1826 589 1979 632 literae

205 656 479 704 testantur2,
533 668 823 708 magnamque
870 654 1052 708 praebet
1099 654 1394 704 occasionem,
1448 657 1497 696 ut
1545 655 1596 696 de
1649 654 1979 697 conseruatione

207 720 466 762 Viennensis
500 719 670 773 collegij
705 719 879 761 solliciti
912 733 1007 760 esse
1041 719 1287 763 debeamus,
1331 719 1389 762 Jn
1421 719 1647 761 scribendo
1673 720 1835 762 Rector
1866 719 1976 762 idem

206 785 350 827 nescio
392 799 520 838 quam
563 784 847 827 acerbitatem
890 787 933 826 et
974 784 1307 827 amarulentiam
1345 785 1556 834 ostendit,
1604 788 1648 828 et
1693 785 1805 838 quod
1847 791 1978 827 sane²¹

208 851 344 901 doleo,
380 850 590 893 Hectores
623 849 816 892 nonnihil
849 850 1029 891 offendit
1056 850 1254 904 exemplo
1288 864 1377 892 suo.
1421 849 1682 893 Admonitus
1716 851 1870 892 blande
1903 850 1979 892 ad-

208 917 379 958 modum
413 930 438 957 a
471 930 565 957 meo
599 915 759 966 fratre,
794 915 1068 957 stomachose
1101 915 1347 969 respondit,
1386 915 1575 968 mihique
1608 915 1779 969 culpam
1811 915 1978 966 tribuit,

208 995 257 1023 ac
290 983 519 1035 praeterea
551 980 768 1035 promittit
810 981 879 1022 uel
912 980 1101 1022 minatur
1134 980 1299 1035 potius,
1343 994 1389 1022 se
1427 980 1580 1022 literas
1611 980 1655 1022 in
1687 981 1847 1022 Vrbem
1881 981 1979 1023 illas

207 1047 436 1088 missurum
481 1060 575 1088 esse
592 1047 620 1089 3.
685 1047 778 1100 Ego
821 1046 926 1087 nihil
967 1046 1103 1088 ausim
1144 1046 1428 1100 respondere,
1472 1060 1610 1099 neque
1652 1060 1826 1088 monere
1858 1045 1978 1088 illum

208 1113 259 1154 de
291 1111 533 1154 tractandis
557 1111 778 1161 fratribus,
812 1112 855 1153 in
879 1111 997 1154 victu
1020 1111 1293 1166 praesertim,
1328 1111 1504 1153 suauius
1537 1114 1668 1164 atque
1700 1111 1976 1162 commodius,

206 1192 260 1219 ne
293 1177 495 1219 videlicet
528 1177 783 1219 irritabilem
825 1177 1015 1218 animum
1058 1190 1301 1231 prouocem.
1366 1177 1506 1219 Debet
1539 1178 1624 1218 400
1657 1177 1844 1219 florenos
1878 1190 1978 1231 pra-

207 1243 329 1297 gensi
362 1243 550 1292 Rectori,
586 1257 610 1284 a
645 1257 726 1295 quo
761 1245 940 1295 rogatus
974 1242 1117 1283 monui
1150 1242 1306 1284 blande
1339 1245 1386 1284 vt
1420 1242 1631 1284 solueret:
1665 1242 1766 1284 tulit
1798 1242 1841 1284 id
1874 1256 1979 1295 quo-

207 1322 289 1362 que
321 1308 603 1362 permoleste,
639 1310 682 1349 ot
715 1307 937 1362 respondit
969 1321 1144 1362 aspere,
1180 1308 1302 1349 varia
1340 1307 1598 1362 suspicatus.
1663 1307 1784 1349 Haec
1816 1307 1978 1350 inuitus

208 1388 358 1423 narro,
394 1376 441 1414 ut
473 1373 633 1415 rectius
666 1376 820 1415 cuncta
852 1373 1096 1415 iudicentur
1128 1387 1153 1414 a
1185 1372 1292 1414 meis
1327 1372 1642 1427 superioribus,
1686 1372 1759 1425 qui
1790 1387 1843 1414 ne
1876 1373 1979 1415 mihi

208 1439 288 1480 hac
330 1438 373 1479 in
414 1441 539 1492 parte
581 1442 786 1492 parcant,
833 1438 909 1479 sed
950 1438 1083 1480 libere
1124 1438 1268 1492 potius
1310 1437 1631 1492 reprehendant
1672 1451 1800 1491 rogo,
1846 1439 1894 1480 vt
1935 1441 1979 1481 et

208 1504 389 1553 Rector,
435 1507 479 1546 et
522 1504 748 1558 collegium
784 1504 875 1545 eius
918 1504 1165 1545 Viennense
1206 1503 1339 1558 probe
1383 1506 1609 1553 curentur.,
1651 1502 1842 1556 nihilque
1883 1517 1979 1546 meo

207 1569 313 1612 vitio
346 1569 430 1610 illis
464 1569 682 1623 depereat.
730 1569 948 1611 Jnclioata
981 1571 1048 1611 est
1081 1568 1276 1610 Viennae
1308 1571 1542 1619 structura,
1577 1582 1705 1621 quam
1739 1582 1870 1622 aegre
1903 1569 1979 1610 ab-

207 1635 348 1676 soluet
381 1634 491 1676 alius
524 1649 652 1687 quam
687 1634 757 1688 quj
792 1634 933 1688 coepit
966 1634 1011 1676 P.
1046 1633 1252 1683 Victoria,
1286 1633 1421 1676 tantis
1453 1633 1695 1688 sumptibus
1729 1647 1835 1688 opus
1868 1634 1977 1677 est4.

206 1700 369 1741 Verum
403 1699 438 1741 si
471 1699 533 1741 ita
566 1703 767 1754 pergeret
801 1714 846 1741 se
886 1699 1079 1752 aliosque
1112 1699 1311 1749 turbare,
1356 1701 1400 1741 et
1441 1698 1483 1740 in
1516 1698 1768 1741 sustinendo
1801 1713 1978 1741 munere

208 1765 393 1807 alienum
428 1765 632 1807 exhibere
655 1779 825 1819 semper
839 1765 853 1783 '’
886 1765 1089 1815 animum,
1125 1764 1323 1818 equidem
1347 1764 1494 1806 dubito
1523 1778 1577 1806 an
1601 1763 1826 1818 expediret
1857 1763 1978 1805 illum

206 1830 269 1873 ita
314 1834 510 1873 coactum
553 1833 597 1872 et
637 1830 818 1873 inuitum
862 1830 1050 1872 retinere
1093 1830 1177 1873 diu.
1245 1830 1304 1872 Vt
1348 1829 1485 1872 literis
1527 1832 1673 1872 autem
1715 1831 1894 1871 sanetur
1935 1832 1979 1872 et

206 1896 526 1949 tranquilletur,
561 1896 687 1937 ualde
721 1896 919 1950 optarim.
964 1895 1046 1937 Hic
1079 1909 1256 1948 egemus
1279 1895 1328 1936 R.
1357 1894 1404 1937 T.
1440 1894 1657 1947 sacrifitiJ's
1690 1897 1734 1937 et
1764 1893 1977 1948 precibus,

207 1961 360 2014 quibus
394 1961 461 2002 dei
494 1961 682 2013 gratiam
715 1961 1021 2015 impetremusc
1054 1960 1263 2002 aduersus
1295 1960 1374 2002 has
1407 1960 1601 2012 aliasque
1633 1959 1912 2002 tentationes.

326 2027 445 2068 Inter
477 2026 584 2068 alios
627 2026 698 2079 qui
732 2040 785 2068 ex
820 2025 1054 2068 Viennensi
1097 2025 1279 2078 collegio
1322 2024 1387 2066 his
1420 2024 1639 2066 mensibus
1676 2024 1850 2078 fugere,
1895 2024 1977 2067 duo

208 2093 309 2133 sunt
342 2091 595 2141 Guilhelmi,
630 2092 742 2134 alter
776 2092 1016 2133 Germanus
1050 2090 1120 2143 qui
1154 2093 1198 2132 et
1230 2093 1361 2132 antea
1394 2090 1558 2132 Romae
1590 2089 1686 2140 fuit,
1721 2103 1853 2143 seque
1884 2093 1978 2132 tur-

208 2157 320 2211 piter
352 2159 451 2210 post
483 2157 632 2210 fugam
665 2157 802 2210 gessit
834 2156 877 2197 in
910 2156 1150 2209 Hungaria,
1187 2158 1232 2197 et
1264 2155 1305 2197 in
1339 2154 1483 2209 patria
1515 2168 1594 2196 sua
1626 2154 1840 2197 Bauarica
1872 2168 1979 2196 non-

206 2222 336 2263 nullis
368 2236 446 2276 pro
479 2221 630 2264 infami
665 2222 856 2271 ducitur,
901 2221 1013 2274 quod
1047 2234 1228 2262 onrem
1270 2220 1447 2262 duxisse
1488 2222 1687 2274 putetur:
1729 2220 1843 2262 alter
1874 2233 1977 2262 uero

207 2287 358 2340 Belga.
404 2287 528 2329 Prior
559 2287 614 2329 ad
646 2301 714 2329 me
740 2286 915 2341 scripsit
938 2286 1194 2340 Oeniponto,
1228 2288 1278 2328 vt
1309 2285 1446 2327 literis
1470 2284 1576 2327 meis
1608 2285 1748 2340 ipsum
1771 2284 1978 2327 Romanis

207 2353 405 2407 patribus
446 2352 500 2394 ad
534 2367 641 2406 quos
673 2355 795 2394 recta
826 2353 1052 2406 pergeret,
1094 2350 1452 2393 commendarem.
1516 2350 1573 2392 Jd
1615 2364 1743 2403 quam
1782 2349 1978 2392 consulte

207 2418 366 2459 faciam
399 2417 557 2468 nescio,
591 2418 748 2460 author
780 2419 847 2459 est
879 2417 921 2458 ni
953 2416 1096 2466 fallar,
1131 2415 1271 2466 alteri,
1307 2429 1382 2457 cur
1415 2429 1440 2457 a
1471 2415 1633 2457 nostris
1665 2414 1746 2456 hac
1779 2413 1977 2457 aestated

209 2482 470 2532 discesserit,
505 2496 599 2524 cum
633 2485 748 2525 esset
777 2485 925 2524 tamen
948 2480 1208 2523 Rhetoricae
1231 2479 1383 2522 classis
1405 2479 1638 2534 professor.
1682 2479 1807 2521 Vnde
1830 2481 1977 2533 poste-

327 2634 341 2647 ³
368 2627 450 2661 fane
478 2629 522 2661 Α.
619 2627 634 2647 b
660 2638 801 2671 semper
832 2625 1001 2660 exhibere
1027 2626 1069 2659 B.
1167 2630 1178 2645 ς
1204 2623 1432 2669 impetiemus
1458 2625 1502 2658 A.

329 2681 343 2701 ‘¹
372 2682 432 2715 Sic
458 2681 638 2724 leyendum
664 2691 733 2714 esse
759 2680 847 2713 mihi
872 2680 1011 2723 quidem
1039 2680 1182 2712 omnino
1208 2678 1368 2718 videtum
1393 2679 1512 2711 aetate
1539 2677 1626 2710 AB.

336 2814 343 2833 1
392 2815 397 2826 1

331 2866 344 2886 ²
370 2812 622 2906 Isigissiligtezals:
649 2812 736 2899 {4}
758 2865 895 2899 Adamo
914 2863 1047 2905 Holler,
1079 2863 1220 2907 collegii
1246 2862 1527 2898 vindobonensis
1558 2862 1776 2906 „ministr-0²,
1802 2862 1847 2896 ad
1875 2861 1976 2896 Cani-

211 2919 303 2954 sium
330 2919 445 2960 datas,
472 2919 555 2953 vide
581 2930 691 2964 supra
716 2930 748 2963 p.
776 2918 975 2952 217—221.

333 2973 345 2993 ³
371 2972 532 3006 Victoria
558 2983 687 3017 reapse
713 2971 960 3016 apographum
986 2970 1100 3015 partis
1124 2981 1246 3004 earum
1264 2969 1413 3004 Romam
1431 2969 1551 3010 misit;
1577 2968 1672 3013 quod
1689 2979 1783 3002 nunc
1802 2969 1923 3002 exstat
1939 2967 1976 3002 in

212 3025 287 3059 cod.
320 3025 381 3068 ,G.
409 3025 474 3070 Ep.
501 3025 553 3059 II“
583 3025 608 3060 f.
636 3025 723 3065 324;
761 3036 805 3058 ex
832 3036 901 3069 quo
928 3024 1049 3068 aliqua
1075 3022 1251 3068 exscripsi
1277 3034 1387 3068 supra
1412 3034 1446 3067 p.
1473 3022 1584 3062 225⁷;
1620 3021 1691 3055 alia
1717 3032 1845 3066 ponam
1871 3020 1976 3062 infra,

211 3078 654 3166 monuthiZfiiubernium
680 3130 768 3165 dicit
792 3141 985 3175 puerorum
1010 3128 1202 3170 nobilium;
1231 3128 1273 3163 de
1300 3139 1369 3173 quo
1395 3128 1477 3162 vide
1502 3138 1612 3172 supra
1638 3138 1671 3172 p.
1698 3126 1777 3161 248.
