2093 3444
208 199 292 240 586
348 197 426 230 746.
462 195 709 230 Ferdinandus
735 196 760 230 Ι.
790 195 943 230 Canisio.
981 196 1156 241 Friburgo
1182 196 1300 240 Brisg.
1327 196 1393 231 sub
1421 197 1476 231 31.
1503 197 1710 233 Decembris
1738 199 1840 234 1562.

1024 315 1154 357 746.

790 405 1311 449 FERDINANDUS
1344 406 1391 448 I.

994 486 1189 532 imperator

953 570 1227 619 CANISIO.

608 671 795 719 Friburgo
821 671 1038 718 Brisgoviae
1065 673 1130 710 sub
1158 673 1206 710 31.
1232 672 1442 710 Decembris
1468 673 1563 710 1562.

325 754 380 788 Ex
406 754 613 799 apographo
640 766 660 788 a
687 755 727 789 R.
756 754 795 789 P.
824 756 891 790 Ios.
918 757 1067 789 Fischer
1093 755 1126 790 S.
1154 756 1185 790 J.
1213 756 1280 790 sub
1315 768 1346 790 a.
1377 756 1467 791 1894
1494 768 1539 790 ex
1564 757 1772 802 apographo
1798 758 1857 792 vel
1884 770 1975 793 com·

207 807 383 841 mentario
409 807 557 852 antiquo
584 808 777 853 exscripto.

326 860 511 906 Epistulae
549 861 765 895 mentionem
804 862 893 895 facit
935 863 971 896 O.
1006 864 1052 896 H.
1087 864 1249 907 Hopfen,
1289 863 1418 897 Kaiser
1456 862 1681 898 Maximilian
1719 864 1763 898 II.
1802 865 1874 899 und
1914 866 1976 900 der

206 913 732 959 Kompromisskatholizismus
761 915 957 958 (Miinchen
987 916 1091 959 1895)
1121 928 1154 961 p.
1182 916 1275 950 3377.

324 986 419 1018 Eam
445 987 495 1019 ita
523 997 578 1020 res
603 987 788 1030 disponere
813 987 925 1030 iubet,
956 992 993 1020 ut
1021 992 1160 1021 vocatus
1184 990 1303 1021 statim
1333 988 1558 1031 Oenipontem
1584 990 1631 1022 acl
1655 1000 1690 1023 se
1714 991 1832 1024 venire
1850 992 1973 1034 possit.

326 1069 359 1109 V
361 1068 595 1110 inclobonae
620 1070 666 1110 in
689 1070 857 1111 archivo
880 1071 1004 1111 aulae
1027 1071 1277 1112 caesareae1
1299 1070 1562 1122 (Dietriclist.
1587 1071 1732 1124 Abth.)
1758 1074 1972 1128 epistulae,

205 1148 331 1190 quam
357 1148 482 1189 pono,
519 1139 650 1176 exstat
673 1136 1013 1176 commentarium
1051 1136 1108 1177 vel
1140 1137 1430 1191 apoyraplmm
1459 1138 1693 1192 (metiamini,
1727 1140 1796 1180 cui
1828 1154 1974 1193 super-

205 1201 362 1254 scripta
394 1204 492 1241 sant
514 1200 614 1242 liaeo
646 1200 795 1242 verba:
829 1200 1030 1251 „Doctori
1051 1200 1285 1256 Staplalo‘ss
1320 1202 1556 1257 subscripta
1579 1203 1704 1245 llaec:
1739 1204 1818 1256 „In
1845 1205 1975 1246 simili

204 1264 406 1318 [formed
436 1279 567 1306 causa
582 1264 624 1317 9]
658 1265 717 1307 ad
742 1266 962 1307 Doctorem
988 1266 1261 1308 Canisium‘fl·
1298 1267 1632 1317 „Ferdmandus
1660 1303 1668 1311 .
1698 1269 1974 1312 Honorabilis

205 1331 333 1372 Docte
370 1330 404 1383 f.
439 1345 479 1372 η.
516 1331 580 1372 (11.2
645 1331 744 1373 Cum
779 1331 867 1372 Deo
901 1332 1028 1372 dante
1065 1333 1311 1387 propediem
1346 1332 1613 1388 Oem‘pontem
1646 1336 1812 1376 venturi
1843 1336 1974 1376 simus

206 1396 343 1450 ibique
371 1395 501 1448 facile
534 1396 785 1437 eiuscemodi
817 1398 977 1452 neqotia
1013 1397 1131 1438 uobis
1162 1410 1379 1439 occurrere
1406 1399 1570 1453 possint
1603 1400 1661 1440 acl
1693 1414 1870 1455 quorum
1905 1414 1974 1442 ex-

202 1462 456 1516 peditionem
490 1465 563 1502 tua
592 1461 754 1515 fidelisss
796 1476 922 1517 opera
955 1462 1073 1503 nobis
1105 1464 1204 1504 usui
1233 1462 1387 1515 futura
1419 1465 1484 1505 sit.
1549 1464 1764 1506 Duoeimus
1792 1466 1975 1520 proinde

203 1530 241 1567 te
269 1540 347 1580 per
374 1530 616 1580 praesentes
648 1527 810 1567 litteras
851 1528 1068 1569 clementer
1100 1542 1184 1569 esse
1217 1529 1531 1570 admonendam
1574 1534 1617 1571 ut
1656 1544 1722 1572 res
1753 1535 1850 1572 tuas
1877 1532 1974 1585 pri-

207 1596 330 1632 uatas
371 1593 430 1632 sic
464 1591 691 1646 dispositas
732 1592 908 1644 habeas,
956 1607 1034 1647 quo
1075 1598 1248 1634 uocatus
1283 1595 1421 1648 possis
1464 1595 1571 1635 citra
1612 1609 1772 1637 omnem
1811 1609 1974 1637 moram

205 1656 359 1711 absque
395 1658 475 1698 ullo
510 1671 651 1697 rerum
685 1661 856 1699 tuarum
894 1658 1188 1713 impedimento
1231 1660 1290 1700 ad
1322 1673 1396 1700 nos
1424 1674 1658 1714 properare
1688 1660 1886 1709 facturus
1927 1662 1973 1703 in

203 1735 246 1763 co
270 1721 369 1762 bene
389 1727 557 1777 ⁸aratam
579 1723 831 1765 voluntatem
854 1722 1014 1765 meamb
1037 1722 1108 1776 [9]
1133 1759 1140 1766 .
1166 1725 1325 1765 Datum
1354 1726 1399 1766 in
1423 1725 1575 1780 oppido
1597 1730 1738 1768 nostro
1761 1727 1973 1782 Friburyo

204 1786 427 1841 Brisyoiac
461 1787 529 1828 clie
560 1789 734 1829 ultimac
766 1786 837 1841 [9]
870 1789 1112 1830 Decembris
1144 1791 1270 1831 Anno
1303 1790 1477 1831 Domini
1510 1796 1682 1833 ewelcnte
1714 1791 1868 1834 1562ss

321 1878 475 1912 Easdem
495 1878 709 1913 Ferdinandi
728 1879 754 1913 I.
782 1879 922 1913 litteras
942 1880 979 1914 P.
1002 1881 1171 1914 Nicolaas
1189 1882 1353 1915 Lanoius
1371 1881 1405 1916 S.
1425 1882 1457 1915 J.
1484 1882 1676 1924 significat,
1704 1894 1784 1917 cum
1804 1884 1972 1927 Augusta

203 1931 256 1965 14.
284 1931 440 1965 Ianuarii
470 1932 559 1966 1563
586 1932 735 1966 Romam
763 1933 806 1967 ad
834 1933 872 1968 P.
902 1932 1197 1978 Christophorum
1223 1934 1439 1969 Madridium
1466 1935 1640 1970 *scribit:
1679 1935 1735 1978 „L’
1755 1937 1970 1982 imperatore

205 1984 310 2019 vuole
337 1985 371 2019 al
399 1986 468 2019 fine
496 1985 529 2019 di
557 1988 684 2030 questo
711 1998 807 2021 mese
834 1986 1021 2021 ritrouarsi
1048 1987 1084 2021 in
1103 1987 1286 2032 Jnspruck
1314 2015 1320 2021 .
1349 1988 1385 2022 Jl
1405 1987 1534 2032 Signor
1560 1989 1584 2023 li
1611 1989 1669 2023 dia
1694 1989 1787 2024 buon
1814 1990 1971 2035 viaggio,

202 2038 248 2072 ha
283 2038 408 2072 scritto
435 2038 469 2073 S.
497 2039 652 2074 Maiesta
687 2039 721 2074 al
749 2040 864 2074 Padre
899 2042 1021 2074 nostro
1048 2041 1274 2075 Prouinciale
1310 2041 1374 2075 che
1400 2041 1446 2076 ha
1473 2042 1507 2076 di
1534 2043 1635 2076 venir
1668 2042 1718 2077 lui
1745 2043 1901 2078 anchora
1934 2043 1971 2078 in

201 2092 383 2137 Jnspruck
412 2104 474 2137 per
507 2095 661 2127 trattare'
688 2093 722 2127 di
758 2095 856 2127 certe
883 2105 974 2128 cose.
1027 2094 1100 2128 Pur
1134 2094 1164 2128 si
1192 2097 1386 2139 espetanno
1423 2095 1514 2129 altre
1539 2095 1667 2130 lettere
1680 2097 1703 2130 ³.
1756 2097 1971 2142 Jmperoche

202 2147 328 2190 queste
355 2146 468 2191 prime
503 2158 589 2181 sono
624 2149 719 2181 state
754 2147 952 2182 solamente
988 2148 1157 2182 mandate
1183 2160 1246 2193 per
1282 2149 1423 2183 auisare
1459 2149 1483 2183 il
1510 2149 1626 2184 Padre
1661 2149 1726 2184 che
1762 2150 1793 2184 si
1827 2150 1969 2196 prepari

201 2199 395 2233 ordinando
422 2200 457 2233 in
485 2201 650 2244 Augusta
676 2200 708 2234 le
735 2202 816 2235 cose
844 2212 907 2235 sue
934 2203 1067 2245 quanto
1103 2201 1173 2236 alle
1199 2213 1263 2235 sue
1289 2201 1457 2247 prediehe
1489 2205 1525 2236 et
1550 2203 1641 2237 altre
1667 2203 1816 2238 facende
1844 2203 1879 2237 di
1904 2215 1970 2238 sua

202 2252 393 2286 Prouincia
420 2255 456 2287 et
482 2254 586 2288 casa‘⁴
619 2253 679 2297 (ex
707 2254 942 2300 autographo.
995 2254 1079 2289 Cod.
1111 2254 1173 2297 „G.
1201 2255 1265 2300 Ep.
1293 2255 1362 2290 1V“
1394 2255 1417 2289 f.
1447 2255 1564 2298 127³).

320 2306 397 2340 Hae
432 2306 575 2341 litterae
610 2307 724 2352 prima
761 2307 863 2352 quasi
898 2307 1036 2342 semina
1074 2310 1159 2342 sunt
1194 2308 1323 2343 famosi
1354 2308 1450 2343 illius
1484 2308 1732 2353 theologorum
1771 2312 1969 2345 conventus

203 2358 402 2403 Oeniponte
428 2359 529 2394 initio
556 2371 586 2395 a.
609 2361 699 2395 1563
727 2372 747 2395 a
770 2361 993 2395 Ferdinando
1012 2361 1038 2395 Ι.
1067 2361 1191 2403 coacti,
1218 2361 1255 2396 in
1281 2373 1350 2406 quo
1370 2361 1552 2397 Canisium
1579 2364 1616 2397 et
1640 2362 1792 2397 multum
1818 2363 1969 2398 sudasse

202 2415 237 2445 et
264 2423 343 2446 cum
363 2413 522 2457 pontifici
547 2413 704 2447 maximo
729 2414 948 2458 concilioque
966 2414 1160 2449 tridentino
1186 2417 1261 2449 tum
1282 2415 1419 2450 caesari
1445 2416 1579 2461 optima
1605 2416 1724 2451 officia
1742 2416 1966 2462 praestitisse

202 2464 239 2498 in
265 2466 429 2510 proximo
455 2466 562 2501 huius
589 2467 706 2511 operis
732 2466 912 2501 volumine
939 2467 1159 2502 ostendetur.

320 2594 334 2609 ἢ
358 2588 455 2623 fideli
481 2601 538 2633 ap.
636 2590 651 2611 ¹²
678 2592 737 2625 Sic
763 2602 844 2635 ap.;
869 2593 1059 2626 nostram?
1154 2598 1165 2612 '³
1193 2593 1271 2626 Vel:
1295 2591 1431 2626 ultimo.

322 2711 332 2731 ¹
360 2710 486 2752 Haus-‚
514 2711 599 2745 Hof-
625 2712 697 2745 und
723 2711 1009 2747 Staats-Archiv.

321 2764 335 2784 ‘-'
360 2764 387 2798 I.
414 2776 443 2799 e.
470 2764 597 2806 fidelis,
623 2764 725 2799 nobis
751 2764 901 2806 dilecte;
928 2765 974 2799 cf.
1004 2766 1090 2800 Can.
1117 2765 1205 2811 Epp.
1234 2766 1258 2808 I,
1287 2766 1366 2801 730.
1395 2766 1474 2801 746.

322 2817 335 2837 ³
360 2817 439 2852 Hae
464 2818 500 2852 in
526 2817 689 2863 proximo
715 2817 897 2852 volumine
923 2821 1111 2863 ponentur.

2066 2582 2076 2691 l
