2093 3444
333 176 412 210 691.
449 175 615 210 Canisius
641 176 743 211 Socio
771 177 877 211 alicui
905 190 990 212 rom.
1034 179 1204 213 Tridento
1231 179 1286 213 25.
1315 180 1400 214 Maii
1429 181 1530 214 1562.
1731 185 1814 224 447

47 292 177 326 ducere
203 294 370 337 poterant
396 292 555 326 eiusdem
582 293 724 327 litterae
759 305 778 327 a
807 293 867 328 Dr.
898 295 1027 328 Gai-olo
1057 296 1177 329 Grube
1205 294 1429 337 (Zeitschrift
1454 295 1516 329 des
1544 295 1639 330 Harz
1652 298 1817 333 -Vereins

47 345 106 379 fiir
133 344 349 380 Geschichte
375 345 446 379 und
473 345 833 381 Alterthumskunde.
874 347 928 381 24.
957 347 1082 391 Jahrg.
1113 347 1387 392 [VVernigerode
1416 348 1518 393 1891]
1551 361 1583 394 p.
1611 350 1814 395 280—289)

48 401 84 432 et
123 398 334 442 (maximam
372 398 528 443 partem)
569 411 589 432 a
628 399 688 433 Dr.
722 402 751 434 I.
785 401 934 434 Hansen
974 401 1013 443 (l.
1047 414 1076 435 c.
1115 413 1147 446 p.
1182 401 1385 444 541—543)
1427 402 1639 445 evulgatae,
1679 405 1818 448 quibus.

0 474 2 482 .
49 451 318 496 Guelpherbyto
354 452 385 485 7.
416 451 539 486 Martii
577 453 666 486 1567
703 453 746 487 ad
774 453 967 487 Vinckium
1004 454 1116 495 datis,
1153 454 1277 499 Haupt
1311 466 1349 488 se
1385 466 1405 488 a
1442 454 1553 489 Sociis
1590 457 1732 500 quidem
1768 459 1818 492 in—

47 505 215 539 stitutum
251 517 329 540 esse
365 516 498 549 eosque
531 517 672 550 semper
706 507 864 540 revereri
892 507 1109 547 affirmavit,
1149 508 1212 549 „de
1239 507 1438 542 Societate“
1470 510 1591 542 autem
1626 521 1664 544 se
1696 514 1813 552 „esse‘

48 558 214 602 negavit,
251 558 328 592 sive
355 559 448 602 quod
484 570 522 593 se
559 571 599 593 eo
635 560 731 603 ipso,
769 560 861 603 quod
888 559 1079 594 Societatis
1105 561 1288 605 praesides
1316 561 1628 607 Guelpherbytum
1665 564 1816 598 abeundi

47 611 230 646 licentiam
256 611 325 646 sibi
351 612 555 652 dedissent,
593 624 610 646 e
638 612 816 646 Societate
843 624 985 657 quoque
1012 613 1198 648 dimissum
1227 626 1306 649 esse
1345 614 1394 658 (id
1422 615 1514 658 quod
1550 615 1621 650 iam
1647 618 1732 651 tunc
1759 629 1817 662 ap-

48 665 183 710 petisse
210 664 369 708 videtur)
409 666 599 707 censebat,
635 665 713 699 sive
740 666 832 710 quod
860 678 939 700 cum
976 667 1020 700 iis
1046 667 1245 709 sentiebat,
1282 668 1340 712 qui
1369 668 1493 713 primis
1528 669 1602 703 illis
1629 669 1819 705 Societatis

47 718 269 763 temporibus
288 730 475 763 perperam
496 719 763 761 existimabant,
791 731 861 760 eos,
881 719 940 763 qui
960 720 1258 755 scholasticorum
1276 723 1418 755 tantum
1437 725 1522 756 vota
1539 726 1819 768 nuncupassent,

48 783 118 806 non
137 771 327 806 Societatis
346 772 507 807 homines
525 772 723 816 religiosos,
742 772 805 807 sed
829 784 944 814 „mere
963 774 1187 808 ‘saeculares‘
1211 785 1307 814 esseg
1328 775 1409 808 vide
1431 776 1517 809 Can.
1536 775 1624 821 Epp.
1645 777 1688 818 11,
1706 788 1818 817 xxvn

49 827 158 869 atque
184 825 336 859 alterum
364 825 431 859 hoc
457 825 544 859 mihi
571 825 713 869 quidem
741 826 858 870 magis
884 826 1065 870 probatur.
1105 826 1216 861 Recte
1243 829 1362 861 autem
1389 828 1509 863 Grube
1536 841 1581 863 ex
1607 829 1662 864 his
1687 830 1819 865 litteris

49 879 311 913 demonstravit
336 899 383 902 —
414 879 449 913 id
488 879 580 923 quod
608 878 753 913 Vinckii
790 879 964 913 relatione
1000 879 1232 914 confirmatur
1265 900 1330 921 -‚
1370 883 1595 916 Frv'dere'cam
1632 885 1820 929 Koldewey

47 932 190 977 lapsum
226 944 324 974 esse,
361 944 441 966 cum
468 932 666 977 Hauptium
702 932 773 966 iarn
809 944 839 966 a.
870 933 961 967 1564
988 932 1251 978 Guelpherbyti
1286 935 1398 968 fuisse
1434 937 1469 969 et
1505 936 1548 969 ad
1575 936 1817 972 Hummelium

52 985 251 1029 (Hummel)
268 986 550 1020 contionatorem
566 985 723 1019 aulicum
742 986 778 1019 in
793 997 973 1019 carcerem
992 986 1245 1021 includendum
1264 999 1407 1032 operam
1427 989 1622 1024 contulisse
1641 994 1819 1026 assereret

51 1038 131 1083 (Die
158 1039 324 1073 Jesuiten
350 1039 421 1073 und
449 1039 513 1073 das
539 1039 784 1082 Herzogthum
814 1039 1098 1083 Braunschweig
1126 1039 1422 1084 [Braunschweig
1451 1042 1554 1086 1889]
1582 1055 1614 1088 p.
1644 1044 1765 1087 3—5).

871 1157 992 1199 (3⁴31.

785 1250 1081 1297 CANISIUS

509 1354 726 1398 seclo
760 1354 1018 1398 ALICUI
1050 1355 1355 1398 ROMANO

595 1437 659 1491 (P.
694 1438 926 1480 Francisco
960 1438 1225 1480 Petrarchae
1240 1438 1276 1491 ἓ)

693 1528 866 1566 Tridento
894 1529 948 1565 25.
975 1528 1059 1564 Maii
1086 1528 1180 1565 1562.

172 1613 227 1647 Ex
253 1613 459 1658 apographo
494 1612 629 1647 recenti
658 1612 744 1657 (A),
780 1613 873 1657 quod
910 1625 954 1646 ex
981 1613 1179 1658 archetypo
1205 1633 1250 1636 ——
1277 1614 1441 1648 Canisius
1476 1626 1540 1649 sua
1574 1627 1681 1650 manu
1706 1628 1821 1661 pauca

51 1666 209 1701 correxit
243 1668 279 1700 et
313 1678 442 1700 nomen
480 1665 673 1710 („Seruus“
705 1666 790 1707 etc.)
829 1667 1045 1711 subscripsit
1070 1686 1115 1689 —
1141 1667 1211 1700 iam
1247 1667 1408 1701 nonnihil
1444 1679 1569 1702 manco
1603 1671 1639 1703 et
1674 1670 1709 1703 in
1745 1671 1820 1705 cod.

55 1721 113 1763 „E.
142 1719 180 1754 C.
206 1720 242 1754 1“
273 1719 297 1754 f.
325 1720 394 1754 310
421 1721 456 1754 et
481 1731 534 1764 sq.
561 1732 631 1754 non
658 1720 750 1763 sign.
780 1720 829 1763 (n.
859 1719 940 1762 109)
970 1720 1086 1765 posito
1113 1720 1333 1765 exscriptum
1360 1723 1425 1755 est.

170 1773 304 1808 Exstat
330 1773 438 1807 etiam
465 1773 618 1807 alterum
645 1773 890 1818 apographum
920 1773 1001 1817 (Β),
1037 1774 1103 1808 sub
1136 1785 1166 1807 a.
1197 1774 1287 1808 1860
1314 1777 1462 1808 curante
1487 1776 1600 1810 Boero
1627 1787 1672 1810 ex
1698 1777 1821 1811 eodem

51 1827 249 1872 archetypo
275 1827 543 1872 transcriptum.

171 1880 356 1925 Epistulae
382 1882 520 1925 partem
548 1882 746 1925 posuerunt
774 1879 924 1923 (italice)
954 1881 1088 1924 Rom-0,
1125 1880 1330 1914 Salmerone
1364 1893 1395 1926 p.
1424 1881 1468 1916 87
1506 1884 1541 1916 et
1568 1882 1652 1917 Can.
1680 1895 1714 1928 p.
1741 1884 1820 1925 248,

53 1946 95 1969 ac
123 1933 284 1978 (gallice)
306 1935 437 1968 Miclzel
462 1934 484 1968 l.
505 1946 533 1969 c.
553 1946 586 1979 p.
606 1933 806 1968 262-263.
846 1933 1009 1979 Epistula
1037 1934 1091 1968 usi
1119 1936 1203 1968 sunt
1230 1935 1437 1979 Sacclzinecs,
1465 1934 1550 1970 Can.
1570 1948 1602 1980 p.
1625 1937 1821 1979 193—194,

52 1990 87 2022 et
113 1989 229 2022 Kro'ss
253 1987 276 2022 l.
304 1999 333 2022 c.
360 2000 394 2033 p.
423 1988 500 2022 153.

172 2066 412 2099 Salmeronem
437 2066 485 2098 ad
511 2076 584 2109 eos,
620 2066 682 2109 qm*
706 2065 937 2098 vehementius
962 2066 1185 2109 contendunt,
1211 2070 1250 2098 ut
1275 2066 1450 2109 episcopos
1474 2068 1522 2100 ad
1549 2067 1820 2111 ‚‚residentiam“

53 2120 89 2152 in
118 2119 330 2152 dioecesibus
355 2119 475 2152 divina
503 2120 573 2162 Zeye
597 2119 709 2152 teneri
728 2120 997 2162 pronemtietnr,
1028 2119 1238 2161 refutandos
1263 2130 1285 2152 a
1312 2120 1376 2153 Pio
1402 2121 1466 2153 IV.
1497 2121 1705 2155 Tridentum
1732 2123 1824 2155 mitte·

51 2173 185 2215 ferunt.
239 2173 346 2214 Quem
372 2183 571 2216 rumorem,
608 2173 775 2206 Societatt'
801 2174 967 2215 noxiam,
1004 2172 1170 2205 Cani-sias
1195 2173 1333 2206 evellere
1357 2174 1478 2207 studet.
1530 2175 1627 2208 Deas
1652 2177 1825 2218 orandus,

54 2231 92 2259 ut
111 2230 260 2269 patrum
286 2227 327 2259 de
352 2226 543 2259 residentia
581 2236 680 2259 acres
706 2227 962 2258 controversiae
995 2226 1194 2268 sopiantur.
1245 2227 1412 2261 Laenius.
1463 2228 1669 2271 Huyonotti.
1725 2229 1823 2262 Oeni-

54 2281 204 2323 pontam'
222 2279 357 2323 colleyii
376 2280 471 2313 Socii
497 2283 527 2312 et
551 2279 698 2312 scholae.
738 2279 916 2322 Cane'se'us,
948 2279 1110 2312 Tridena·
1128 2290 1265 2322 param
1284 2281 1392 2324 utilis,
1419 2283 1530 2314 coetm'
1555 2282 1603 2314 ad
1621 2281 1822 2325 „Indicenffl

53 2333 325 2376 reformandmn
343 2333 480 2375 delecto,
507 2333 770 2375 archiepiscopo
790 2333 975 2375 Ρναριηιεί,
1003 2332 1114 2365 Hosio
1137 2343 1278 2375 operam
1298 2338 1413 2366 navat.
1456 2334 1527 2376 Qui
1550 2339 1589 2368 ut
1610 2336 1826 2369 Germaniae

54 2388 281 2430 restituatur,
302 2398 372 2430 per
398 2386 618 2420 cardinalem
643 2387 892 2430 Aayastanmn
922 2386 1120 2418 curandam
1149 2390 1206 2419 est.
1258 2387 1372 2420 Dacis
1396 2387 1577 2421 Barariae
1601 2389 1726 2432 leyati,
1754 2401 1823 2433 qna

54 2441 131 2473 dux
154 2440 227 2473 vult
252 2442 403 2483 ratione,
430 2451 450 2473 a
478 2440 628 2473 concilio
653 2440 795 2472 admitti
820 2449 888 2472 non
914 2443 1071 2481 possunt.
1112 2438 1150 2472 P.
1175 2439 1397 2473 Czwillonius
1423 2445 1452 2473 et
1478 2451 1624 2484 corpore
1650 2446 1680 2475 et
1705 2445 1825 2476 «naimo

55 2493 232 2535 infirmus.
283 2494 579 2537 Archieplscopus
602 2493 828 2536 manatensis
855 2492 970 2525 Sociis
995 2493 1149 2525 maa-ime
1172 2493 1276 2535 favet.

924 2573 952 2625 ΔΓ

305 2656 400 2698 Pax
432 2655 590 2710 Christj
624 2654 847 2696 nobiscum
879 2654 1110 2696 admodum
1142 2655 1397 2698 Reuerende
1429 2657 1573 2700 Pater.

175 2738 398 2780 Hactenus
422 2752 502 2791 ego
527 2737 698 2791 quidem
721 2736 792 2778 diu
814 2750 871 2778 eX
892 2737 999 2778 vrbe
1021 2737 1125 2779 nihil
1148 2738 1307 2792 accepi,
1339 2739 1416 2780 sed
1438 2753 1491 2781 ne
1514 2753 1569 2781 ex
1593 2739 1825 2783 Germania

57 2803 241 2857 quidem.
304 2803 515 2845 Miramur
555 2803 740 2844 nondun]
785 2801 939 2844 adesse
971 2803 1022 2844 D.
1058 2803 1401 2854 Salmerone1n²‚
1446 2818 1571 2857 quem
1613 2804 1657 2846 in
1695 2805 1825 2848 horas

56 2869 250 2922 singulas
282 2871 564 2923 expectamus
599 2902 606 2910 .
642 2867 770 2909 Cuius
802 2867 1015 2909 aduentus
1047 2867 1207 2918 multis,
1246 2868 1475 2923 presertim
1507 2869 1728 2924 Hispanis.
1761 2870 1826 2913 id-

175 2996 189 3011 ³
216 2990 444 3024 Sameronem
471 2991 600 3024 archet.

58 3102 129 3143 ille,
157 3114 260 3146 quem
289 3113 321 3137 a.
350 3102 442 3136 1554
468 3100 688 3135 cathedralis
723 3099 896 3134 ecclesiae.
923 3099 1151 3135 hildesiensis
1187 3100 1396 3135 canonicum
1434 3101 1548 3135 fuisse
1575 3113 1620 3136 ex
1649 3102 1827 3148 Oldecopii

60 3155 233 3190 Chronico
262 3156 300 3199 (l.
328 3167 357 3189 o.
385 3167 417 3200 p.
446 3154 530 3197 376)
560 3153 792 3196 intellegitur.
