2093 3444
538 183 706 226 Augusta
733 182 1001 216 Vindelicorum
1032 181 1086 215 11.
1113 179 1280 214 Octobris
1309 179 1410 214 1561.
1777 181 1858 222 251

83 300 268 355 respetti
311 335 319 343 .
362 300 422 342 Le
468 299 728 341 confessioni
773 302 817 342 et
862 299 1180 342 conuersationi
1226 299 1267 340 di
1310 298 1500 352 huominj
1546 301 1590 340 et
1635 298 1675 339 di
1721 299 1862 340 donne

84 367 112 408 l’
137 379 358 420 occupano
393 365 465 418 qui
497 367 614 407 tutto
650 399 658 406 .
692 365 736 407 ι11
769 365 951 418 Signore
983 364 1012 406 li
1046 364 1116 406 dia
1149 365 1291 406 3111100
1335 366 1379 406 01
1411 363 1528 405 forze
1562 378 1588 405 a
1619 363 1734 405 tanti
1767 377 1861 405 car-

82 431 202 474 richi.
267 430 436 473 Partito
469 430 500 472 il
532 430 578 473 P.
614 430 814 472 Hurtado
847 444 986 472 venne
1029 429 1087 471 lui
1129 430 1183 471 ad
1216 428 1492 483 Jngolstadio
1534 443 1610 483 per
1648 429 1859 482 recrearsj

84 498 154 539 nel
186 496 339 551 spirito
374 499 417 539 et
449 496 519 537 nel
553 509 682 550 corpo
716 499 761 538 et
791 495 861 550 poi
903 497 1085 537 10111313
1118 494 1191 536 3111
1232 494 1348 536 soliti
1380 494 1569 547 trauagli
1607 529 1614 536 .
1649 494 1711 535 La
1744 494 1794 537 R.
1828 498 1859 536 t.

84 562 193 605 vede
226 562 269 604 la
302 561 520 604 necessita
553 560 595 603 di
626 561 756 603 buoni
789 564 833 603 et
865 560 1097 602 sufficienti
1131 559 1384 610 coadiutori,
1417 560 1461 601 in
1495 559 1709 614 capitibus
1742 562 1786 602 et
1818 559 1861 600 in

83 627 302 672 membris.
371 627 450 668 Ta]
493 640 694 668 soccorso
737 626 874 668 anche
915 639 1070 667 manca
1111 625 1185 667 alli
1226 625 1397 667 Rettori
1438 627 1563 667 tanto
1606 625 1718 666 nelle
1762 638 1861 666 cose

84 692 301 747 spirituali
343 694 386 734 et
429 691 469 733 di
511 692 774 734 letteratura
816 705 936 733 come
977 691 1090 732 nelle
1132 690 1375 744 temporali.
1439 690 1483 732 Jl
1516 690 1696 744 Signore
1728 690 1756 731 li
1791 690 1862 731 dia

83 758 126 800 13
170 772 250 800 sua
295 757 457 800 Sancta
500 756 801 798 benedictione
850 759 893 798 et
938 755 1199 810 spiritum
1247 755 1555 809 duplicem1
1603 755 1714 798 sicut
1758 755 1862 798 fecit

84 823 282 874 Heliseo,
336 826 380 865 et
430 822 633 864 massime
680 836 706 864 a
756 822 898 875 quello
950 821 991 863 di
1035 821 1204 863 Vienna
1245 821 1275 862 il
1326 821 1453 874 quale
1498 821 1694 863 hauendo
1737 823 1861 863 tante

83 888 290 942 fameglie
323 902 348 930 a
380 889 626 942 gubernare
658 887 805 930 tienne
838 887 1124 941 pocchissime
1157 900 1341 940 persone
1373 886 1526 928 idonee
1559 901 1584 928 a
1613 889 1765 941 portar
1796 887 1861 928 in-

85 954 218 996 sieme
252 968 331 996 000
363 953 424 995 lui
464 956 591 1008 parte
634 952 675 994 di
714 955 838 995 tanto
880 966 1007 1006 peso,
1052 966 1171 994 come
1212 951 1357 993 fecero
1400 951 1531 1005 quelli
1563 951 1784 994 vecchioni
1819 955 1862 994 et

85 1019 202 1074 Sauij
236 1020 307 1061 nel
340 1019 549 1072 regimine
582 1018 621 1060 di
656 1018 778 1060 Mose
810 1032 887 1072 per
920 1017 1138 1071 conseglio
1173 1017 1214 1058 di
1247 1017 1400 1060 Jethro
1417 1018 1446 1059 2.
1511 1017 1651 1060 Tante
1684 1031 1785 1059 cure
1818 1020 1862 1060 et

83 1085 277 1138 trauagli
312 1084 380 1127 nel
411 1084 626 1126 fabricare
659 1083 882 1133 esteriore,
916 1086 960 1125 et
992 1082 1198 1125 interiore
1229 1082 1273 1124 in
1306 1085 1429 1125 tante
1462 1083 1595 1124 case3
1629 1083 1715 1125 mal
1748 1083 1767 1124 f
1776 1097 1799 1125 0
1811 1098 1861 1124 11-

86 1150 214 1192 date
247 1164 413 1204 sopra
445 1150 506 1191 de
539 1149 592 1191 la
623 1150 747 1190 firma
776 1148 1010 1203 pietra4‚
1046 1148 1141 1190 anzi
1163 1147 1234 1202 piu
1257 1151 1373 1191 tosto
1398 1148 1608 1190 collocate
1632 1148 1860 1202 (parlando

84 1215 139 1258 da
160 1230 246 1257 non
268 1214 438 1270 pocchi)
461 1215 544 1256 nel'
569 1228 703 1256 arena
727 1214 840 1256 della
863 1213 1015 1255 vanita
1037 1213 1282 1255 mondana5
1305 1215 1490 1267 portano
1514 1227 1613 1254 seco
1638 1213 1860 1255 afflittioni

85 1280 300 1335 corporali
334 1283 378 1323 et
410 1279 627 1334 spirituali
669 1280 711 1322 31
744 1293 851 1334 capo
895 1282 939 1321 et
971 1278 1206 1333 superiore.
1272 1277 1397 1320 Oltra
1439 1278 1479 1319 di
1521 1281 1673 1331 questo
1708 1278 1738 1319 il
1770 1278 1861 1320 zelo

84 1347 266 1389 ardente
299 1345 341 1388 di
374 1345 568 1389 stabilire
601 1345 642 1387 10
675 1359 773 1387 cose
807 1347 970 1398 quanto
1003 1344 1077 1386 3111
1110 1343 1311 1398 prouenti
1344 1346 1388 1386 01
1423 1343 1589 1386 1011313
1622 1347 1666 1386 01
1699 1346 1861 1397 quanto

85 1412 140 1454 al'
164 1414 430 1466 augumento
464 1412 533 1454 del
564 1425 743 1453 numero
778 1410 889 1452 delle
912 1424 1108 1464 persone,
1144 1412 1188 1452 01
1220 1408 1321 1451 alt-ri
1353 1408 1491 1450 lauori
1519 1411 1563 1451 01
1594 1409 1727 1451 stenti
1761 1423 1861 1451 000-

84 1477 212 1520 formi
244 1478 286 1519 31
317 1477 444 1519 modo
479 1477 521 1518 di
553 1476 789 1531 procedere
820 1476 933 1517 della
958 1474 1215 1530 compagnia
1249 1474 1289 1516 di
1314 1474 1444 1516 Giesu
1479 1510 1486 1517 .
1520 1475 1705 1516 bastano
1739 1474 1863 1528 quasi

84 1557 163 1598 per
194 1543 288 1585 fare
320 1542 660 1585 succumbereo
693 1543 867 1595 gettare
899 1555 977 1595 per
999 1543 1119 1583 terra
1150 1541 1193 1582 13
1216 1553 1415 1593 persona,
1449 1539 1479 1580 11
1513 1540 1590 1581 che
1613 1539 1862 1581 facilmente

86 1608 379 1651 accaderebbe
412 1607 493 1650 nisi
526 1607 790 1650 Dominus
823 1608 1168 1661 supponeret
1200 1619 1410 1647 manum
1444 1619 1591 1647 suam
1611 1605 1638 1646 6.
1701 1604 1863 1654 Questa

86 1674 314 1717 excessiua
359 1673 644 1728 occupatione
689 1672 924 1715 secundum
968 1671 1257 1714 intensionem
1303 1673 1347 1713 et
1392 1670 1692 1713 extensionem
1737 1684 1867 1712 senza

88 1818 264 1854 sessiones
291 1821 327 1853 et
352 1818 512 1853 virorum
547 1820 584 1853 et
608 1818 824 1852 feminarum
852 1817 1063 1862 excipiendo
1091 1819 1198 1861 atque
1226 1816 1331 1850 etiam
1361 1817 1465 1850 extra
1493 1815 1735 1850 confessiones
1762 1827 1868 1850 aures

87 1872 132 1907 iis
158 1873 361 1918 praebendo
388 1874 595 1918 occupatur.
636 1871 701 1906 Cui
725 1872 889 1906 dominus
916 1871 960 1905 ad
986 1873 1040 1905 tot
1066 1870 1186 1905 officia
1211 1869 1496 1904 administranda
1523 1869 1679 1903 animum
1699 1869 1867 1913 viresque

87 1926 235 1961 tribuat.
286 1927 368 1972 Ipse
404 1927 443 1961 P.
471 1926 635 1960 Hurtado
674 1925 758 1960 hinc
792 1926 954 1971 profecto
989 1924 1268 1969 ingolstadium,
1307 1924 1368 1957 ubi
1404 1925 1440 1957 et
1474 1923 1632 1956 animum
1668 1926 1703 1957 et
1739 1934 1868 1968 corpus

88 1980 272 2022 reficeret,
308 1980 427 2021 venit3
463 1982 590 2025 postea
626 1979 670 2014 ad
696 1979 839 2014 labores
870 1978 1042 2024 pristinos
1076 1980 1289 2012 revertetur.
1342 1976 1451 2011 Videt
1485 1976 1596 2019 igitur
1621 1977 1662 2010 R.
1690 1976 1749 2017 T„
1785 1977 1867 2011 boni

87 2033 278 2079 idoneique
297 2033 479 2068 adiutores
499 2045 607 2078 quam
625 2032 818 2067 necessarii
847 2035 883 2067 et
901 2032 1081 2077 capitibus
1105 2033 1141 2065 01
1158 2031 1328 2065 membris
1346 2030 1429 2064 sint.
1468 2029 1675 2064 Cuiusmodi
1693 2029 1868 2064 auxilium

89 2087 197 2122 etiam
232 2087 433 2122 rectoribus
466 2088 542 2121 tam
582 2087 617 2120 in
653 2086 760 2121 rebus
795 2086 941 2131 pietatis
977 2087 1012 2120 et
1047 2085 1249 2119 litterarum
1295 2095 1402 2128 quam
1442 2083 1478 2117 in
1515 2083 1721 2117 domesticis
1756 2084 1868 2118 deest.

88 2140 263 2176 Dominus
299 2143 462 2175 sanctam
498 2151 600 2174 suam
628 2139 910 2174 benedictionem
948 2142 984 2173 et
1017 2139 1245 2184 spiritum
1283 2137 1554 2182 duplicem¹,
1591 2148 1697 2181 quem
1726 2136 1866 2171 Elisaeo

90 2195 208 2237 dedit,
243 2194 289 2229 iis
315 2195 454 2229 tribuat
480 2196 515 2228 et
541 2194 699 2228 maxime
725 2193 855 2228 rectori
883 2192 1160 2234 vindobonensi,
1198 2193 1274 2233 cui,
1314 2203 1393 2225 cum
1420 2193 1474 2225 tot
1500 2190 1660 2224 familiae
1687 2191 1867 2234 regendae

89 2248 181 2290 sint,
218 2248 427 2294 paucissimi
453 2250 598 2293 praesto
624 2250 728 2289 sunt,
765 2247 824 2291 qui
851 2249 991 2292 partem
1017 2246 1111 2280 tanti
1138 2246 1256 2280 oneris
1282 2257 1353 2279 una
1380 2256 1462 2278 cum
1493 2244 1570 2289 ipso
1597 2244 1691 2277 ferre
1717 2244 1867 2288 possint,

89 2302 184 2337 sicut
209 2302 330 2337 Iethro
356 2302 532 2336 suadente
558 2313 664 2336 senes
689 2301 742 2335 illi
769 2303 805 2335 et
830 2301 1014 2346 sapientes
1041 2300 1189 2343 regendi
1216 2310 1304 2333 onus
1330 2310 1412 2332 cum
1435 2298 1535 2332 Mose
1561 2297 1724 2332 tulerunt
1735 2297 1758 2332 2.
1797 2297 1866 2331 Ubi

90 2358 211 2390 autem
229 2357 332 2390 tanta
359 2367 445 2390 cura
462 2356 589 2399 totque
606 2355 749 2389 labores
768 2354 939 2389 aedificiis
958 2356 1035 2388 tum
1054 2353 1299 2398 corporalibus
1316 2354 1393 2386 tum
1412 2351 1661 2397 spiritualibus
1688 2351 1874 2394 erigendisv

89 2410 347 2455 impenduntur
381 2409 417 2444 in
451 2411 507 2443 tot
532 2409 722 2443 domibus³
755 2408 850 2443 male
885 2419 1030 2453 supra
1065 2408 1205 2441 firmam
1241 2408 1425 2452 petram
1461 2405 1723 2446 fundatis&
1760 2405 1867 2439 immo

89 2464 210 2509 potius
249 2463 305 2507 (ut
329 2463 425 2497 haud
451 2474 647 2508 paucorum
681 2462 824 2497 nomine
859 2461 1001 2506 loquar)
1040 2461 1076 2495 in
1101 2463 1266 2495 terrenae
1293 2459 1467 2494 vanitatis
1502 2470 1611 2493 arena
1646 2458 1832 2493 collocatis
1845 2460 1868 2499 ⁵,

90 2517 169 2551 fieri
195 2528 264 2551 non
290 2518 430 2562 potest,
467 2515 553 2560 quin
581 2515 677 2558 eius,
714 2516 775 2560 qui
803 2517 911 2561 caput
937 2517 973 2549 et
999 2514 1162 2560 superior
1189 2516 1263 2555 est,
1299 2515 1335 2547 et
1361 2524 1491 2558 corpus
1527 2514 1563 2546 et
1589 2511 1730 2546 animus
1757 2512 1868 2547 variis

90 2570 206 2605 modis
231 2570 463 2605 afflictentur.
514 2569 709 2604 Praeterea
735 2581 855 2603 rerum
881 2569 917 2603 in
942 2569 997 2610 iis,
1025 2579 1116 2612 quae
1143 2568 1187 2602 ad
1213 2569 1410 2612 proventus
1435 2566 1662 2610 reditumque
1688 2568 1797 2610 atque
1824 2566 1868 2600 ad

90 2635 279 2658 numerum
306 2623 490 2658 hominum
521 2623 726 2667 augendum
758 2624 944 2667 spectant,
979 2621 1277 2656 stabiliendarum
1304 2620 1434 2655 ardens
1469 2619 1627 2654 studium
1662 2621 1770 2663 atque
1808 2619 1868 2653 alii

91 2677 233 2712 labores
271 2679 308 2711 et
341 2677 488 2720 negotia
522 2675 653 2720 agendi
690 2676 841 2718 rationi,
879 2687 987 2720 quarn
1023 2675 1184 2709 Societas
1219 2675 1301 2708 Iesu
1339 2673 1522 2718 sequitur,
1562 2672 1758 2706 conformia
1793 2672 1867 2706 fere

92 2731 280 2765 sufficiunt
314 2730 360 2764 ad
385 2729 567 2764 hominem
602 2729 874 2775 opprimendum
900 2728 959 2763 vel
994 2728 1313 2773 prosternendum;
1348 2727 1384 2760 id
1411 2726 1503 2771 quod
1534 2726 1643 2760 facile
1678 2725 1868 2767 accideret,

92 2784 161 2818 nisi
188 2783 404 2819 dominus
440 2785 738 2828 supponeret
771 2794 953 2817 manum
986 2782 1151 2816 suam⁶.
1203 2781 1307 2815 Certe
1335 2792 1379 2814 ex
1407 2779 1700 2824 occupationibus
1726 2778 1806 2813 istis
1833 2780 1869 2813 et

91 2838 236 2872 modum
272 2839 306 2871 et
341 2848 529 2871 numerum
564 2836 823 2871 excedentibus
859 2835 1018 2881 corporis
1052 2834 1282 2869 imbecillitas
1317 2834 1388 2868 ista
1420 2835 1457 2867 et
1482 2832 1605 2867 variae
1640 2832 1868 2867 infirmitates

220 2968 229 2987 ¹
254 2966 278 3000 4
304 2965 393 3009 Reg.
420 2965 452 3008 2,
481 2965 514 3000 9.

213 3020 227 3041 ²
253 3019 307 3054 Cf.
334 3019 400 3053 Ex.
431 3018 484 3061 18,
513 3018 662 3053 13-27,
713 3018 817 3052 Num.
849 3018 901 3058 11,
930 3017 984 3051 16.
1015 3017 1067 3050 17.
1096 3016 1151 3050 24.
1179 3016 1234 3050 25.
1286 3014 1393 3048 Deut.
1423 3014 1452 3055 l,
1481 3012 1619 3048 10—18
1646 3014 1713 3046 etc.

214 3074 226 3094 ³
252 3072 447 3115 Sociorum,
473 3072 707 3113 noviciorum,
734 3071 976 3106 studiosorum
996 3081 1205 3115 pauperum,
1233 3067 1490 3109 convictorum,
1518 3066 1866 3107 semiconvictorum‚

93 3126 286 3167 nobilium;
313 3126 396 3160 vide
422 3137 532 3170 supra
557 3137 592 3170 p.
619 3124 820 3159 247—248.

214 3181 227 3200 4
253 3178 383 3213 Matth.
411 3178 441 3220 7,
469 3179 524 3212 25.
576 3178 661 3212 Luc.
690 3178 721 3218 6,
748 3177 805 3211 48.
904 3177 917 3196 ⁵
947 3175 1001 3209 Cf.
1028 3174 1157 3209 Matth.
1187 3174 1219 3216 7,
1245 3173 1397 3208 24—27.
1506 3173 1519 3193 ⁶
1545 3172 1605 3208 Ps.
1633 3173 1688 3213 36,
1716 3173 1770 3206 24.
