2093 3444
213 191 293 226 560.
329 191 481 226 Ioannes
507 191 549 225 de
577 191 733 225 Polanco
761 190 916 225 Canisio.
955 191 1068 225 Roma
1095 191 1152 224 24.
1178 190 1265 224 Maii
1294 192 1381 225 1561
1414 191 1483 236 (ep.
1511 192 1655 236 prima).
1743 195 1823 236 149

46 309 236 351 mittitur
267 323 364 351 cum
397 309 501 351 Doc.
534 309 763 351 Lamberto
782 311 809 360 1,
845 323 972 362 quem
1005 323 1085 362 ego
1118 308 1368 350 maluissem
1401 309 1523 350 nobis
1556 309 1742 359 restitui,
1777 312 1825 352 vt

47 376 178 417 antea
212 374 496 417 constitutum
530 376 638 416 erat.
703 374 842 416 Recte
874 374 997 416 uobis
1031 376 1075 416 et
1106 374 1230 416 nobis
1263 374 1425 416 amicos
1464 374 1631 428 paratis
1664 374 1825 416 Franc-

46 439 236 490 fordiae,
270 439 342 481 ubi
376 442 444 482 est
476 453 635 493 operae
667 439 855 493 pretium
889 442 1016 482 notos
1050 441 1093 481 et
1125 440 1234 481 fidos
1268 439 1429 481 habere
1445 440 1474 482 2.
1538 440 1607 481 Ex
1640 440 1824 492 Mogun-

46 504 138 547 tino
172 504 353 558 collegio
386 518 492 546 sane
525 504 579 546 ad
610 504 972 546 Francfordiense
1005 504 1147 547 facilis
1180 504 1262 547 erit
1294 504 1520 547 transitus.
1566 505 1823 558 Moguntino

47 573 194 613 autem
228 570 417 624 praesuli
451 569 610 612 vellem
643 584 724 623 ego
767 584 1040 624 summopere
1074 570 1180 612 duos
1224 570 1315 612 dari
1350 569 1531 611 eximios
1565 570 1823 623 Theologos‚

47 637 235 678 alterum
277 634 653 686 Contionatorem‚
697 635 884 677 alterum
924 650 1010 677 non
1053 635 1227 678 doctum
1270 635 1418 686 modo,
1462 635 1539 677 sed
1580 635 1711 678 etiam
1755 649 1825 677 sa-

46 701 251 756 pientem,
286 701 457 754 quoties
490 715 598 755 opus
631 703 761 751 esset,
796 701 1112 743 admonitorem
1136 704 1268 754 atque
1296 701 1599 744 consultorem.
1645 701 1825 743 Vtrum-

47 781 131 821 que
164 765 258 809 dari
298 766 456 808 uellem
489 780 515 808 a
547 766 803 820 Praeposito
836 767 1038 817 nostro3‚
1082 766 1163 808 nisi
1197 767 1310 819 quod
1343 767 1508 808 Romae
1546 767 1711 808 nullum
1744 780 1823 820 ego

46 846 159 875 nunc
191 831 364 874 videam
399 831 662 874 Germanum
705 831 1064 874 contionatorem.
1129 831 1213 874 Sed
1255 832 1397 874 aderit
1438 831 1635 874 dominus
1668 832 1711 873 in
1743 832 1825 874 hac

46 897 333 948 necessitate,
378 897 449 951 qui
481 911 559 939 nos
592 897 807 951 gubernet
840 911 890 939 ac
922 899 1101 939 tueatur
1132 897 1174 938 in
1208 911 1330 939 suam
1368 897 1564 951 gloriam.
1630 898 1825 940 Salutem

47 976 104 1006 ex
135 977 203 1005 me
236 962 615 1005 Reuerendissimo
646 962 830 1004 Domino
848 963 876 1013 4,
912 962 979 1004 cui
1011 977 1149 1017 nuper
1181 962 1333 1016 scripsi
1367 977 1443 1017 per
1466 963 1512 1006 P.
1538 962 1779 1006 Sittardum
1795 964 1823 1006 5.

48 1029 156 1072 Oret
178 1043 255 1083 pro
278 1043 346 1070 me
368 1028 419 1071 R.
445 1028 492 1071 T.
519 1028 750 1078 dominum,
779 1030 823 1071 et
845 1028 1009 1071 salutet
1032 1028 1077 1070 P.
1103 1028 1316 1070 judocum
1339 1031 1551 1071 amanter.
1595 1028 1825 1082 Augustae

48 1096 103 1136 22
137 1094 241 1149 Maij
277 1095 419 1137 .1561.
1000 1094 1160 1136 Seruus
1192 1093 1237 1135 in
1269 1093 1438 1136 Christo
1472 1094 1518 1137 P.
1553 1093 1762 1136 Canisius.

166 1177 422 1219 Reuerendo
467 1176 588 1219 Patri
633 1176 689 1219 M.
733 1176 892 1219 Joanni
936 1176 1094 1218 Rhetio
1140 1177 1361 1230 Theologo
1407 1177 1631 1220 societatis
1676 1176 1822 1227 OESV,

47 1243 163 1297 apud
195 1242 621 1285 Reuerendissimum
661 1245 706 1284 et
737 1242 1091 1285 Jllustrissimum
1133 1243 1185 1285 D.
1221 1242 1606 1298 Archiepiscopum
1640 1243 1825 1296 Mogun-

47 1308 186 1352 tinum
220 1311 303 1352 etc.
365 1308 620 1363 Moguntiae
653 1308 723 1350 uel
755 1308 1155 1362 Asschaffenburgi.

167 1384 397 1430 Inscriptioni
422 1383 530 1422 huius
566 1383 744 1429 epistulae
772 1383 924 1417 Rethius
960 1395 1025 1417 sua
1060 1395 1169 1417 manu
1204 1383 1412 1418 adnotavit:
1454 1384 1591 1429 „recepi
1617 1383 1673 1418 29.
1700 1382 1821 1428 Maij.“

871 1501 1001 1543 560.

464 1594 527 1636 Ρ.
559 1593 881 1637 IOANNES
914 1593 1014 1635 DE
1047 1593 1409 1647 POLANCO,

661 1675 879 1710 secretarius
907 1675 1098 1709 Societat-is
1124 1676 1216 1717 iesu,

395 1754 566 1797 nomine
598 1753 744 1797 Iacobi
777 1753 930 1804 Lainii‚
964 1754 1205 1808 praepositi
1237 1754 1468 1808 generalis,

799 1848 1072 1896 CANISIO.

725 1950 837 1987 Roma
864 1950 921 1986 24.
948 1950 1032 1986 Maii
1058 1950 1144 1987 1561.

635 2034 960 2089 (Epistula
1008 2034 1239 2089 prima.)

168 2130 223 2164 Ex
249 2128 456 2175 apographo
483 2129 644 2163 eiusdem
669 2129 861 2173 temporis;
898 2128 1066 2162 librarius
1092 2128 1128 2162 in
1154 2128 1317 2172 margine
1344 2129 1550 2163 adnotavit:
1590 2128 1823 2173 „Alemagna

46 2184 165 2218 Padre
193 2183 390 2218 Canissio“.
443 2182 526 2217 Cod.
558 2181 698 2225 „Germ.
728 2183 837 2216 1561“
869 2182 893 2216 f.
924 2183 952 2215 1.

172 2261 361 2304 Colleyium
388 2260 652 2294 vindobonense.
704 2261 883 2293 Victoriae
909 2260 950 2293 ob
976 2264 1156 2303 erratum,
1192 2261 1228 2292 in
1251 2261 1475 2303 professione
1501 2261 1733 2303 commissam,
1769 2271 1824 2293 re-

43 2314 234 2358 prehensio
269 2318 299 2348 et
328 2325 451 2357 paena
485 2315 593 2347 missa
624 2318 706 2346 sunt
738 2325 809 2356 per
843 2314 996 2357 litteras,
1032 2314 1072 2346 in
1108 2313 1262 2355 collcyiis
1284 2314 1577 2357 pronmlyandas.
1633 2313 1822 2356 Collegium

41 2379 230 2411 prayense.
285 2367 424 2401 Canisii
450 2369 589 2401 litterae
614 2368 662 2399 ad
688 2367 793 2400 Pium
820 2368 885 2400 IV.
913 2367 1028 2400 (latae.
1070 2364 1414 2409 ‚,chdrtmestres“.
1466 2367 1564 2400 Socii
1589 2378 1821 2400 monacenses.

47 2422 250 2456 Facultates
284 2422 332 2455 ad
369 2420 569 2466 „Indicem“
605 2425 807 2464 spectantes.
863 2421 1012 2454 Gradus
1045 2421 1248 2454 academici.
1310 2421 1499 2454 Sociorum
1535 2421 1672 2454 labores
1707 2421 1821 2454 nimii.

48 2476 140 2509 Novi
166 2476 272 2509 Socii.
323 2475 363 2509 P.
392 2476 493 2509 Alter
529 2475 826 2509 Commendonum
859 2475 1027 2507 munium
1063 2475 1257 2507 comitatus.
1312 2474 1500 2518 Collcyinm
1537 2475 1822 2518 ingyolstadiense.

51 2529 249 2563 Concilium
276 2529 488 2572 ephesinum.
545 2529 779 2562 Consultores.
825 2528 1037 2571 Cyprianus.

172 2652 181 2671 ¹
207 2650 305 2685 Auer
331 2650 365 2686 S.
392 2651 424 2685 J.
477 2649 731 2685 Commendoni
770 2649 904 2693 legatio
942 2649 998 2693 (ut
1025 2651 1207 2684 Antonius
1232 2651 1358 2684 IlIaria
1389 2651 1612 2694 Gratianus,
1649 2648 1708 2693 qui
1745 2648 1823 2682 eius

47 2705 134 2738 tunc
161 2716 279 2739 comes
306 2706 384 2739 erat
409 2715 452 2739 ac
478 2704 706 2744 secretarius,
733 2702 875 2747 scribit)
905 2714 925 2737 a
948 2703 1130 2737 Friderico
1157 2703 1201 2738 ΙΙ.
1228 2703 1366 2738 Daniae
1392 2714 1478 2746 rege
1509 2701 1662 2745 „rustice
1689 2701 1822 2736 reiecta

49 2758 122 2792 θεῖ’*
157 2757 214 2801 (Α.
241 2757 289 2791 Μ.
310 2757 492 2801 Gratiani.
539 2757 591 2792 De
617 2757 764 2802 scriptis
790 2756 907 2790 invita
931 2756 1098 2790 Minerva
1124 2756 1206 2791 libri
1231 2756 1310 2791 XX.
1339 2757 1392 2791 ed.
1421 2757 1464 2791 ab
1491 2757 1595 2790 Hier.
1622 2756 1823 2798 Layomar-

47 2813 126 2845 sino
153 2810 186 2845 S.
214 2811 246 2845 J.
277 2811 308 2845 [Ι
334 2810 551 2855 [Florentiae
582 2809 696 2854 1746],
724 2809 892 2854 70—71).

170 2864 184 2885 ²
208 2863 361 2899 Rethius
395 2864 625 2899 Francofurti
659 2864 704 2897 ad
730 2863 899 2897 Moenum
935 2862 1056 2897 fuerat
1091 2865 1127 2897 et
1152 2875 1198 2897 m.
1225 2863 1421 2897 Novembri
1450 2862 1541 2897 1560
1578 2873 1658 2896 cum
1684 2861 1822 2895 Mercu-

49 2917 196 2952 curiano
221 2917 427 2965 praeposito
453 2916 667 2962 provinciali
693 2919 727 2951 et
754 2928 800 2951 m.
821 2916 935 2961 Aprili
968 2916 1057 2951 1561
1086 2928 1168 2951 cum
1194 2916 1367 2951 Zacharia
1385 2915 1562 2961 Delphino
1588 2915 1733 2954 nuntio3
1761 2914 1821 2958 qui

48 2971 181 3005 missos
207 2982 227 3004 a
253 2973 394 3013 senatu,
421 2971 566 3012 clerum,
594 2981 716 3004 omnes
742 2969 1001 3004 humanissime
1028 2971 1232 3014 exceperat.
1284 2969 1335 3004 De
1363 2969 1513 3013 collegio
1540 2967 1731 3003 Societatis
1757 2966 1821 3001 ibi—

49 3024 130 3058 dem
155 3023 355 3058 incohando
382 3036 463 3058 cum
489 3023 715 3058 Mercuriano
748 3025 899 3067 egerant
924 3023 1076 3057 Iacobus
1103 3022 1243 3057 sutoris
1269 3025 1306 3057 et
1330 3022 1510 3056 Henricus
1536 3021 1739 3064 Phlegerus
1765 3031 1820 3055 ca-

48 3077 166 3111 nonici
184 3077 494 3112 francofurtenses
513 3076 678 3121 (Hansen
695 3076 718 3111 l.
738 3088 767 3111 c.
786 3088 820 3121 p.
839 3076 1038 3111 373—374.
1059 3075 1138 3110 389.
1159 3077 1239 3111 390.
1275 3077 1462 3110 Steinlzerz
1478 3075 1500 3110 1.
1521 3087 1550 3109 c.
1569 3086 1602 3120 p.
1622 3074 1702 3108 351.
1722 3073 1822 3118 352).

169 3131 183 3151 ³
208 3130 342 3165 Lainio.
487 3131 500 3150 4
527 3129 667 3164 Danieli
692 3129 858 3164 Brendel.

171 3184 184 3203 ⁵
209 3183 385 3218 Mathiani
412 3183 637 3229 Gythardum
664 3183 705 3217 O.
732 3182 811 3223 Pr.;
840 3183 885 3217 cf.
912 3194 1022 3227 supra
1047 3194 1081 3228 p.
1111 3182 1204 3217 142⁶.
