2093 3444
249 183 330 225 754
623 178 780 212 Monuni,
810 176 1035 220 (tridentina)
1064 176 1144 210 373.
1173 175 1243 219 (18.
1272 176 1492 221 Septembris
1520 175 1638 219 1562.)

252 296 386 337 „Schon
416 295 506 329 1:362
532 296 668 327 inusste
696 293 839 337 Laynez
875 293 939 327 auf
971 293 1088 326 seiner
1113 292 1219 326 Reise
1253 292 1345 326 nach
1372 292 1496 326 Trient
1523 292 1579 336 [zu
1606 292 1813 336 Augsburg]
1848 293 1926 327 dem
1954 293 2011 327 ab-

248 349 435 383 wesenden
473 347 638 381 Canisius
677 346 788 380 durch
827 346 1054 390 personliche
1093 345 1397 389 Verhandlungen
1432 346 1748 388 gewissermassen
1786 346 1852 380 den
1892 346 2012 380 Boden

246 401 561 436 zurstokerobernf
616 400 661 434 Et
698 399 804 444 paulo
840 400 951 433 infra:
993 399 1093 440 „Wir
1128 398 1316 433 entsinnen
1354 410 1441 441 uns,
1477 399 1559 433 dass
1592 399 1629 444 ja
1661 399 1825 433 Canisius
1860 399 1939 433 dort
1973 411 2012 434 so

245 455 405 489 schwere
424 453 606 487 Konflikte
624 453 986 487 hei-aufbeschworen
1005 452 1116 491 hatte,
1143 452 1227 486 dass
1246 452 1388 496 Laynez
1407 453 1608 497 personlich
1627 452 1823 496 eingreifen
1851 454 2007 487 musste“

249 509 393 551 (Petrus
421 507 587 542 Canisius
613 519 645 551 p.
674 506 728 540 98.
759 505 853 548 109).
895 506 934 539 ld
962 505 1053 549 quod
1080 505 1205 539 Drews
1234 505 1272 547 (l.
1300 517 1328 539 c.
1356 517 1387 550 p.
1416 506 1472 540 98.
1501 506 1620 549 15436)
1649 518 1693 539 ex
1721 505 1854 540 Canisii
1880 505 2013 540 litteris

245 562 443 606 Oeniponte
469 562 499 594 3.
522 560 675 603 Augusti
705 560 794 594 1562
822 560 865 593 ad
893 559 1043 593 Hosium
1070 559 1163 593 datis
1192 558 1315 603 (supra
1340 571 1374 603 p.
1393 559 1472 599 474,
1501 562 1536 593 et
1562 559 1654 603 apud
1682 560 1904 602 Cyprianmn
1930 559 1953 593 1.
1980 571 2009 593 c.

245 628 277 660 p.
306 613 508 657 240—241)
537 614 682 658 probat:
718 613 777 647 ubi
805 612 971 646 Canisius
997 613 1040 646 de
1067 612 1174 646 rebus
1200 612 1414 655 augustanis
1440 612 1547 653 haec,
1579 624 1694 656 neque
1720 612 1841 657 plura,
1868 612 2012 647 scribit:

249 669 375 710 „Breui
401 669 604 711 Augustam
640 666 820 700 rediturus
856 666 987 700 uideor.
1039 665 1130 699 Nam
1166 677 1247 699 cum
1282 667 1379 699 esset
1404 666 1592 709 Augustae
1619 666 1852 710 Praepositus
1880 668 2011 707 noster,

245 723 310 756 hoc
336 721 567 766 impetratum
593 720 717 761 audio,
753 722 793 753 ut
819 719 888 753 cito
915 719 1107 752 cathedrae
1133 718 1373 752 restituere1·.“
1428 718 1476 752 At
1510 717 1614 762 longe
1650 718 1755 752 aliter
1788 718 1875 752 haec
1902 718 2012 753 verba

245 774 512 819 interpretanda
538 785 627 813 esse,
654 773 779 807 Drews
806 785 850 806 ex
870 771 1013 806 Ottonis
1033 770 1258 805 Truchsessii
1277 770 1451 816 epistulis,
1480 783 1569 815 quas
1594 772 1697 805 modo
1723 772 1825 816 posui
1852 783 2012 816 quasque

245 840 264 862 a
290 827 558 872 Lagomarsinio
585 827 620 860 in
647 826 797 869 Pogiani
824 825 997 870 Epistolis
1022 825 1104 859 011111
1133 824 1323 868 evulgatas
1349 824 1425 868 ipse
1451 827 1602 859 noverat
1630 825 1770 868 (Drews
1787 825 1808 859 1.
1830 837 1858 859 c.
1877 837 1910 870 p.
1932 825 2010 860 154.

247 882 312 916 155
340 881 445 924 etc),
482 880 587 914 facile
622 880 832 923 intellegere
867 880 1044 923 potuerat.
1101 878 1272 911 Affirmat
1309 877 1401 911 enim
1438 878 1713 920 Truchsessius,
1753 889 1837 912 suas
1876 878 2013 920 „calere

245 947 349 969 aures
388 934 544 979 querelis
582 933 774 967 inultorum
816 931 1157 976 [Augustanorum],
1198 931 1315 976 ipsum
1355 930 1537 965 Canisium
1574 943 1682 976 prope
1720 932 1922 965 necessario
1960 943 2012 965 re·

244 988 470 1022 vocantiunff
510 989 619 1031 atque
663 986 833 1031 „opprimi
868 997 906 1020 se
941 985 1055 1019 literis
1094 987 1377 1027 augustanorum
1413 986 1592 1026 suorum“,
1635 985 1731 1026 „eius
1765 985 1918 1018 reditum
1953 996 2012 1019 ve-

243 1042 429 1075 hementer
455 1039 702 1084 urgentium“;
739 1041 774 1072 et
809 1038 1008 1083 perspicuis
1034 1037 1155 1071 verbis
1187 1039 1428 1081 „augustanos
1463 1038 1688 1072 sacerdotes“
1721 1050 1851 1082 magno
1879 1037 2012 1072 Canisii

244 1094 420 1129 desiderio
438 1093 551 1127 teneri
570 1092 702 1127 asserit
722 1092 846 1136 (supra
860 1104 893 1136 p.
910 1091 988 1126 735.
1007 1091 1085 1125 739.
1102 1090 1198 1134 753).
1239 1090 1337 1132 Quae
1357 1091 1492 1125 duobus
1511 1091 1618 1125 factis
1637 1091 1901 1133 confirmantur,
1921 1103 2011 1135 quae

244 1148 310 1182 sub
338 1148 474 1182 exitum
501 1146 660 1181 eiusdem
687 1145 769 1179 anni
800 1145 1025 1179 acciderunt:
1063 1144 1267 1189 Capitulum
1303 1144 1509 1178 cathedrale
1537 1144 1717 1178 Canisium
1744 1144 2011 1188 Landsbergam

246 1202 289 1236 ad
317 1201 591 1235 contionandum
618 1199 835 1244 expetitum,
864 1210 903 1232 eo
930 1199 980 1232 ire
1006 1210 1076 1231 non
1102 1197 1208 1238 sivit3
1243 1197 1337 1231 idem
1364 1198 1561 1242 capitulum
1592 1198 1707 1231 eidem
1733 1198 1879 1242 eiusque
1905 1198 2012 1232 sociis

245 1255 436 1300 ampliores
454 1254 560 1288 aedes
578 1252 759 1298 pr01nisit;
779 1264 812 1286 v.
832 1263 940 1296 supra
958 1263 991 1295 p.
1011 1251 1090 1286 690.
1110 1252 1189 1285 675.
1218 1250 1270 1285 Cf.
1292 1251 1399 1284 etiam
1417 1263 1525 1295 supra
1544 1263 1576 1295 p.
1597 1251 1675 1285 753.
1705 1250 1821 1293 Quare
1841 1251 2011 1285 facillime

244 1308 340 1342 credi
366 1309 536 1353 possunt,
573 1318 663 1350 quae
690 1306 888 1340 Saeehz'mts
923 1304 1052 1338 refert:
1093 1304 1204 1346 „Mira
1231 1304 1394 1338 Lainium
1420 1305 1713 1348 Augustanoruin
1746 1304 2011 1339 Catholicorum

244 1361 386 1406 excepit
411 1360 634 1404 benignitas:
671 1359 733 1393 sed
770 1358 925 1392 omnium
962 1370 1001 1392 eo
1037 1357 1288 1402 conspirauere
1321 1369 1466 1402 preces,
1502 1360 1543 1392 vt
1569 1357 1751 1391 Canisiuni
1784 1358 1873 1403 ipsis
1908 1369 2012 1392 suum

244 1415 357 1460 primo
384 1426 523 1458 quoque
549 1416 709 1458 tempore
728 1412 954 1446 restitueret:
983 1411 1142 1455 adeoque
1168 1411 1392 1451 contendere,
1418 1412 1458 1444 vt
1477 1412 1647 1454 cogerent
1663 1411 1825 1456 polliceri
1851 1411 2011 1456 protinus

244 1468 466 1503 redditurum
494 1495 500 1501 .
528 1467 653 1510 Itaque
680 1465 740 1499 vbi
767 1465 921 1510 primum
948 1464 1187 1509 Oenipontum
1215 1464 1398 1508 peruenit,
1431 1464 1542 1498 missa
1568 1465 1662 1498 omni
1689 1464 1758 1498 alia
1785 1476 1870 1499 cura
1895 1465 2011 1499 redire

244 1522 406 1567 protinus
433 1522 635 1564 Augustam
662 1519 785 1553 iussit“
821 1519 920 1561 (Can.
948 1530 981 1563 p.
1013 1518 1097 1557 194;
1125 1517 1291 1551 similiter
1318 1518 1411 1552 Hist.
1439 1517 1472 1551 S.
1492 1518 1524 1552 J.
1552 1518 1595 1558 H,
1622 1517 1644 1551 l.
1673 1518 1704 1558 6,
1731 1530 1763 1552 11.
1793 1517 1865 1562 74).

1064 1645 1195 1686 373.

914 1734 962 1770 18.
990 1733 1215 1780 Septembris
1242 1733 1337 1770 1562.

364 1826 418 1859 Ex
435 1826 606 1860 Buehozt:
632 1824 654 1858 l.
682 1836 711 1858 c.
735 1823 795 1865 IX,
823 1823 909 1864 699;
937 1834 1043 1867 quem
1070 1822 1161 1856 hanc
1188 1821 1380 1867 epistulam
1398 1821 1629 1857 Vindobonae
1655 1822 1692 1856 in
1717 1822 1864 1857 archivo
1891 1822 2009 1867 aliquo

244 1890 412 1914 caesareo
438 1879 572 1912 vidisse
599 1877 745 1911 conicio.

363 1932 494 1966 Exstat
519 1932 627 1965 etiam
654 1930 747 1975 apud
775 1930 1044 1964 Selwlhorm'mn
1072 1929 1095 1963 l.
1123 1941 1151 1963 0.
1179 1929 1222 1969 Π,
1250 1929 1338 1967 560,
1365 1929 1425 1963 uhi
1451 1929 1481 1963 is
1512 1929 1731 1974 „Excerpta“
1762 1929 1938 1974 quaedam
1964 1941 2009 1963 ex

243 1986 299 2020 his
325 1985 456 2019 litteris
491 1984 584 2018 inter
610 1984 780 2017 Friderici
807 1982 971 2027 Staphyli
1003 1982 1147 2016 chartas
1182 1994 1202 2016 a
1237 1993 1276 2015 se
1306 1982 1452 2016 inventa
1488 1982 1645 2026 evulgat.
1697 1982 1752 2016 Ex
1778 1982 2008 2016 Schelhornio

247 2038 467 2084 „Exce1·pta“
497 2037 560 2072 illa
587 2037 778 2081 exscripsit
804 2038 854 2070 Le.
879 2037 960 2069 Plat
978 2035 999 2069 l.
1028 2047 1057 2070 0.
1084 2035 1126 2076 V,
1154 2035 1351 2070 503—505.

365 2116 532 2149 Cani-sius
558 2116 598 2147 de
624 2115 729 2148 calice
754 2114 930 2147 Zaicorzmz
954 2113 1159 2146 sententiam
1184 2113 1312 2146 Lac‘m’i
1335 2113 1524 2146 sententiae
1551 2113 1769 2146 contum-ieme
1796 2113 1836 2146 in
1861 2112 2008 2146 concillo

238 2171 431 2214 protulisse
456 2169 627 2202 traditur.

362 2252 642 2293 Ferdimmdo
675 2251 709 2293 I.
743 2251 990 2305 imperatori
1034 2250 1232 2291 Tridento
1267 2251 1335 2291 18.
1370 2250 1623 2304 Septembris
1656 2251 1770 2291 1562
1804 2249 2008 2305 Georyz'us

242 2318 535 2359 Drascom’tius
578 2321 612 2358 et
653 2316 952 2370 Sissismzmdus
995 2329 1020 2356 a
1068 2315 1210 2369 lezm,
1257 2315 1346 2356 eius
1388 2315 1505 2369 apud
1549 2315 1766 2356 concilium
1808 2320 2006 2367 oratoreS,

243 2385 525 2437 scripserunt:
569 2380 689 2430 Quod
733 2380 788 2422 ad
834 2379 980 2421 calicis
1023 2379 1246 2432 negotium
1291 2378 1450 2421 attinet
1493 2414 1500 2421 .
1536 2414 1544 2421 .
1581 2414 1587 2421 .
1631 2379 1794 2421 Doctor
1835 2379 2007 2432 Laynes

242 2447 510 2489 Jesuitarum
543 2445 783 2499 generalis,
819 2480 826 2487 .
853 2480 860 2487 .
888 2480 896 2487 .
930 2459 1016 2486 non
1048 2444 1155 2486 satis
1187 2444 1338 2486 habuit
1378 2444 1509 2497 longa
1551 2443 1768 2494 oratione,
1809 2443 1911 2486 licet
1942 2443 2007 2485 in-

243 2511 499 2553 firmissimis
532 2509 850 2563 argumentis&
893 2509 1038 2559 nobis,
1085 2509 1216 2551 etiam
1258 2509 1548 2563 pungentibus
1585 2509 1728 2551 uerbis
1769 2508 2005 2559 aduersari⁷

243 2577 319 2618 sed
352 2579 482 2618 antea
514 2576 673 2617 multos
706 2574 965 2629 Episcopos,
1008 2577 1057 2616 ut
1087 2574 1200 2616 idem
1241 2574 1438 2616 facerent
1469 2574 1672 2616 inducere
1704 2577 1884 2617 conatus
1917 2576 2004 2622 est;

244 2642 357 2695 quod
404 2655 527 2683 suum
572 2640 839 2694 propositum
1003 2639 1203 2690 retinuit,
1254 2654 1349 2681 cum
1396 2642 1527 2682 antea
1574 2639 1769 2681 Canisius
1817 2639 2005 2681 eiusdem

244 2706 466 2749 societatis
498 2705 625 2759 plane
659 2704 952 2747 contrariumb
985 2704 1191 2755 senserit,
1226 2707 1271 2746 et
1304 2704 1472 2758 publica
1505 2703 1636 2746 etiam
1669 2703 1863 2747 oratione
1895 2704 2006 2746 hanc

244 2786 366 2813 suam
399 2770 661 2813 sententiam
693 2769 953 2813 testificatus
985 2769 1055 2812 sit.

363 2857 636 2898 Schelhornius,
672 2868 752 2890 culn
778 2856 813 2890 in
844 2856 1087 2901 „Excerptis“,
1122 2858 1162 2890 ut
1187 2856 1349 2897 videtur,
1388 2867 1487 2898 „cum
1515 2857 1620 2890 antea
1653 2855 1816 2889 Oanisius
1846 2854 2006 2900 ejusdem

244 2911 426 2945 societatis
452 2911 557 2955 plane
583 2909 755 2944 sense1·it“
785 2910 1014 2955 repperisset,
1041 2912 1123 2944 ante
1151 2909 1294 2954 ,plane“
1324 2909 1462 2943 censuit
1487 2909 1723 2954 supplendum
1750 2920 1828 2942 esse
1859 2908 2004 2950 „idem“,

363 3050 377 3064 ³
402 3045 512 3077 Bncle.
539 3044 594 3076 hic
622 3043 671 3087 (5³)
701 3045 824 3085 addim
859 3055 926 3087 quo
951 3045 1051 3087 scyno
1078 3054 1147 3076 non
1175 3044 1351 3077 lectionem
1377 3043 1488 3086 hanc,
1523 3043 1582 3076 sed
1617 3054 1691 3076 rem
1725 3042 1768 3075 ab
1802 3043 2005 3076 oratoribus

246 3097 394 3129 relatam
420 3102 458 3129 ut
484 3097 626 3129 dubiam
654 3101 778 3130 'notare
803 3098 884 3130 velle
908 3098 1069 3139 videtum·
1095 3097 1193 3139 apud
1219 3097 1352 3130 Schelle.
1379 3096 1442 3129 hoc
1467 3098 1603 3139 sigynum
1630 3106 1699 3129 ozon
1728 3100 1785 3128 est.

364 3149 378 3168 '⁷
404 3148 496 3182 idem
522 3148 627 3193 plane
655 3149 757 3190 ΒΗΜ-
782 3150 869 3193 vide,
896 3161 986 3192 qnae
1009 3150 1074 3183 sub
1099 3151 1195 3192 ipsas
1220 3150 1285 3182 has
1310 3150 1447 3182 litteras
1471 3150 1644 3182 dicentur.
