2093 3444
99 199 178 233 579.
207 198 292 232 Can.
322 197 431 240 Henr.
459 197 653 232 Scribonio.
688 197 744 231 Ex
770 199 922 238 monast.
951 197 1043 231 inter
1070 196 1180 231 Pilsn.
1208 199 1243 231 et
1269 196 1372 231 Thin.
1403 198 1455 231 17.
1483 198 1563 232 Iulii
1586 199 1689 233 1561.
1740 201 1818 242 181

172 315 248 356 Qua
274 315 413 348 ratione
437 315 477 347 ‘in
497 319 677 357 posterum
705 314 843 348 litterae
867 315 1071 347 scribendae
1096 316 1177 347 sint.
1234 318 1236 321 ’

168 392 216 434 P.
245 392 568 446 Christoplwrus
590 392 787 445 Madrm,
822 394 893 447 qui
916 393 1087 445 Romae,
1123 392 1250 433 donec
1273 393 1490 434 Saltneron
1525 407 1566 434 eo
1591 394 1822 446 adreniret,

50 458 267 500 ‚societatis
311 471 377 498 res
422 457 729 498 administrare
771 471 797 497 α
838 457 996 499 Laenio
1040 459 1179 498 iussus
1223 461 1312 498 erat
1352 455 1408 506 (v.
1449 472 1581 512 supra
1618 474 1659 512 p.
1701 459 1822 512 177),

52 523 183 565 eidem.
206 524 340 564 Roma
366 524 433 563 16.
458 522 562 563 Iulii
596 524 707 563 1561
734 524 792 563 vel
826 524 913 576 ipse
945 524 1114 576 scripsit
1146 524 1205 564 vel
1231 522 1360 563 scribi
1393 524 1539 564 iussit:
1576 524 1657 574 „Al
1680 524 1824 565 Paclre

49 588 205 630 Natale
238 592 273 629 et
306 588 348 628 al
380 587 525 628 Padre
558 587 794 628 Franceseo
826 586 1039 642 [Beryto]
1074 593 1108 628 et
1141 588 1272 629 anche
1304 588 1330 628 ὰ
1368 589 1464 628 tutti
1495 589 1525 629 li
1558 589 1826 630 Ρνοιιιήεἱαῖἱ

51 653 99 694 di
129 654 326 707 Spayna,
369 652 507 693 Jtalia
551 656 585 692 et
617 653 853 707 Alemayna
895 653 971 694 8¹6¹
1013 654 1111 693 dato
1154 653 1274 694 (miso
1317 653 1424 707 deyl’
1453 653 1599 694 ordini
1640 654 1711 695 che
1753 655 1825 709 qu?

50 722 230 772 restam),
267 722 302 757 et
335 718 401 758 del
432 717 553 758 modo
586 716 656 758 che
688 718 725 758 si
757 718 812 758 ha
846 732 870 757 a
905 718 1034 759 tener’
1066 719 1132 759 nel
1164 719 1350 759 say-inere
1381 719 1425 759 'in
1456 723 1600 773 questa
1634 718 1824 760 absentia

52 783 98 824 di
130 783 175 824 V.
210 783 258 824 P.
268 780 287 799 “

169 868 209 902 In
244 868 391 912 antiquo
426 868 487 902 illo
514 868 708 902 *Indieulo
738 868 899 910 ⁷‚Diuersi
936 869 1070 903 ordini“
1102 872 1169 904 etc.
1201 870 1298 912 (vide
1333 881 1443 914 supra
1478 881 1511 914 p.
1542 870 1624 913 159)
1662 872 1825 904 notatum

50 924 124 965 est,
160 922 302 956 litteras
337 933 357 956 a
393 922 574 956 cardinale
605 921 749 956 Estensi
785 922 828 956 de
864 923 1105 967 perpetuitate
1140 923 1336 969 praepositi
1371 923 1551 967 generalis
1588 924 1691 958 datas
1729 923 1827 967 (vide

49 987 157 1021 supra
184 988 216 1021 p.
240 975 321 1019 179)
350 975 386 1009 in
413 975 641 1010 Germaniam
670 977 706 1009 et
731 974 935 1009 Flandriam
963 976 1093 1010 missas
1120 988 1199 1011 esse
1228 976 1383 1012 15.1ulii
1413 977 1514 1011 1561.
1566 976 1679 1011 Simul
1706 978 1825 1011 autem

49 1050 96 1054 —-
114 1030 146 1064 id
167 1030 260 1074 quod
289 1041 332 1063 ex
353 1029 486 1063 Canisii
504 1028 637 1062 litteris
664 1029 695 1063 9.
715 1029 870 1072 Augusti
893 1030 980 1063 1561
1001 1029 1151 1063 Romam
1170 1030 1291 1065 missis
1310 1031 1400 1064 satis
1419 1033 1515 1064 certe
1534 1030 1764 1074 cognoscitur
1780 1050 1827 1054 ——

49 1082 244 1128 praepositi
271 1082 523 1128 provinciales.
550 1084 708 1116 rectores
735 1084 803 1117 etc.
830 1082 866 1116 in
892 1086 1076 1127 posterum
1108 1083 1276 1124 „Romam
1304 1084 1415 1125 fere“‚
1441 1096 1510 1118 non
1537 1084 1572 1117 in
1600 1084 1755 1119 Galliam
1783 1083 1827 1118 ad

50 1137 233 1177 Lainium,
265 1136 462 1178 „scribere“
493 1136 571 1170 sive
598 1135 741 1170 litteras
768 1136 810 1170 de
836 1138 936 1170 statu
962 1136 1205 1179 collegiorum,
1232 1137 1387 1180 negotiis
1413 1139 1481 1172 etc.
1509 1138 1593 1172 dare
1619 1138 1706 1172 iussi
1734 1139 1827 1179 sunt,

49 1190 101 1225 ita
125 1192 247 1224 tamen
273 1210 319 1214 —
345 1193 453 1234 atque
478 1190 545 1224 hoc
572 1201 617 1223 ex
642 1189 787 1231 multis,
823 1201 913 1234 quas
940 1190 1034 1224 infra
1059 1202 1208 1235 ponam,
1240 1190 1373 1225 Canisii
1399 1191 1532 1226 litteris
1558 1191 1673 1236 liquet
1698 1211 1760 1232 -—‚
1788 1193 1829 1225 ut

49 1243 118 1289 ipsi
146 1242 289 1285 Lainio,
326 1243 472 1288 perinde
498 1254 540 1276 ac
567 1242 598 1276 si
624 1243 758 1276 Romae
785 1242 814 1276 is
841 1245 1062 1283 moraretur,
1098 1255 1159 1277 eas
1185 1243 1433 1278 inscriberent.
1484 1244 1604 1288 Atque
1630 1244 1681 1278 ita
1707 1244 1828 1284 etiam,

50 1299 90 1332 ut
125 1297 222 1331 aliud
258 1296 462 1341 exemplum
498 1308 646 1341 ponam,
685 1297 834 1330 Iacobus
868 1298 909 1330 de
948 1298 1113 1330 Guemcm
1150 1296 1183 1331 S.
1212 1297 1266 1338 .J.,
1305 1299 1422 1331 rector
1458 1297 1599 1340 collegii
1636 1297 1828 1339 florentini,

50 1350 231 1385 Florentia
269 1351 322 1385 19.
350 1350 432 1384 Iulii
460 1350 548 1384 1561
586 1349 728 1383 litteras
754 1349 903 1383 Romam
940 1350 1039 1384 misit
1066 1350 1209 1390 Laini0‚
1246 1362 1352 1395 quem
1386 1363 1453 1385 nec
1478 1351 1612 1385 Romae
1648 1363 1727 1385 esse
1762 1363 1829 1385 nec

49 1404 152 1438 brevi
188 1416 229 1439 eo
254 1404 454 1438 rediturum
490 1415 569 1437 esse
603 1403 714 1448 probe
748 1405 920 1444 noverat,
956 1403 1170 1449 inscriptaS,
1205 1404 1241 1438 in
1268 1404 1398 1448 quibus
1433 1405 1485 1446 ei,
1522 1404 1582 1449 qui
1607 1404 1723 1439 Lainii
1751 1404 1828 1439 vice

51 1458 263 1502 fungeretur
283 1457 339 1501 (P.
358 1457 545 1499 Madridio,
572 1459 612 1490 ut
632 1456 803 1499 videtur),
832 1457 874 1490 de
899 1457 1021 1491 eodem
1041 1458 1165 1491 Lainio
1184 1457 1352 1503 scripsit:
1385 1458 1494 1500 ,Fare
1522 1458 1720 1492 solamente
1747 1457 1829 1502 quel

51 1513 152 1547 tanto
179 1511 244 1546 che
276 1511 324 1545 mi
351 1511 447 1545 disse
484 1522 551 1545 sua
577 1510 794 1544 Reuerentia
821 1511 896 1544 cioe
931 1510 997 1544 che
1032 1511 1063 1545 si
1089 1511 1241 1545 dovesse
1275 1511 1432 1545 indrizar
1456 1512 1616 1546 tuttavia
1641 1512 1674 1546 le
1700 1512 1830 1546 lettere

51 1565 259 1663 all'istess3)
297 1565 339 1599 N.
371 1564 412 1599 P.
448 1566 683 1608 quantunque
722 1563 780 1598 chi
817 1563 954 1598 havera
991 1563 1027 1598 la
1065 1576 1151 1599 cura
1186 1567 1290 1610 potra
1327 1565 1482 1609 legerle“
1526 1565 1627 1609 (Cod.
1668 1565 1751 1610 „Ep.
1785 1565 1828 1599 It.

54 1619 157 1654 1561.
184 1619 236 1653 Il“
264 1647 269 1652 .

877 1689 1008 1732 579.

792 1783 1089 1831 CANISIUS

548 1882 877 1926 HENRICO
912 1882 1330 1936 SCRIBONIO,

77 1965 409 2011 archiepiscopatus
436 1965 627 2010 pragensis
653 1964 938 2000 administratori
965 1967 999 1998 et
1027 1964 1202 1998 ecclesiae
1228 1964 1528 2009 metropolitanae
1554 1964 1760 2010 praeposito
1776 1965 1798 1999 ¹.

308 2051 365 2088 Ex
391 2051 616 2088 monasterio
643 2051 743 2087 inter
770 2050 934 2087 Pilsnam
962 2052 999 2087 et
1027 2049 1179 2086 Thinam
1206 2049 1278 2087 sito
1305 2050 1352 2087 17.
1378 2050 1464 2087 Iulii
1490 2050 1576 2087 1561.

173 2134 229 2169 Ex
267 2134 412 2169 Ioannis
447 2133 687 2179 Beckovsky,
727 2133 860 2167 ordinis
896 2133 1171 2176 Crucigerorum
1210 2145 1291 2167 cum
1329 2133 1440 2167 rubea
1478 2132 1603 2172 stella,
1642 2132 1833 2178 pragensis

53 2188 227 2223 historiae
269 2188 347 2222 sive
386 2187 544 2222 chronici
582 2187 775 2221 Bohemiae
813 2186 997 2221 bohemiae
1039 2187 1164 2232 scripti
1205 2186 1426 2231 (Poselkyne
1468 2186 1618 2232 starych
1656 2182 1833 2232 pribehfiv

55 2241 230 2287 ceskych)
259 2244 362 2286 parte
389 2241 432 2282 Π,
458 2241 530 2275 vol.
559 2241 589 2282 1,
617 2241 670 2275 ed.
697 2240 758 2275 Dr.
786 2242 870 2275 Ant.
897 2241 1011 2274 Rezclc
1038 2241 1196 2284 (Pragae
1223 2239 1343 2284 1879),
1370 2252 1402 2285 p.
1430 2240 1510 2274 254.

175 2320 320 2353 Pilsnae
345 2323 375 2352 et
400 2320 584 2362 reqionum
601 2319 801 2352 vicinarum
821 2319 1018 2361 praeclara
1045 2319 1178 2361 reliq-'a
1222 2317 1410 2361 Colleyiam
1429 2318 1574 2351 Pz'lsnac
1599 2318 1831 2351 condendum.

56 2374 153 2416 Quid
177 2375 218 2407 in
244 2384 319 2407 eam
345 2383 418 2406 rem
445 2373 546 2406 urbis
569 2376 723 2416 senam-3,
750 2372 970 2415 S·riboniu.s·‚
998 2372 1233 2405 Dominscani
1257 2373 1421 2415 conferre
1446 2372 1602 2406 debeant.

176 2457 304 2500 Volui
336 2457 403 2499 his
434 2457 574 2500 literis
596 2457 787 2499 animum
809 2459 984 2511 gratum
1005 2457 1175 2508 testari,
1210 2471 1336 2511 quem
1363 2457 1498 2499 debeo
1520 2471 1598 2511 pro
1622 2455 1833 2510 singulari

56 2522 329 2565 humanitate
362 2524 406 2564 et
438 2522 653 2565 charitate
686 2536 792 2576 erga
824 2537 903 2565 nos
935 2522 1343 2565 Reverendissimae
1364 2521 1683 2565 Dominationis
1715 2524 1832 2572 tuae,

58 2602 187 2642 quam
227 2590 457 2643 praeterea
498 2602 628 2641 rogo,
670 2590 720 2630 ut
750 2587 990 2630 Pilsnensis
1031 2588 1242 2630 ecclesiae
1282 2587 1497 2631 rationem
1538 2587 1699 2629 habeat
1737 2586 1834 2628 dili-

58 2656 234 2707 gentem
249 2655 278 2697 2.
344 2653 387 2695 Si
420 2653 522 2706 quid
561 2653 606 2694 in
638 2653 847 2695 Bohemia
887 2653 1000 2695 enim
1042 2653 1258 2695 sincerum
1301 2656 1369 2696 est
1401 2667 1452 2695 ac
1492 2652 1576 2694 fuit
1607 2652 1832 2702 hactenus,

41 2718 102 2774 ‚id
132 2719 240 2761 haec
272 2718 478 2760 Boemiae
510 2718 665 2773 portio,
700 2732 811 2771 quae
842 2718 1139 2760 Pilsnensibus
1171 2718 1382 2761 adhaeret
1415 2720 1546 2771 atque
1575 2716 1720 2758 vicina
1752 2719 1832 2766 est,

57 2793 135 2826 'suo
164 2785 260 2839 jure
293 2783 525 2826 vendicare
556 2783 742 2826 videtur.
807 2783 948 2833 Quare
981 2797 1284 2838 cooperemur,
1324 2797 1499 2837 quaeso,
1533 2782 1632 2824 huic
1663 2781 1835 2834 gratiae

59 2848 153 2900 Dei,
187 2863 272 2903 qua
304 2848 443 2891 voluit
473 2848 543 2890 hic
575 2849 762 2890 Boemos
795 2849 959 2892 electos
999 2851 1044 2891 et
1065 2862 1299 2902 germanos
1340 2847 1551 2890 ecclesiae
1585 2846 1697 2888 filios
1731 2859 1834 2888 con-

184 2974 192 2992 ¹
220 2971 443 3006 Scribonium
472 2971 531 3015 (de
557 2982 627 3015 quo
653 2971 736 3005 vide
762 2982 872 3016 supra
898 2982 930 3015 p.
961 2971 1041 3014 17³)
1071 2982 1102 3004 a.
1133 2971 1233 3012 1556,
1262 2969 1297 3005 S.
1323 2969 1464 3013 Ignatio
1490 2970 1649 3010 mortuo,
1676 2967 1835 3008 Latinius,

61 3024 252 3059 Societatis
278 3025 458 3066 vicarius,
492 3024 665 3058 bonorum
701 3023 861 3058 eiusdem
887 3023 1131 3068 spiritualium
1160 3045 1203 3050 --
1230 3023 1266 3057 id
1302 3023 1395 3067 quod
1423 3022 1588 3057 Canisius
1623 3022 1668 3056 ab
1695 3021 1836 3065 Ignatio

60 3078 215 3122 petierat
238 3097 287 3102 —
311 3077 524 3123 participem
550 3077 757 3111 reddiderat
784 3076 989 3121 (Polancus,
1017 3076 1216 3111 Chronicon
1242 3076 1304 3118 VI,
1332 3075 1431 3119 382).

62 3182 85 3218 b
109 3183 131 3218 h
180 3130 343 3190 {Pilsna
372 3130 517 3174 (Plsna,
543 3129 708 3171 Pilsena;
746 3130 931 3164 bohemice
958 3129 1102 3170 Pilzefi,
1141 3129 1271 3171 Plzefn
1310 3128 1516 3172 germanice
1551 3126 1711 3172 Pilsen),
1749 3127 1837 3162 urbs

87 3195 107 3218 o
134 3195 257 3219 emlca.
