2093 3444
213 163 297 203 192
394 159 473 194 581.
512 158 678 193 Canisius
705 158 908 203 Christoph.
937 159 980 193 de
1006 159 1158 194 Madrid.
1202 160 1295 202 Aug.
1324 159 1430 194 Vind.
1458 160 1490 194 9.
1517 160 1674 204 Augusti
1702 162 1803 196 1561.

329 278 565 330 Hucusque
588 277 720 318 Pater
750 277 954 330 Lanoyus
977 291 1073 319 meo
1096 277 1281 327 nomine,
1316 278 1568 332 priusquam
1591 279 1754 321 allatae
1785 279 1984 331 fuissent,

210 358 318 396 quas
350 357 502 384 recens
535 342 809 396 accepimus²
840 344 866 383 a
898 343 948 384 R.
983 342 1032 385 T.
1068 343 1120 384 de
1152 343 1278 384 modo
1312 343 1539 394 scribendi,
1574 358 1702 397 quem
1727 345 1986 387 Rectoribus

206 408 333 450 huius
359 406 599 449 Prouinciae
633 421 736 449 mox
768 407 1170 449 communicandum
1204 409 1350 461 curauj
1371 410 1398 450 1.
1445 408 1704 462 Scripsimus
1737 409 1789 451 de
1815 410 1986 452 Vienna

207 487 377 526 quoque
420 473 496 514 sed
537 472 696 514 missae
737 472 838 514 illae
880 472 1044 515 fuerint
1085 473 1275 515 fortasse
1314 473 1357 514 in
1394 473 1580 523 Gallias,
1624 475 1985 526 quemadmodum

206 539 253 581 P.
289 538 525 586 Polaticus,
559 539 607 579 ut
640 537 911 579 mitteremus
944 552 1119 580 monere
1152 538 1271 579 uisus
1304 538 1387 580 fuit
1401 539 1431 580 2.
1497 538 1647 580 Placet
1679 541 1825 581 autem
1857 540 1984 582 modo

207 603 394 646 mutatio
440 602 628 657 consilij,
675 605 723 644 ut
767 602 948 644 Romam
993 603 1084 645 fere
1128 603 1382 646 scribamus.
1455 603 1666 658 Cuperem
1709 604 1884 646 interim
1929 619 1984 647 ex

205 668 513 710 viennensibus
555 667 694 709 literis
736 668 894 722 accipi,
938 668 990 709 de
1022 668 1136 710 illius
1177 668 1346 722 collegij
1386 671 1529 719 statu,
1573 669 1756 722 alijsque
1796 683 1874 724 per
1906 684 1984 712 nos

205 733 389 789 vienna-e
434 732 644 774 confectis
690 768 697 775 .
741 733 988 776 Constituta
1033 747 1103 775 res
1151 737 1218 776 est
1263 735 1473 786 quantum
1519 733 1573 775 ad
1621 733 1984 789 OEnipontanum

206 799 444 852 Collegium
477 798 659 848 attinet,
704 798 965 851 Caesarique
1006 798 1288 853 promissum,
1337 801 1382 841 ut
1422 798 1559 853 primo
1601 799 1732 841 uereb
1773 801 1873 855 annj
1916 814 1984 842 se-

207 863 380 918 quentis
412 863 539 918 primi
571 863 672 905 illuc
706 864 917 906 accedant
949 863 1135 918 operarij
1170 878 1264 905 cum
1300 864 1516 906 Germano
1550 864 1876 915 Concionatore‚
1912 865 1984 919 qui

207 929 403 983 inprimis
436 929 730 979 desideratur,
764 928 857 971 Nos
889 928 1010 970 illum
1043 930 1094 972 D.
1128 930 1408 971 Lambertum
1442 929 1545 970 dare
1578 930 1794 984 cupimus,
1834 930 1983 972 simul-

209 998 341 1047 atque
372 994 551 1036 redierit
583 1008 638 1036 ex
671 994 836 1036 Danica
868 994 1157 1048 profectione,
1193 997 1237 1037 et
1269 994 1451 1036 eundem
1485 994 1739 1037 nominatim
1772 998 1984 1050 expetunt

210 1059 283 1102 isti
316 1060 590 1113 Tyrolenses,
625 1059 706 1101 nisi
740 1060 866 1109 forte,
901 1060 1015 1112 quod
1047 1060 1175 1101 ualde
1208 1073 1429 1112 rogamus,
1465 1074 1520 1101 ex
1553 1061 1659 1102 vrbe
1691 1060 1807 1103 mitti
1838 1064 1984 1115 potest

209 1125 320 1167 alius
353 1124 654 1174 concionator,
698 1124 769 1177 qui
803 1128 920 1166 certe
953 1124 987 1165 si
1022 1125 1197 1168 adesset
1228 1125 1377 1174 isthic,
1418 1125 1690 1177 Moguntiam
1722 1125 1836 1168 forte
1868 1125 1982 1168 illico

209 1191 448 1234 mittendus
482 1190 724 1240 uideretur,
770 1190 842 1231 ubi
874 1191 1037 1244 nostrj⁰
1068 1190 1235 1244 paratis
1268 1190 1439 1244 collegij
1481 1191 1610 1232 rebus
1651 1191 1723 1232 diu
1761 1192 1981 1246 expectati

207 1257 414 1298 maiorem
449 1256 492 1297 in
525 1256 697 1297 modum
722 1256 1024 1298 desiderantur
1048 1270 1098 1297 ac
1121 1256 1313 1309 quotidie
1336 1258 1639 1310 expectantur,
1672 1256 1801 1298 sicuti
1833 1257 1984 1300 scribit

205 1322 261 1364 ad
306 1336 373 1363 me
419 1321 544 1363 ualde
587 1321 743 1363 anxius
785 1321 876 1362 eius
918 1321 1097 1375 Collegij
1142 1321 1405 1363 Procurator
1447 1322 1504 1363 M.
1547 1321 1614 1363 Jo.
1658 1322 1853 1364 Rhetius.
1922 1321 1978 1364 Ni

207 1387 357 1437 fallor,
404 1386 741 1441 Archiepiscopo
786 1386 880 1427 illi3
922 1387 1159 1441 promissus
1201 1386 1284 1428 fuit
1326 1389 1571 1429 nostrorum
1616 1387 1669 1428 ad
1712 1388 1979 1429 Autumnum

207 1453 433 1494 aduentus.
483 1452 661 1494 Rcfcret
694 1454 854 1502 autem,
890 1455 937 1494 ut
969 1452 1121 1494 selecti
1154 1452 1385 1494 mittantur
1417 1452 1459 1493 in
1493 1466 1589 1494 eam
1620 1452 1830 1506 Rempub.
1864 1452 1979 1495 haud

204 1532 357 1572 parum
392 1517 590 1559 uitiatam
633 1521 765 1570 atque
798 1518 1113 1571 perturbatam.
1180 1517 1385 1570 Sequenti
1419 1520 1565 1560 autem
1604 1531 1717 1559 anno
1749 1517 1843 1560 fore
1876 1532 1979 1560 con-

205 1583 290 1625 fido
333 1586 381 1625 vt
423 1582 548 1625 sicuti
591 1597 687 1625 cum
721 1582 906 1624 Caesare
948 1583 1248 1633 conuenimus,
1295 1582 1520 1624 dimidiata
1560 1583 1714 1625 saltem
1758 1597 1813 1624 ex
1854 1586 1979 1638 parte

206 1648 444 1701 Collegium
479 1648 839 1702 OEnipontanum
875 1648 917 1689 in
951 1648 1109 1690 Christi
1150 1647 1321 1689 nomine
1362 1647 1630 1690 instituatur.
1696 1648 1979 1691 Hebdomada

205 1713 433 1767 sequentid
466 1713 651 1755 scribam
686 1713 895 1767 prolixius
918 1713 1145 1755 Domino
1179 1714 1562 1767 cooperante4,
1597 1713 1669 1766 qui
1695 1727 1774 1755 sua
1806 1713 1978 1767 quidem

204 1779 349 1832 gratia
380 1793 458 1820 nos
487 1793 647 1832 augere
670 1778 885 1832 dignetur,
920 1794 996 1833 per
1028 1779 1246 1821 orationes
1270 1782 1314 1821 et
1336 1779 1549 1821 sacrificia
1571 1779 1621 1821 R.
1646 1779 1693 1822 T.
1718 1793 1768 1821 ac
1791 1779 1977 1821 fratrum

205 1843 481 1897 reliquorum.
545 1843 774 1897 Augustae
810 1847 862 1887 .9.
897 1844 1084 1897 Augusti
1118 1846 1262 1887 .1561.

1154 1927 1315 1969 Seruus
1346 1926 1389 1968 in
1423 1926 1592 1969 Christo
1624 1926 1671 1969 P.
1706 1925 1914 1969 Canisius.

358 2025 466 2068 Tres
507 2026 575 2068 uel
618 2026 672 2068 ad
714 2041 927 2068 summum
960 2027 986 2067 4
1021 2025 1225 2068 Germani
1265 2039 1320 2067 ex
1358 2025 1547 2068 Bauaria
1586 2025 1706 2079 breuj
1748 2025 1977 2068 mittentur

208 2093 262 2134 ad
285 2091 521 2145 Collegium
546 2091 862 2141 Germanicum,
897 2090 961 2133 uti
993 2094 1124 2134 antea
1157 2105 1406 2133 concessum
1440 2091 1521 2133 fuit
1555 2105 1581 2133 a
1603 2091 1648 2133 P.
1673 2090 1928 2145 Praeposito
1944 2092 1973 2134 5.

207 2157 525 2199 Viennensibus
557 2156 642 2198 iam
658 2164 669 2176 ⁰
703 2155 764 2210 [Ρ]
799 2156 1049 2210 scripsimus
1082 2170 1135 2198 ne
1168 2156 1415 2206 mitterent,
1450 2156 1557 2198 nisis
1590 2156 1823 2210 impetrato
1856 2155 1974 2210 prius

207 2237 263 2265 ex
295 2222 429 2263 vrbe‘ss'
461 2236 672 2263 consensu
705 2221 920 2275 mittendj.

324 2383 522 2428 Hucusque
547 2384 642 2428 [etc.,
670 2389 706 2417 nt
731 2385 876 2427 supra]

321 2524 336 2539 ³
361 2519 566 2563 accopimus
592 2530 650 2562 ap.
748 2519 763 2539 ¹’
788 2529 872 2552 nere
899 2530 957 2561 (tp.
1054 2524 1066 2538 ⁰
1090 2517 1205 2552 nostis
1232 2529 1289 2561 ap.

323 2572 338 2592 ⁴¹
363 2571 545 2615 frequenti
571 2583 628 2615 ap.

322 2631 334 2645 θ
363 2626 423 2659 Sic
447 2626 498 2658 vel
522 2625 689 2658 similiter
724 2626 974 2668 corriyendum
1009 2635 1077 2658 esse
1102 2625 1241 2658 videtur
1250 2651 1260 2668 ‚
1296 2624 1390 2668 quod
1407 2626 1531 2668 posuit
1555 2624 1661 2658 liin-..-
1686 2623 1851 2658 Viennafi
1877 2634 1970 2657 nom.

326 2678 337 2698 f
359 2678 428 2712 insi
454 2689 511 2722 ap.
610 2684 623 2703 ἕ
648 2677 730 2712 vibe
757 2689 814 2721 ap.

326 2823 335 2842 ¹
363 2822 417 2857 Cf.
444 2833 555 2868 supra
580 2834 614 2867 p.
643 2821 721 2856 181.
821 2821 834 2841 ²
861 2820 914 2855 Cf.
941 2832 1050 2865 supra
1076 2832 1108 2865 p.
1139 2820 1217 2855 174.
1246 2821 1347 2855 177¹.
1447 2821 1460 2840 ³
1484 2819 1626 2854 Danieli
1652 2819 1818 2854 Brendel.

323 2877 336 2896 4
362 2875 474 2910 Marc.
503 2876 557 2917 16,
584 2875 640 2909 20.

323 2930 337 2949 ⁵
361 2928 453 2962 Vide
479 2939 589 2973 supra
606 2940 638 2973 p.
659 2928 810 2962 61—62.
847 2927 887 2961 In
913 2926 1106 2970 collegium
1131 2926 1376 2970 germanicum
1394 2937 1426 2960 a.
1448 2926 1535 2960 1561
1555 2925 1703 2960 admissi
1726 2927 1831 2960 sunt:
1862 2925 1968 2967 „Leo-

203 2982 337 3016 nardus
364 2981 533 3025 Agricola
558 2980 821 3025 Frisingensis“
849 2981 883 3014 4.
911 2979 1097 3021 Octobris,
1140 2979 1320 3022 „Adamus
1345 2979 1509 3023 Wagner
1533 2979 1576 3013 de
1601 2978 1800 3013 Burkusia‘
1840 2978 1873 3013 3.
1898 2978 1968 3013 No—

203 3035 373 3076 vembris,
404 3034 704 3079 „christophorus
729 3033 968 3079 Rastperger“
1003 3032 1268 3076 „Brixinensis‘
1301 3031 1362 3076 (cf.
1389 3044 1498 3078 supra
1522 3044 1556 3077 p.
1580 3031 1665 3076 48⁴)
1698 3033 1735 3066 et
1764 3030 1968 3074 „Conradus

204 3088 382 3122 Transser
406 3088 571 3122 Bauams
597 3087 890 3122 Ratisbonensis“
920 3086 976 3121 23.
1003 3085 1230 3120 Novembris.
1280 3086 1336 3120 Ita
1360 3085 1634 3130 antiquissimus
1663 3084 1806 3126 collegii
1831 3085 1968 3119 *Gata-

204 3143 305 3185 loyus
333 3141 434 3185 (Cod.
460 3152 547 3175 rom.
579 3140 668 3183 „AlL
696 3139 774 3174 coll.
802 3139 920 3175 Germ.
947 3151 980 3184 p.
1010 3139 1179 3183 15—16).
