2093 3444
246 211 329 251 804
664 209 820 242 Manum.
850 208 984 252 (varia)
1012 209 1092 243 409.
1125 209 1195 252 (12.
1223 210 1443 254 Septembris
1472 211 1589 253 1561.)

243 328 391 366 nostro
427 339 435 365 z
470 323 642 366 minime
675 324 923 367 dubitantes
965 325 1065 378 quin
1098 325 1307 367 Maiestas
1340 328 1416 368 tua
1449 339 1544 367 eam
1578 326 1854 377 societatem,
1897 327 2007 371 sicut

245 388 469 431 consueuit
509 388 682 439 fauore,
727 392 770 431 et
802 389 1072 443 benignitate
1110 404 1187 432 sua
1230 391 1510 444 complexura
1551 391 1619 434 sit.
1683 391 1803 440 Quod
1846 396 2006 445 quanto

244 453 499 507 propensius
531 454 665 496 facies
699 470 707 495 z
742 456 865 496 tanto
909 454 1207 497 uehementius
1246 455 1323 496 hos
1356 455 1436 496 Dei
1467 455 1654 497 famulos
1695 457 1750 498 ad
1791 471 1888 498 eum
1929 471 2007 511 pro

243 521 287 561 te
321 519 528 560 orandum
562 519 785 572 obligabis.
849 519 986 561 Nobis
1019 534 1122 561 uero
1154 519 1287 573 ipsisa
1328 520 1537 562 tributum
1576 522 1845 574 putabimus,
1889 522 2007 575 quic-

244 583 343 636 quid
388 583 493 637 ipsis
537 598 563 625 a
606 584 840 627 Maiestate
886 587 963 626 tua
1010 584 1219 627 tributum
1265 585 1409 627 fuerit.
1483 586 1643 627 Datum
1687 586 1850 628 Romae
1894 588 2008 641 apud

243 650 441 690 sanctum
464 649 656 690 Marcum
672 648 686 668 ‘³
719 650 796 690 sub
830 650 988 691 annulo
1012 649 1247 692 Piscatoris
1280 649 1348 691 die
1371 650 1495 693 VILJ.
1523 650 1711 703 Augusti
1733 651 1790 693 M.
1814 652 1865 694 D.
1888 652 2004 695 LXJ.

244 713 527 755 pontificatus
559 714 711 756 Nostri
743 714 868 755 Anno
902 715 1089 756 secundo
1105 720 1127 757 ¹³.

361 795 464 838 Ant.
498 796 764 837 Florebellus
796 796 1058 838 Lauellinus.

363 860 622 902 Charissimo
654 860 697 902 in
721 861 889 903 Christo
922 861 1009 903 filio
1032 864 1195 911 nostro,
1229 861 1501 903 Ferdinando
1525 862 1744 915 Vngariae
1767 863 1845 905 ac‘l
1867 864 2007 906 130110-

243 925 353 966 miae
386 925 495 978 Regi
526 926 699 968 Jssustri
731 927 883 968 Electo
918 926 1210 968 Romanorum
1244 927 1549 980 anperat01·i⁰.

361 1018 437 1051 Has
470 1018 612 1052 litteras
647 1018 740 1052 Socii
775 1019 910 1052 romani
946 1019 1229 1063 impetraverant
1265 1018 1363 1062 (vide
1390 1030 1498 1064 supra
1523 1031 1555 1064 p.
1585 1020 1667 1063 199)
1706 1032 1745 1054 eo
1779 1020 2005 1065 potissimum

243 1071 408 1111 consilio,
447 1073 487 1105 ut
520 1072 560 1105 P.
588 1072 737 1105 Ioannes
772 1072 814 1105 de
842 1071 1019 1112 Victoria,
1059 1072 1201 1115 collegii
1235 1072 1513 1106 vindobonensis
1548 1076 1683 1113 rector,
1719 1073 1766 1107 ad
1802 1074 2005 1117 „negotium

242 1125 541 1169 neapolitanuin“,
569 1125 661 1168 quod
689 1125 730 1158 de
756 1126 916 1169 pecuniis
943 1125 978 1158 in
1004 1137 1090 1159 usus
1117 1126 1291 1169 quosdam
1316 1125 1393 1170 pios
1419 1125 1647 1169 assignandis
1674 1129 1751 1160 erat
1777 1127 1873 1170 (vide
1899 1138 2008 1172 supra

242 1190 275 1222 p.
305 1178 420 1221 199³),
449 1178 705 1212 conficiendum
732 1190 793 1212 eas
819 1178 987 1212 adhibere
1013 1182 1144 1223 posset.
1198 1178 1262 1212 Cui
1289 1180 1497 1212 Ma‹lmtde·us
1523 1179 1635 1213 Roma
1661 1180 1716 1214 23.
1737 1180 1891 1223 Augusti
1915 1182 2001 1215 1561

243 1231 407 1276 scripsit:
448 1231 581 1273 „Seben
617 1232 652 1265 in
679 1244 809 1275 genere
836 1232 865 1265 si
893 1233 1128 1266 raccomanda
1163 1232 1198 1266 la
1234 1233 1446 1276 compagnia
1472 1236 1538 1267 etc.
1566 1233 1601 1267 la
1626 1236 1745 1267 mente
1781 1234 1837 1268 del
1863 1235 1962 1279 Papa
1988 1237 2006 1268 e

244 1285 277 1318 di
303 1285 415 1319 hauer
440 1285 565 1319 scritto
592 1297 656 1330 por
681 1285 714 1319 lo
742 1286 862 1319 effetto
888 1286 1085 1330 particular
1111 1286 1167 1319 del
1194 1286 1341 1329 negocio
1369 1286 1402 1319 di
1430 1286 1576 1331 Napoli,
1612 1299 1718 1332 sopra
1748 1287 1772 1321 il
1798 1287 1902 1331 quale
1929 1299 2006 1332 par-

242 1338 493 1372 ticularmente
519 1351 581 1383 per
606 1339 664 1372 noi
690 1341 749 1382 qui
777 1338 869 1382 segli
896 1341 914 1372 e
939 1339 1033 1372 fatta
1067 1339 1250 1373 instanza“
1282 1339 1344 1382 (ex
1371 1340 1604 1384 *apographo
1639 1340 1798 1375 eiusdem
1824 1341 2006 1386 temporis.

244 1392 327 1426 Cod.
358 1391 497 1434 7,(1101111.
528 1393 636 1426 1561“
668 1392 691 1426 f.
720 1391 814 1436 21³).
860 1391 1058 1437 Delphinus
1088 1393 1140 1426 14.
1168 1393 1388 1437 Septembris
1417 1394 1504 1427 1561
1534 1394 1682 1427 Romam
1708 1395 1752 1428 ad
1779 1393 1813 1428 S.
1841 1394 2007 1428 Carolum

243 1445 496 1479 Borromaeum
515 1445 669 1490 scripsit,
694 1457 732 1479 se
750 1457 811 1479 eas
829 1446 1008 1490 pontificis
1025 1445 1164 1480 litteras
1191 1447 1327 1480 caesari
1347 1447 1539 1480 tradidisse
1561 1447 1759 1488 (Steinherz
1772 1447 1795 1482 l.
1814 1460 1841 1482 c.
1858 1459 1890 1492 p.
1911 1448 2006 1492 309).

362 1499 606 1532 Ferdinandus
633 1499 657 1532 Ι.
686 1499 748 1532 Pio
775 1498 834 1532 IV.
862 1499 1048 1544 rescripsit
1076 1499 1128 1533 12.
1157 1499 1378 1544 Septembris
1408 1501 1509 1534 1561.

1060 1622 1189 1664 409.

827 1713 1345 1756 FERDINANDIJS
1381 1714 1427 1755 Ι.

1060 1806 1184 1829 GaeSar

1010 1879 1113 1925 Plo
1154 1879 1238 1927 IV.

952 1982 1091 2004 summo
1117 1971 1286 2015 pontifici.

799 2057 1010 2094 Vindobona
1035 2057 1083 2093 12.
1111 2058 1337 2105 Septembris
1364 2058 1449 2095 1561.

362 2140 416 2174 Ex
443 2140 695 2175 commentario
724 2141 795 2184 (20;
827 2142 840 2175 1
870 2141 932 2186 p.),
961 2141 1053 2185 quod
1079 2141 1291 2186 inscriptum
1318 2144 1391 2176 est:
1423 2141 1586 2184 „Summo
1610 2142 1793 2177 Pontifici“
1825 2147 1859 2178 et
1886 2145 2006 2178 exstat

245 2193 474 2228 Vindobonae
500 2193 535 2227 in
561 2193 709 2228 archivo
735 2194 838 2228 aulae
865 2206 1064 2236 caesareae,
1095 2194 1295 2237 „Romana“
1329 2196 1414 2229 1561
1446 2195 1542 2240 Sept.
1568 2207 1601 2229 n.
1630 2196 1684 2230 38.

363 2271 406 2304 Sc
434 2271 636 2304 Societatem
662 2272 740 2305 Iesu
774 2276 803 2305 et
829 2273 869 2305 ob
897 2274 1008 2315 ipsius
1043 2275 1168 2306 merita
1205 2277 1235 2306 et
1271 2274 1310 2307 ob
1330 2273 1512 2316 pontific-173
1547 2275 1877 2307 commendationem
1911 2275 2007 2307 omm'

243 2335 377 2367 semper
400 2325 524 2366 facore
544 2330 829 2367 prosecutam-eme.

362 2407 619 2450 Beatissime
652 2410 721 2450 etc
755 2443 763 2450 .
797 2408 966 2451 Literas
1000 2408 1256 2451 Sanctitatis
1288 2409 1498 2459 Vestrae,
1541 2408 1692 2461 quibus
1728 2411 1883 2451 octaua
1915 2408 2005 2450 dies

243 2473 431 2525 Augusti
464 2472 683 2527 adscripta
705 2476 813 2523 erat,
847 2473 1013 2515 decima
1044 2474 1169 2515 huius
1191 2473 1352 2515 mensis
1376 2473 1620 2528 accepimus
1655 2508 1662 2516 .
1696 2474 1753 2515 Jn
1784 2474 1837 2528 ijs
1860 2476 2005 2516 autem

245 2537 463 2580 Sanctitas
505 2541 653 2580 vestra
693 2538 947 2581 societatem
985 2538 1112 2580 Ihesu
1154 2539 1387 2592 diligenter
1427 2539 1549 2580 nobis
1590 2540 1863 2581 commendat
1909 2553 2004 2581 cum

243 2602 550 2645 testificatione
590 2604 843 2657 praeclarae
884 2618 934 2645 ac
977 2603 1209 2657 singularis
1255 2618 1360 2646 suae
1405 2618 1510 2657 erga
1551 2618 1647 2646 eum
1692 2604 1885 2645 ordinem
1927 2618 2004 2646 uo-

243 2667 438 2710 luntatis.
501 2669 558 2710 Jn
600 2683 682 2721 quo
725 2669 915 2710 ornando
955 2672 998 2711 et
1039 2668 1365 2723 amplificando,
1409 2668 1606 2722 quoniam
1650 2669 1860 2711 hactenus
1900 2668 2005 2710 nihil

245 2733 373 2787 studij
408 2736 484 2776 aut
516 2733 644 2787 officij
683 2733 1074 2788 praetermisimus,
1116 2749 1196 2788 par
1238 2736 1304 2776 est
1346 2736 1393 2776 vt
1435 2734 1635 2788 deinceps
1677 2748 1845 2787 quoque
1884 2733 2004 2775 illum

243 2797 394 2839 fauore
442 2801 486 2840 et
531 2798 802 2851 benignitate
848 2802 999 2841 nostra
1051 2799 1411 2853 complectamur;
1469 2799 1702 2841 accedente
1747 2799 2005 2853 praesertim

245 2862 501 2906 Sanctitatis
532 2865 706 2905 vestrae
738 2863 924 2917 benigna
957 2863 1341 2914 commendatione,
1382 2863 1501 2906 cuius
1534 2878 1585 2906 ea
1616 2863 1682 2905 vis
1715 2866 1793 2915 est,
1827 2867 1876 2906 ut
1908 2878 2002 2905 cum
2073 2915 2075 2918 ·

245 2927 360 2970 dicta
402 2929 586 2971 societas
628 2929 716 2971 suis
754 2929 798 2971 in
829 2929 1038 2983 Rempub.
1081 2928 1359 2971 christianam
1401 2929 1587 2978 meritis,
1629 2928 1921 2981 singularique
1960 2928 2004 2969 in
2067 2971 2069 2975 ,

363 3078 377 3092 ³
401 3073 445 3106 R.
471 3084 537 3106 om.
562 3072 663 3117 ipsis.
762 3073 776 3093 b
802 3072 950 3107 Petrum
976 3074 1018 3107 R.

366 3131 377 3145 ⁰
403 3127 444 3159 R.
481 3137 544 3160 om.
573 3128 594 3159 8
620 3138 667 3160 vv.
693 3138 787 3170 sqq„
823 3132 852 3160 et
887 3138 974 3170 quae
1008 3138 1049 3160 ea
1082 3130 1291 3170 sequuntur,
1327 3137 1398 3160 non
1423 3127 1487 3159 hoc
1513 3127 1604 3170 loco,
1638 3126 1698 3159 sed
1730 3126 1769 3159 in
1804 3126 2004 3158 litterarum

246 3178 348 3210 initio
368 3180 481 3220 ponit.
580 3179 595 3198 ⁴³
622 3179 837 3222 Hungariae,
865 3182 900 3213 et
927 3181 968 3213 R.
1067 3186 1078 3199 Θ
1104 3179 1140 3212 in
1166 3178 1405 3213 Romanorum
1433 3179 1687 3223 Imperatorem
1714 3177 1827 3212 electo
1853 3179 1895 3212 R.
