2093 3444
216 181 299 222 170
509 177 587 212 572.
626 176 792 212 Canisius
818 178 947 213 Iacobo
973 179 1108 215 Lainio.
1153 180 1354 227 Oeniponte
1383 182 1435 217 18.
1463 182 1555 216 Iunii
1583 184 1684 218 1561.

211 297 480 350 insegnando
513 297 553 339 le
586 297 743 339 lettere
778 311 857 339 con
890 298 1028 341 frutto
1072 302 1116 342 et
1148 300 1263 342 buon
1304 301 1436 343 odore
1468 303 1541 344 ma
1574 302 1766 344 anchora
1797 305 1986 346 trattare

210 364 254 404 et
286 362 496 403 risoluere
530 362 618 404 casi
647 362 760 416 dubij
786 365 830 405 et
863 363 1025 418 difficilj
1050 365 1166 407 nella
1188 366 1374 408 materia
1397 366 1498 408 delli
1529 367 1682 409 canoni
1705 381 1728 409 o
1751 367 1984 421 theologia,

207 426 359 479 liquali
391 441 540 481 spesse
573 428 690 470 uolte
723 441 979 480 occorrono,
1023 429 1068 471 in
1110 430 1381 473 confessione
1414 435 1459 475 et
1490 431 1588 473 fuor
1625 432 1667 474 di
1700 432 1984 476 confessione.

208 492 390 534 Ricerca
423 492 615 534 anchora
647 495 800 546 questo
834 493 877 535 la
910 494 1076 546 qualita
1109 495 1151 537 di
1184 495 1293 538 certi
1324 497 1504 539 maesti-i
1530 496 1680 550 liquali
1713 511 1818 540 sono
1850 498 1985 541 molto

207 557 378 600 lettrati
411 560 455 599 et
486 557 619 599 fanno
662 557 771 600 dotti
805 557 1011 613 discepolj
1044 560 1088 602 in
1131 564 1286 614 questa
1318 561 1414 604 Cita
1431 563 1458 604 1.
1523 562 1581 604 Et
1612 562 1769 605 merita
1801 563 1985 617 special-

207 625 353 664 mente
394 623 550 676 questa
591 623 814 677 prouincia
854 625 1077 678 tyrolense
1120 626 1162 667 di
1203 626 1340 668 hauer
1381 627 1602 679 singulare
1643 628 1761 670 aiuto
1803 629 1985 670 essendo

206 687 279 742 piu
303 687 545 730 catholicaa
573 688 651 730 che
673 689 863 730 nessuna',
886 690 1000 732 altra
1023 691 1274 744 germanica
1297 694 1341 734 et
1362 693 1448 733 non
1469 691 1666 734 hauendo
1691 693 1779 734 cosi
1801 693 1984 736 lasciato

205 752 468 806 lusingarsib
501 753 604 795 dalli
637 753 815 796 heretici
850 757 969 797 come
1002 755 1043 798 10
1076 756 1202 799 altre.
1260 757 1382 799 Onde
1414 756 1471 798 lei
1504 771 1583 799 0011
1616 758 1659 799 13
1691 758 1870 800 bauiera
1901 759 1984 801 ben
2037 763 2043 766 ’

207 817 284 859 0110
329 818 372 859 111
416 818 539 860 1110111
583 818 702 871 luogi
746 822 927 872 guasta,
973 821 1117 875 potria
1165 821 1467 875 assimigliarsi
1510 822 1709 864 tribubus
1752 823 1893 866 Judae
1940 827 1985 867 et

206 883 432 924 Benianim
457 881 556 937 [sic]
587 884 837 926 cultricibus
861 885 928 926 dei
951 889 995 928 et
1017 886 1057 928 10
1081 887 1191 928 altre
1214 886 1462 941 prouinciae
1487 887 1528 928 di
1552 888 1784 930 Germania
1807 877 1984 942 reliquis

206 949 353 990 decem
387 948 584 991 tribubus
629 949 684 990 ad
715 949 1048 993 ζ111010131113111ε
1089 951 1310 994 conuersis
1325 954 1354 995 2.
1417 952 1481 994 La
1512 953 1562 995 R.
1598 953 1649 996 V.
1683 968 1733 996 sa
1764 954 1872 996 bene
1906 955 1983 996 che

207 1016 362 1067 questa
404 1014 491 1056 cita
525 1017 548 1056 e
582 1028 701 1056 come
742 1015 772 1056 il
806 1029 934 1057 cuore
975 1019 1018 1059 et
1058 1017 1101 1058 la
1135 1017 1227 1060 vita
1269 1018 1310 1059 di
1352 1020 1470 1060 tutta
1511 1018 1553 1060 la
1594 1019 1817 1072 prouincia
1848 1020 1983 1062 molto

205 1079 385 1122 stimata
419 1082 463 1121 et
505 1083 652 1122 amata
694 1080 763 1122 del
798 1081 909 1122 buon
942 1082 1220 1136 Jmperatore
1262 1083 1378 1125 nella
1410 1083 1538 1136 quale
1578 1083 1638 1125 lui
1681 1084 1738 1140 ha
1775 1084 1910 1127 eletta
1942 1085 1984 1127 la

204 1159 284 1186 sua
316 1146 541 1199 sepultura
574 1147 618 1187 et
651 1145 760 1187 doue
793 1160 923 1188 senza
957 1147 1084 1189 dubio
1118 1147 1360 1194 desideria‘¹
1396 1147 1456 1203 [Ρ]
1493 1148 1642 1191 viuere
1675 1152 1719 1192 et
1750 1150 1921 1193 morire.

324 1215 471 1265 Questi
507 1216 677 1270 Signori
720 1217 755 1258 01
789 1217 931 1260 11311110
970 1219 1153 1273 prouisti
1196 1219 1237 1260 di
1270 1234 1356 1261 vna
1390 1220 1521 1262 barca
1561 1220 1673 1262 insin
1707 1235 1733 1263 a
1764 1221 1936 1263 Vienna
1951 1222 1980 1272 3,

204 1281 314 1323 doue
346 1281 382 1322 51
414 1284 693 1324 trattaranno
727 1283 766 1324 le
800 1297 899 1325 cose
933 1298 1012 1325 con
1045 1298 1125 1326 5113
1156 1284 1344 1328 Μ310513
1376 1285 1448 1339 piu
1482 1286 1508 1327 a
1539 1286 1705 1328 minuto
1744 1286 1802 1328 dil
1835 1287 1913 1328 che
1945 1287 1981 1329 si

203 1346 481 1400 rallegranno
524 1347 638 1398 loro,
683 1362 769 1389 non
813 1349 1002 1402 potendo
1036 1363 1121 1402 qua
1153 1349 1276 1392 finire
1308 1353 1461 1404 queste
1494 1364 1593 1393 cose
1627 1365 1747 1393 come
1778 1351 1821 1393 in
1854 1366 1981 1406 prae-

203 1412 345 1453 sentia
378 1412 445 1454 del
468 1413 757 1467 „Imperatore
803 1413 1040 1456 Domatina
1071 1414 1306 1468 piaccendo
1330 1415 1371 1457 31
1396 1415 1577 1469 Signore
1607 1416 1645 1458 01
1667 1416 1982 1459 imbacraremo

204 1478 418 1531 sperando
453 1478 493 1519 di
528 1478 748 1520 celebrare
781 1478 822 1520 in
857 1478 1018 1521 vienna
1051 1480 1093 1521 la
1123 1479 1274 1533 vigilia
1307 1495 1330 1521 o
1365 1480 1404 1522 al
1438 1480 1511 1535 piu
1543 1481 1673 1535 longo
1706 1481 1749 1524 13
1780 1481 1896 1524 festa
1941 1481 1982 1523 di

204 1660 356 1695 nominis
393 1661 499 1695 odore
526 1662 699 1695 tradendo
735 1661 868 1696 scholis
904 1662 1136 1705 satisfacere,
1172 1655 1234 1698 sed
1271 1663 1379 1697 etiam
1407 1664 1650 1699 dubitationes
1685 1667 1722 1699 et
1748 1665 1982 1700 difficultates

204 1714 246 1747 ad
275 1726 430 1749 canones
457 1714 515 1748 vel
542 1715 761 1759 theologiam
789 1718 1015 1761 spectantes,
1052 1716 1178 1761 quales
1205 1721 1240 1752 et
1266 1717 1301 1751 in
1328 1729 1431 1752 sacra
1457 1718 1681 1752 confessione
1708 1721 1744 1753 et
1769 1720 1874 1753 extra
1901 1731 1981 1753 con-

203 1767 396 1802 fessionem
424 1779 532 1814 saepe
551 1772 754 1810 occurrunt,
782 1772 937 1804 tractare
965 1772 1001 1804 et
1027 1770 1208 1804 resolvere
1226 1770 1375 1816 possint.
1414 1771 1451 1805 Id
1472 1772 1562 1815 quod
1591 1772 1699 1806 etiam
1724 1772 1980 1816 magistrorum

206 1821 429 1865 quorundam
457 1821 548 1856 ratio
576 1822 699 1865 exigit,
727 1822 788 1867 qui
808 1822 913 1857 valde
939 1823 1093 1858 litterati
1119 1827 1203 1858 sunt
1230 1827 1266 1858 01
1292 1824 1415 1858 (100105
1442 1824 1605 1859 efficiunt
1630 1825 1825 1870 discipulos
1850 1826 1886 1859 in
1912 1825 1981 1860 hac

202 1874 387 1909 civitate¹.
440 1876 558 1919 Atque
594 1876 769 1921 imprimis
805 1876 914 1920 digna
950 1879 1005 1911 est
1040 1877 1226 1922 provincia
1260 1877 1349 1912 haec
1384 1877 1584 1920 tirolensis,
1621 1890 1711 1923 quae
1746 1878 1981 1923 singulariter

203 1928 414 1970 adiuvetur3
452 1940 534 1962 nam
570 1930 686 1973 magis
725 1936 780 1963 est
816 1930 993 1965 catholica
1029 1942 1134 1974 quam
1174 1930 1247 1965 ulla
1286 1931 1357 1966 alia
1392 1931 1606 1966 Germaniae
1641 1932 1825 1977 provincia
1863 1944 1979 1977 neque

202 1983 399 2027 tantopere,
428 1994 536 2026 quam
562 1983 732 2027 reliquae,
761 1983 953 2018 haereticis
979 1996 1084 2018 aures
1111 1984 1286 2029 praebuit.
1338 1984 1455 2026 Quare
1482 1985 1560 2030 ipsa
1586 1997 1667 2019 cum
1693 1985 1868 2028 Bavaria,
1895 1985 1980 2020 licet

202 2035 291 2069 haec
318 2035 441 2069 multis
468 2035 557 2070 locis
584 2040 751 2081 corrupta
779 2038 842 2077 sit,
870 2037 1033 2071 tribubus
1060 2038 1168 2072 Iudae
1195 2040 1232 2072 et
1258 2038 1444 2072 Beniamin
1470 2038 1680 2073 cultricibus
1706 2038 1791 2081 Dei,
1818 2039 1979 2084 reliquae

203 2087 416 2122 Germaniae
444 2089 651 2134 provinciae
686 2089 835 2134 reliquis
862 2090 984 2125 decem
1020 2090 1184 2125 tribubus
1220 2091 1264 2125 ad
1291 2091 1528 2126 idololatriam
1565 2093 1750 2127 conversis
1785 2092 1980 2127 assimilari

201 2144 353 2187 possunt
365 2142 389 2176 2.
440 2142 515 2176 Nec
541 2142 582 2177 R.
602 2143 644 2177 V.
673 2143 815 2187 ignorat
850 2144 1036 2178 civitatem
1071 2144 1164 2178 hanc
1198 2144 1310 2179 totius
1335 2145 1543 2190 provinciae
1569 2145 1672 2190 quasi
1708 2157 1767 2180 cor
1802 2150 1839 2180 et
1864 2145 1977 2180 vitam

202 2206 280 2229 esse
317 2197 353 2229 et
379 2195 423 2229 ab
451 2196 584 2240 optimo
620 2196 833 2241 imperatore
867 2197 988 2241 magni
1016 2198 1093 2232 fieri
1119 2197 1297 2242 valdeque
1333 2200 1464 2240 amari;
1501 2198 1536 2232 in
1563 2210 1634 2243 qua
1668 2199 1745 2244 ipse
1771 2199 1976 2244 sepulcrum

202 2248 270 2283 sibi
297 2248 440 2292 delegit,
469 2252 504 2283 et
530 2249 590 2284 ubi
616 2250 694 2284 sine
721 2250 826 2284 dubio
854 2253 890 2285 et
917 2251 1040 2285 vivere
1068 2253 1103 2285 et
1129 2251 1219 2285 mori
1245 2251 1354 2296 cupit.

321 2306 462 2341 Domini
489 2307 525 2342 hi
551 2308 755 2343 naviculam
782 2309 885 2344 nobis
911 2309 1166 2355 providerunt,
1199 2322 1269 2354 qua
1295 2311 1544 2345 Vindobonam
1577 2322 1691 2355 usque
1717 2311 1976 2353 veheremur³;

201 2360 262 2394 ubi
287 2372 345 2395 res
371 2373 452 2396 011111
479 2361 668 2396 maiestate
694 2374 760 2397 sua
785 2363 902 2406 magis
928 2363 1138 2406 singulatim
1165 2364 1437 2405 tractabuntur;
1463 2364 1497 2398 id
1518 2364 1612 2409 quod
1638 2364 1727 2409 ipsis
1753 2364 1883 2409 gaudio
1911 2367 1976 2406 est,

202 2426 281 2448 cum
310 2414 368 2448 hic
393 2414 464 2456 ita,
491 2417 531 2448 ut
557 2426 674 2449 coram
703 2416 938 2461 imperatore,
964 2416 1053 2451 haec
1080 2416 1268 2451 absolvere
1294 2429 1363 2451 non
1389 2417 1538 2462 possint.
1591 2417 1680 2452 Cras
1705 2429 1809 2452 mane
1835 2418 1976 2452 domino

203 2467 357 2512 propitio
383 2467 588 2502 naviculam
616 2470 907 2510 conscendemus,
934 2472 1132 2515 sperantes,
1159 2482 1224 2504 nos
1242 2471 1474 2505 Vindobonae
1500 2470 1533 2506 S.
1559 2471 1701 2505 Ioannis
1728 2471 1888 2515 vigiliam
1915 2471 1974 2505 vel

322 2608 336 2622 ²¹
363 2601 547 2636 cacholica
573 2604 629 2645 A;
654 2603 823 2637 eattolica
849 2605 890 2637 B.
990 2604 1004 2624 ¹³
1031 2606 1087 2638 Ita
1112 2606 1167 2643 B,·
1191 2604 1385 2649 lusingorsi
1411 2607 1456 2639 A.
1555 2611 1567 2626 ⁰
1592 2605 1800 2640 Idolatriam
1826 2607 1868 2640 B.

324 2655 339 2675 <¹
366 2656 426 2689 Sic
453 2657 508 2698 A,·
534 2656 699 2690 desidera
724 2657 767 2690 Β.

325 2794 334 2812 ¹
362 2792 528 2827 Canisius
569 2793 797 2839 potissimum
838 2794 1044 2839 significare
1085 2795 1230 2830 videtur
1276 2795 1425 2830 Petrum
1474 2796 1693 2831 Collatinum
1735 2795 1971 2831 Posthumum

203 2845 239 2888 (†
268 2845 374 2889 1569)
402 2846 632 2888 tirolensem,
665 2847 913 2892 philosophiae
939 2848 1121 2882 doctorem
1147 2852 1184 2883 et
1213 2850 1399 2891 „comitem
1425 2849 1668 2894 palatinum“,
1695 2849 1778 2894 qui,
1816 2849 1850 2883 in
1877 2861 1972 2894 pago

201 2898 341 2932 Wilten
367 2910 476 2944 prope
503 2899 740 2945 Oenipontem
766 2900 945 2943 habitans,
972 2913 1053 2936 cum
1081 2901 1234 2946 Georgio
1260 2902 1434 2937 Marbach
1460 2903 1559 2937 urbis
1585 2902 1844 2948 oenipontanae
1869 2903 1970 2937 scho-

200 2951 272 2985 lam
304 2951 454 2986 latinam
480 2965 544 2998 per
568 2953 701 2988 multos
727 2965 839 2988 annos
865 2954 1024 2997 regebat.
1077 2955 1372 3000 Christophorum
1400 2956 1632 2991 Guilielmum
1658 2955 1804 2995 Putsch,
1830 2955 1971 2990 histori-

200 3016 282 3038 cum
307 3004 525 3045 tirolensem,
553 3006 722 3040 Collatini
749 3007 964 3052 discipulum
989 3007 1102 3042 fuisse
1128 3011 1271 3043 constat
1299 3009 1414 3052 (Hirn
1438 3008 1461 3042 l.
1488 3020 1518 3043 0.
1544 3009 1571 3050 Ι,
1598 3008 1796 3044 343—344.
1823 3009 1920 3052 354).

321 3058 334 3078 ²
361 3057 415 3092 Cf.
441 3058 462 3092 3
488 3058 577 3103 Reg.
607 3060 660 3099 12,
689 3059 815 3094 1—-21,
842 3060 983 3095 25—33
1010 3064 1077 3095 etc.

322 3110 335 3130 ³
359 3110 431 3145 Per
468 3110 607 3146 Oenum
645 3114 681 3146 et
718 3124 781 3157 per
818 3112 1025 3147 Danuvium
1063 3125 1084 3148 a
1122 3114 1261 3148 duobus
1298 3113 1420 3149 nautis
1458 3113 1555 3148 vecti
1592 3116 1677 3148 sunt
1688 3126 1696 3154 ;
1739 3113 1822 3148 vide
1863 3113 1969 3156 infra,

201 3174 355 3197 monum.
384 3164 463 3198 314.
491 3164 571 3199 316.
