2093 3444
167 185 246 219 529.
284 184 449 218 Canisius
476 185 631 219 Antonio
657 185 786 219 Vinck.
830 186 923 229 Aug.
951 186 1057 221 Vind.
1084 187 1150 221 sub
1177 187 1333 222 medium
1360 200 1405 222 m.
1433 188 1605 223 Martium
1634 188 1735 223 1561.
1810 192 1862 232 67

208 302 342 344 Pater
373 304 521 344 noster
552 302 877 356 prouincialis1,
912 304 1135 346 nobiscum
1163 304 1363 347 Coloniae
1391 306 1496 358 agit,
1531 307 1777 361 scripsisset
1812 308 1866 350 ad

89 367 139 410 R.
175 367 227 410 V.
261 367 298 408 si
330 381 461 409 ausus
498 367 676 418 fuisset,
719 368 847 411 timet
879 369 930 412 R.
965 370 1017 412 V.
1051 369 1113 411 illi
1147 371 1378 421 offensam,
1421 375 1601 426 propter
1632 374 1866 415 Doctorem

89 433 389 474 Hermannum
421 447 549 485 quem
573 433 865 476 Treuerenses
898 434 1109 478 hactenus
1143 435 1423 478 detinuerunt
1439 438 1467 486 2,
1504 439 1703 490 querelas
1737 438 1786 480 R.
1813 439 1864 481 V.

89 499 299 540 aduersus
331 500 502 552 patrem
535 498 846 552 prouincialem
881 513 935 541 ex
968 500 1107 542 literis
1139 501 1189 543 R.
1215 501 1267 543 V.
1303 501 1357 542 ad
1383 501 1660 544 Colonienses
1693 503 1866 557 scriptis

90 563 198 606 satis
231 563 363 605 etiam
395 563 712 613 intelleximus,
756 564 901 606 nescio
936 580 991 607 311
1025 580 1172 607 omnes
1206 566 1259 607 ad
1300 580 1407 619 quos
1440 567 1490 609 R.
1525 568 1577 610 V.
1612 569 1866 621 querulosa-s

89 629 241 671 literas
274 628 393 671 dedit
425 628 588 671 fuerint
621 629 729 670 satis
763 630 995 681 aedificati,

211 694 432 736 auditores
465 708 572 747 quos
603 694 736 737 habet
758 696 808 737 D.
835 696 1113 738 Hermannus
1136 696 1346 748 Ecclesia,
1381 700 1426 740 et
1455 697 1490 739 si
1513 699 1658 752 ampla
1691 699 1749 741 sit
1781 713 1867 740 11011

92 759 230 814 031111,
265 760 459 813 aliquota
489 759 609 801 milia
641 759 833 802 virorum
867 775 1039 815 semper
1070 764 1326 816 praesentes
1359 766 1472 814 sunt,
1506 763 1757 806 mulieribus
1789 779 1866 806 ex-

90 825 242 880 ceptis.
306 826 598 867 Treuerenses
638 827 796 879 putant
837 826 991 869 celitus
1023 826 1104 868 sibi
1144 827 1257 869 hunc
1288 827 1506 870 hominem
1547 829 1738 871 missum.
1782 844 1867 871 non

91 890 333 932 audiuimus
351 890 402 932 D.
422 890 720 932 Hermannum
742 891 832 932 tale
850 890 1011 944 aliquid
1028 891 1072 933 in
1090 892 1310 946 Superiori
1330 893 1562 935 Germania
1579 894 1865 948 praestitisse.

211 955 311 998 Non
344 959 445 998 sunt
469 957 507 998 2.
532 969 702 997 menses
726 969 782 997 ex
805 970 887 1009 quo
912 957 1180 998 Treuerense
1203 957 1439 1011 Collegium
1462 958 1681 1012 inceptum
1708 962 1788 1010 est,
1824 962 1868 1002 et

91 1021 177 1063 iam
201 1021 283 1062 duo
305 1021 464 1063 ibidem
487 1034 582 1062 sese
606 1021 816 1063 Societati
840 1021 1133 1065 adiunxerunt
1156 1037 1338 1075 quorum
1361 1038 1472 1065 Vnus
1490 1023 1730 1066 Canonicus
1754 1027 1821 1067 est
1836 1026 1866 1075 3,

212 1086 417 1128 ostendat
449 1100 581 1139 queso
605 1086 655 1129 R.
680 1087 732 1129 V.
767 1086 890 1128 nobis
922 1087 1097 1130 solitam
1130 1102 1254 1130 suam
1280 1088 1562 1140 Charitatem,
1596 1104 1682 1131 non
1714 1104 1866 1144 parum

91 1152 298 1194 vtilitatis
335 1151 561 1194 adferrent
601 1151 685 1194 toti
726 1152 951 1205 germanie
991 1153 1077 1194 tria
1119 1153 1205 1195 ista
1238 1153 1431 1207 Collegia
1472 1154 1713 1209 principum
1755 1156 1868 1197 0100-

91 1220 249 1267 torum,
283 1217 320 1259 si
350 1217 394 1258 in
428 1217 577 1259 ordine
610 1220 770 1268 essent,
804 1217 917 1260 sicut
948 1218 1070 1260 breui
1102 1218 1296 1262 futurum
1323 1233 1561 1273 speramus,
1595 1234 1674 1262 nec
1706 1235 1868 1275 paucos

93 1283 324 1337 aliquando
357 1283 518 1325 fratres
550 1282 601 1325 R.
635 1283 688 1325 V.
724 1297 779 1325 ex
810 1282 907 1325 istis
937 1284 1139 1338 Collegijs
1170 1284 1364 1338 recipiet,
1398 1299 1499 1327 nam
1531 1285 1657 1328 multi
1689 1286 1757 1328 hic
1790 1286 1868 1328 So-

93 1348 243 1391 cietati
275 1361 371 1390 sese
404 1349 592 1390 offerunt
624 1350 669 1390 et
691 1348 837 1402 plures
870 1363 999 1402 quam
1022 1349 1259 1402 Collegium
1292 1353 1489 1392 nostrum
1520 1364 1675 1405 capere
1707 1353 1866 1405 potest.

212 1414 412 1467 ignoscat
452 1413 556 1455 mihi
597 1413 647 1456 R.
688 1413 740 1456 V.
784 1414 837 1455 de
878 1429 975 1456 mea
1006 1415 1211 1457 libertate
1252 1414 1406 1466 nimia,
1449 1430 1534 1457 non
1576 1416 1723 1459 dubito
1766 1417 1869 1470 quin

93 1480 144 1522 R.
177 1479 230 1522 V.
264 1479 352 1521 ista
384 1479 537 1521 melius
570 1479 734 1532 cogitet
768 1482 812 1521 et
842 1479 1074 1533 intelligat,
1109 1494 1238 1533 quam
1271 1494 1351 1534 ego
1385 1495 1558 1535 possem
1590 1481 1791 1524 scribere.

212 1545 318 1587 Cras
340 1547 489 1587 noster
510 1546 697 1598 regens4
718 1545 989 1598 Maguntiam
1014 1545 1325 1600 proficiscetur,
1350 1546 1549 1589 Materno
1563 1547 1580 1574 5
1601 1546 1682 1589 hac
1705 1547 1868 1589 hebdo—

92 1611 222 1653 mada
253 1610 589 1653 satisfaciemus.

215 1690 238 1730 9
272 1687 433 1741 Martij.

166 1817 167 1820 ¹
212 1775 350 1810 Nomen
382 1787 488 1810 suum
514 1776 659 1820 quidem
685 1776 814 1810 Kessel
841 1775 968 1810 harum
994 1775 1197 1810 litterarum
1233 1776 1440 1822 apographo
1466 1789 1536 1811 non
1562 1777 1796 1822 subscripsit:
1833 1780 1869 1812 31

94 1831 131 1864 et
154 1821 244 1864 liaeo
266 1829 345 1874 ipsa
363 1840 421 1863 res
442 1829 492 1873 (v.
511 1841 621 1874 supra
639 1841 672 1874 p.
691 1830 723 1863 5.
744 1830 775 1863 7.
798 1828 870 1873 16),
898 1831 933 1863 et
964 1831 1062 1863 totus
1088 1841 1205 1863 sermo
1231 1829 1349 1874 ipsum
1375 1830 1552 1875 epistulae
1579 1832 1762 1865 auctorem
1789 1843 1868 1865 esse

93 1883 339 1917 manifestant.
391 1882 494 1916 Anno
522 1885 643 1917 autem
673 1883 760 1917 1561
791 1894 869 1916 eam
895 1882 1066 1927 scriptam
1095 1894 1173 1917 esse
1199 1885 1276 1917 tum
1310 1895 1356 1917 ex
1390 1884 1467 1918 loco
1503 1884 1654 1926 codicis,
1690 1896 1759 1928 quo
1792 1885 1868 1919 eius

94 1936 342 1982 apographum
368 1935 525 1981 positum
553 1938 617 1973 est,
644 1938 721 1969 tum
749 1947 793 1969 ex
819 1936 936 1977 rebus.
965 1947 1055 1980 quas
1082 1936 1251 1977 continet,
1278 1936 1385 1971 facile
1411 1939 1522 1982 patet.

918 2059 1048 2101 529.

835 2153 1132 2200 CANISIUS

538 2258 602 2299 P.
637 2257 963 2300 ANTONIO
996 2256 1227 2300 VINGK
1261 2257 1316 2300 S.
1350 2257 1424 2311 J„

704 2339 835 2373 rectori
862 2338 1006 2382 collegii
1031 2338 1262 2372 treverensis.

416 2419 584 2466 Augusta
611 2418 886 2455 Vindelicorum
913 2419 978 2455 sub
1005 2418 1162 2455 medium
1189 2430 1235 2456 111.
1262 2420 1434 2456 Martium
1460 2419 1546 2457 1561.

214 2502 271 2537 Ex
288 2503 430 2536 Vinclric'
456 2503 492 2535 et
510 2503 738 2536 Meo-curtam·
756 2502 922 2547 epistulis
941 2502 1187 2548 autographis.
1225 2503 1307 2537 Cod.
1332 2502 1394 2545 „G.
1414 2503 1478 2549 Ep.
1498 2505 1562 2538 II.“
1594 2505 1617 2538 f.
1641 2504 1738 2539 188³.
1769 2505 1867 2539 1422.

215 2574 253 2608 P.
286 2574 487 2617 Thyraeum¹
519 2573 789 2608 Trewrensibus
816 2575 913 2607 cedit.
966 2575 1158 2617 Maffistros
1187 2574 1335 2608 Colonia
1361 2575 1429 2608 sibi
1454 2576 1547 2608 mitti
1572 2577 1677 2619 cupit.

214 2691 228 2706 ³³
255 2684 400 2729 aliquod
427 2695 549 2728 apogr.

220 2797 228 2815 ¹
255 2794 462 2828 Everardus
488 2794 748 2829 Mercu1·ianus.

217 2848 230 2868 2
256 2848 295 2882 P.
323 2848 571 2882 Hermannum
597 2847 803 2893 Thyraeum
829 2848 935 2889 dicit;
964 2849 1006 2882 de
1033 2860 1103 2892 qua
1129 2860 1167 2882 re
1193 2848 1276 2882 vide
1303 2860 1412 2893 supra
1438 2860 1472 2893 p.
1500 2849 1554 2883 2⁴.
1581 2849 1634 2883 62.
1664 2849 1719 2883 20.
1747 2849 1803 2884 39.

217 2903 230 2922 3
256 2901 296 2935 P.
316 2903 496 2935 Antonias
512 2902 545 2934 V
546 2902 636 2945 buck,
663 2901 805 2945 collegii
830 2902 1051 2936 treverensis
1077 2903 1205 2942 rector,
1232 2901 1399 2936 Treveris
1420 2902 1473 2936 19.
1492 2901 1615 2935 Martii
1636 2902 1724 2936 1561
1744 2902 1868 2937 Lainio

95 2954 293 3000 *sci-ipsit,
320 2954 497 2988 admissos
524 2965 604 2988 esse
630 2954 718 2992 duos
742 2954 905 2988 novicios
930 2954 1061 2997 gallice
1086 2954 1295 2998 loquentes,
1326 2966 1436 2989 unum
1462 2966 1481 2988 e
1506 2955 1624 3000 patria
1651 2956 1868 2991 Mercuriani

99 3008 326 3053 (Mericourt,
352 3019 448 3042 nunc
472 3007 680 3052 provinciae
706 3007 1021 3052 luxemburgensis
1046 3008 1149 3051 regni
1175 3007 1346 3051 belgici),
1373 3007 1527 3042 alterum
1552 3008 1648 3042 haud
1673 3009 1798 3054 procul
1823 3011 1868 3044 ab

97 3062 222 3096 eadem
249 3064 378 3102 ortum,
406 3063 514 3105 atque
541 3061 635 3094 hunc
658 3061 703 3095 25
721 3061 797 3095 fere
814 3072 927 3095 annos
943 3064 1079 3103 natum,
1107 3061 1341 3102 sacerdotem,
1369 3061 1579 3095 canonicum
1596 3063 1866 3098 nassoviensem

97 3126 177 3149 esse
206 3114 267 3159 (ex
293 3114 530 3159 autographo.
569 3114 653 3148 Cod.
685 3113 746 3156 „G.
776 3114 839 3160 Ep.
866 3115 919 3148 11⁶⁴
950 3115 974 3149 f.
1004 3114 1121 3159 1882).
1192 3148 1195 3149 γ

217 3169 230 3188 4
255 3167 427 3209 Rethius;
455 3168 538 3201 vide
564 3178 674 3212 supra
701 3179 734 3212 p.
761 3167 819 3202 43.
918 3169 931 3187 ⁵
958 3167 1106 3202 Cholino
1133 3167 1378 3213 typographo;
1406 3168 1488 3202 vide
1513 3179 1624 3212 supra
1649 3180 1683 3214 p.
1709 3169 1766 3204 43.

1543 3229 1590 3260 0⁶2³
