<?xml version="1.0" encoding="UTF-8"?>
<!DOCTYPE html PUBLIC "-//W3C//DTD XHTML 1.0 Transitional//EN"
    "http://www.w3.org/TR/xhtml1/DTD/xhtml1-transitional.dtd">
<html xmlns="http://www.w3.org/1999/xhtml" xml:lang="en" lang="en">
 <head>
  <title>
</title>
<meta http-equiv="Content-Type" content="text/html;charset=utf-8" />
  <meta name='ocr-system' content='tesseract 3.04.00' />
  <meta name='ocr-capabilities' content='ocr_page ocr_carea ocr_par ocr_line ocrx_word'/>
</head>
<body>
  <div class='ocr_page' id='page_1' title='image "beatipetricanisi03cani_0341.png"; bbox 0 0 2093 3444; ppageno 0'>
   <div class='ocr_carea' id='block_1_1' title="bbox 275 180 1849 230">
    <p class='ocr_par' dir='ltr' id='par_1_1' title="bbox 275 180 1849 230">
     <span class='ocr_line' id='line_1_1' title="bbox 275 180 1849 230; baseline 0.004 -15"><span class='ocrx_word' id='word_1_1' title='bbox 275 180 354 215; x_wconf 85' lang='lat'><strong>613.</strong></span> <span class='ocrx_word' id='word_1_2' title='bbox 390 180 542 214; x_wconf 87' lang='lat' dir='ltr'>Ioannes</span> <span class='ocrx_word' id='word_1_3' title='bbox 569 180 611 214; x_wconf 90' lang='lat' dir='ltr'>de</span> <span class='ocrx_word' id='word_1_4' title='bbox 637 180 800 216; x_wconf 88' lang='lat' dir='ltr'>Victoria</span> <span class='ocrx_word' id='word_1_5' title='bbox 828 181 982 217; x_wconf 86' lang='lat' dir='ltr'>Canisio.</span> <span class='ocrx_word' id='word_1_6' title='bbox 1026 182 1239 217; x_wconf 77' lang='lat' dir='ltr'>Vindobona</span> <span class='ocrx_word' id='word_1_7' title='bbox 1266 184 1322 218; x_wconf 85' lang='grc'>24.</span> <span class='ocrx_word' id='word_1_8' title='bbox 1350 183 1518 220; x_wconf 74' lang='lat' dir='ltr'><strong>Octobris</strong></span> <span class='ocrx_word' id='word_1_9' title='bbox 1546 185 1647 220; x_wconf 83' lang='lat'><strong>1561.</strong></span> <span class='ocrx_word' id='word_1_10' title='bbox 1765 189 1849 230; x_wconf 78' lang='lat'>265</span> 
     </span>
    </p>
   </div>
   <div class='ocr_carea' id='block_1_2' title="bbox 77 299 1853 484">
    <p class='ocr_par' dir='ltr' id='par_1_2' title="bbox 77 299 1853 484">
     <span class='ocr_line' id='line_1_2' title="bbox 77 299 1853 353; baseline 0.002 -11"><span class='ocrx_word' id='word_1_11' title='bbox 77 315 116 342; x_wconf 89' lang='lat' dir='ltr'>a.</span> <span class='ocrx_word' id='word_1_12' title='bbox 149 301 262 342; x_wconf 82' lang='lat'><strong><em>1561</em></strong></span> <span class='ocrx_word' id='word_1_13' title='bbox 297 299 420 353; x_wconf 74' lang='lat' dir='ltr'>haec,</span> <span class='ocrx_word' id='word_1_14' title='bbox 458 303 632 353; x_wconf 77' lang='lat' dir='ltr'>praeter</span> <span class='ocrx_word' id='word_1_15' title='bbox 664 300 775 351; x_wconf 80' lang='lat' dir='ltr'>alia,</span> <span class='ocrx_word' id='word_1_16' title='bbox 819 305 1021 342; x_wconf 82' lang='lat' dir='ltr'>notantur</span> <span class='ocrx_word' id='word_1_17' title='bbox 1052 316 1065 342; x_wconf 90' lang='grc'>.·</span> <span class='ocrx_word' id='word_1_18' title='bbox 1100 302 1175 353; x_wconf 66' lang='lat' dir='ltr'>„Si</span> <span class='ocrx_word' id='word_1_19' title='bbox 1207 302 1360 343; x_wconf 73' lang='lat' dir='ltr'>ordino</span> <span class='ocrx_word' id='word_1_20' title='bbox 1391 303 1462 345; x_wconf 84' lang='lat' dir='ltr'>che</span> <span class='ocrx_word' id='word_1_21' title='bbox 1501 305 1597 345; x_wconf 86' lang='lat' dir='ltr'>tutti</span> <span class='ocrx_word' id='word_1_22' title='bbox 1629 305 1659 345; x_wconf 80' lang='lat' dir='ltr'>li</span> <span class='ocrx_word' id='word_1_23' title='bbox 1691 305 1853 346; x_wconf 78' lang='lat' dir='ltr'>Rettori</span> 
     </span>
     <span class='ocr_line' id='line_1_3' title="bbox 77 365 1851 419; baseline 0.003 -13"><span class='ocrx_word' id='word_1_24' title='bbox 77 366 319 407; x_wconf 81' lang='lat' dir='ltr'>auisassero</span> <span class='ocrx_word' id='word_1_25' title='bbox 343 365 442 406; x_wconf 85' lang='lat' dir='ltr'>delli</span> <span class='ocrx_word' id='word_1_26' title='bbox 473 365 642 418; x_wconf 67' lang='lat' dir='ltr'>squeui</span> <span class='ocrx_word' id='word_1_27' title='bbox 663 365 734 406; x_wconf 78' lang='lat' dir='ltr'>che</span> <span class='ocrx_word' id='word_1_28' title='bbox 755 370 928 419; x_wconf 67' lang='lat' dir='ltr'>tenyono</span> <span class='ocrx_word' id='word_1_29' title='bbox 952 367 999 407; x_wconf 84' lang='lat' dir='ltr'>di</span> <span class='ocrx_word' id='word_1_30' title='bbox 1022 366 1240 408; x_wconf 87' lang='lat' dir='ltr'>deuotione</span> <span class='ocrx_word' id='word_1_31' title='bbox 1263 367 1309 408; x_wconf 82' lang='lat' dir='ltr'>di</span> <span class='ocrx_word' id='word_1_32' title='bbox 1332 368 1500 410; x_wconf 87' lang='lat' dir='ltr'>andare</span> <span class='ocrx_word' id='word_1_33' title='bbox 1522 370 1594 411; x_wconf 79' lang='lat' dir='ltr'>all’</span> <span class='ocrx_word' id='word_1_34' title='bbox 1616 369 1756 411; x_wconf 84' lang='lat' dir='ltr'>Jndia</span> <span class='ocrx_word' id='word_1_35' title='bbox 1781 375 1851 412; x_wconf 76' lang='lat' dir='ltr'>etc.</span> 
     </span>
     <span class='ocr_line' id='line_1_4' title="bbox 77 430 1328 484; baseline 0.001 -12"><span class='ocrx_word' id='word_1_36' title='bbox 77 431 135 472; x_wconf 90' lang='lat' dir='ltr'>ad</span> <span class='ocrx_word' id='word_1_37' title='bbox 165 430 448 484; x_wconf 49' lang='lat' dir='ltr'>litemque-1,</span> <span class='ocrx_word' id='word_1_38' title='bbox 481 431 690 484; x_wconf 69' lang='lat' dir='ltr'>Auqusta,</span> <span class='ocrx_word' id='word_1_39' title='bbox 729 430 919 472; x_wconf 82' lang='lat' dir='ltr'>Toscana</span> <span class='ocrx_word' id='word_1_40' title='bbox 955 436 990 472; x_wconf 88' lang='lat' dir='ltr'>et</span> <span class='ocrx_word' id='word_1_41' title='bbox 1021 430 1328 474; x_wconf 64' lang='lat' dir='ltr'>Lombardiaf‘</span> 
     </span>
    </p>
   </div>
   <div class='ocr_carea' id='block_1_3' title="bbox 75 521 1855 1318">
    <p class='ocr_par' dir='ltr' id='par_1_3' title="bbox 75 521 1855 672">
     <span class='ocr_line' id='line_1_5' title="bbox 195 521 1855 568; baseline 0.002 -12"><span class='ocrx_word' id='word_1_42' title='bbox 195 523 235 556; x_wconf 93' lang='lat' dir='ltr'>In</span> <span class='ocrx_word' id='word_1_43' title='bbox 261 521 368 556; x_wconf 91' lang='lat' dir='ltr'>huius</span> <span class='ocrx_word' id='word_1_44' title='bbox 399 521 572 565; x_wconf 54' lang='lat' dir='ltr'>„regestu</span> <span class='ocrx_word' id='word_1_45' title='bbox 603 523 706 566; x_wconf 86' lang='lat' dir='ltr'>parte</span> <span class='ocrx_word' id='word_1_46' title='bbox 732 525 894 558; x_wconf 71' lang='lat' dir='ltr'>extrema</span> <span class='ocrx_word' id='word_1_47' title='bbox 925 525 987 556; x_wconf 88' lang='lat' dir='ltr'>aut</span> <span class='ocrx_word' id='word_1_48' title='bbox 1013 523 1187 557; x_wconf 87' lang='lat' dir='ltr'>vocabulo</span> <span class='ocrx_word' id='word_1_49' title='bbox 1218 523 1458 568; x_wconf 81' lang='lat' dir='ltr'>„Alemagna“</span> <span class='ocrx_word' id='word_1_50' title='bbox 1490 524 1682 560; x_wconf 80' lang='lat' dir='ltr'>Germania</span> <span class='ocrx_word' id='word_1_51' title='bbox 1707 526 1855 560; x_wconf 86' lang='lat' dir='ltr'>inferior</span> 
     </span>
     <span class='ocr_line' id='line_1_6' title="bbox 75 574 1848 624; baseline 0.003 -15"><span class='ocrx_word' id='word_1_52' title='bbox 75 575 312 620; x_wconf 85' lang='lat' dir='ltr'>significatur,</span> <span class='ocrx_word' id='word_1_53' title='bbox 340 576 403 609; x_wconf 88' lang='lat' dir='ltr'>aut</span> <span class='ocrx_word' id='word_1_54' title='bbox 427 575 493 609; x_wconf 89' lang='lat' dir='ltr'>hoc</span> <span class='ocrx_word' id='word_1_55' title='bbox 519 574 668 609; x_wconf 88' lang='lat' dir='ltr'>dicitur:</span> <span class='ocrx_word' id='word_1_56' title='bbox 702 574 859 610; x_wconf 88' lang='lat' dir='ltr'>Litteras</span> <span class='ocrx_word' id='word_1_57' title='bbox 885 575 985 617; x_wconf 86' lang='lat' dir='ltr'>illas,</span> <span class='ocrx_word' id='word_1_58' title='bbox 1012 576 1219 621; x_wconf 86' lang='lat' dir='ltr'>provinciae</span> <span class='ocrx_word' id='word_1_59' title='bbox 1246 577 1281 612; x_wconf 82' lang='lat' dir='ltr'>S.</span> <span class='ocrx_word' id='word_1_60' title='bbox 1308 577 1340 611; x_wconf 80' lang='lat' dir='ltr'><strong>J.</strong></span> <span class='ocrx_word' id='word_1_61' title='bbox 1372 577 1607 620; x_wconf 70' lang='lat' dir='ltr'>„Germaniae</span> <span class='ocrx_word' id='word_1_62' title='bbox 1634 580 1848 624; x_wconf 67' lang='lat' dir='ltr'>superioris‘*</span> 
     </span>
     <span class='ocr_line' id='line_1_7' title="bbox 77 628 1406 672; baseline 0.002 -9"><span class='ocrx_word' id='word_1_63' title='bbox 77 629 288 670; x_wconf 84' lang='lat' dir='ltr'>destinatas,</span> <span class='ocrx_word' id='word_1_64' title='bbox 314 628 519 672; x_wconf 73' lang='lat' dir='ltr'><strong>Augustam</strong></span> <span class='ocrx_word' id='word_1_65' title='bbox 545 628 814 662; x_wconf 84' lang='lat' dir='ltr'>Vindelicorum</span> <span class='ocrx_word' id='word_1_66' title='bbox 843 629 903 672; x_wconf 84' lang='lat' dir='ltr'>(ad</span> <span class='ocrx_word' id='word_1_67' title='bbox 931 628 1130 672; x_wconf 87' lang='lat' dir='ltr'>Canisium)</span> <span class='ocrx_word' id='word_1_68' title='bbox 1159 630 1291 664; x_wconf 89' lang='lat' dir='ltr'>missas</span> <span class='ocrx_word' id='word_1_69' title='bbox 1317 642 1406 665; x_wconf 86' lang='lat' dir='ltr'>esse.</span> 
     </span>
    </p>

    <p class='ocr_par' dir='ltr' id='par_1_4' title="bbox 76 681 1855 1318">
     <span class='ocr_line' id='line_1_8' title="bbox 196 681 1854 731; baseline 0.002 -15"><span class='ocrx_word' id='word_1_70' title='bbox 196 683 237 716; x_wconf 89' lang='lat' dir='ltr'>In</span> <span class='ocrx_word' id='word_1_71' title='bbox 271 681 429 717; x_wconf 89' lang='lat' dir='ltr'>indiculo</span> <span class='ocrx_word' id='word_1_72' title='bbox 464 682 608 725; x_wconf 88' lang='lat' dir='ltr'>quidem</span> <span class='ocrx_word' id='word_1_73' title='bbox 642 681 703 716; x_wconf 91' lang='lat' dir='ltr'>illo</span> <span class='ocrx_word' id='word_1_74' title='bbox 738 684 901 716; x_wconf 87' lang='lat' dir='ltr'>notatum</span> <span class='ocrx_word' id='word_1_75' title='bbox 932 685 1006 724; x_wconf 82' lang='lat' dir='ltr'>est,</span> <span class='ocrx_word' id='word_1_76' title='bbox 1051 695 1091 725; x_wconf 77' lang='lat' dir='ltr'>„a</span> <span class='ocrx_word' id='word_1_77' title='bbox 1117 684 1173 718; x_wconf 92' lang='grc'>22.</span> <span class='ocrx_word' id='word_1_78' title='bbox 1202 684 1235 718; x_wconf 87' lang='lat' dir='ltr'>di</span> <span class='ocrx_word' id='word_1_79' title='bbox 1270 685 1483 719; x_wconf 85' lang='lat' dir='ltr'>nouembre“</span> <span class='ocrx_word' id='word_1_80' title='bbox 1520 685 1586 720; x_wconf 90' lang='lat' dir='ltr'>hoc</span> <span class='ocrx_word' id='word_1_81' title='bbox 1621 688 1854 731; x_wconf 87' lang='lat' dir='ltr'>praeceptum</span> 
     </span>
     <span class='ocr_line' id='line_1_9' title="bbox 78 735 1854 784; baseline 0.002 -13"><span class='ocrx_word' id='word_1_82' title='bbox 78 735 293 771; x_wconf 78' lang='lat' dir='ltr'>Germaniae</span> <span class='ocrx_word' id='word_1_83' title='bbox 328 738 396 771; x_wconf 86' lang='lat' dir='ltr'>etc.</span> <span class='ocrx_word' id='word_1_84' title='bbox 424 735 547 770; x_wconf 89' lang='lat' dir='ltr'>datum</span> <span class='ocrx_word' id='word_1_85' title='bbox 583 747 681 775; x_wconf 89' lang='lat' dir='ltr'>esse;</span> <span class='ocrx_word' id='word_1_86' title='bbox 717 738 755 770; x_wconf 85' lang='lat' dir='ltr'>at</span> <span class='ocrx_word' id='word_1_87' title='bbox 786 736 845 770; x_wconf 83' lang='lat' dir='ltr'>vel</span> <span class='ocrx_word' id='word_1_88' title='bbox 880 736 1073 770; x_wconf 84' lang='lat' dir='ltr'>memoriae</span> <span class='ocrx_word' id='word_1_89' title='bbox 1105 737 1164 771; x_wconf 92' lang='lat' dir='ltr'>vel</span> <span class='ocrx_word' id='word_1_90' title='bbox 1200 738 1328 771; x_wconf 83' lang='lat' dir='ltr'>calami</span> <span class='ocrx_word' id='word_1_91' title='bbox 1363 738 1468 783; x_wconf 84' lang='lat' dir='ltr'>lapsu</span> <span class='ocrx_word' id='word_1_92' title='bbox 1502 739 1715 784; x_wconf 85' lang='lat' dir='ltr'>scriptorem</span> <span class='ocrx_word' id='word_1_93' title='bbox 1750 740 1854 774; x_wconf 87' lang='lat' dir='ltr'>illum</span> 
     </span>
     <span class='ocr_line' id='line_1_10' title="bbox 77 789 1855 835; baseline 0.003 -12"><span class='ocrx_word' id='word_1_94' title='bbox 77 789 265 834; x_wconf 87' lang='lat' dir='ltr'>antiquum</span> <span class='ocrx_word' id='word_1_95' title='bbox 290 789 386 824; x_wconf 85' lang='lat' dir='ltr'>hunc</span> <span class='ocrx_word' id='word_1_96' title='bbox 412 789 624 835; x_wconf 79' lang='lat' dir='ltr'>ascripsisse</span> <span class='ocrx_word' id='word_1_97' title='bbox 651 789 745 823; x_wconf 86' lang='lat' dir='ltr'>diem</span> <span class='ocrx_word' id='word_1_98' title='bbox 781 801 928 830; x_wconf 89' lang='lat' dir='ltr'>censeo;</span> <span class='ocrx_word' id='word_1_99' title='bbox 965 790 1025 834; x_wconf 83' lang='lat' dir='ltr'>qui</span> <span class='ocrx_word' id='word_1_100' title='bbox 1051 790 1206 824; x_wconf 88' lang='lat' dir='ltr'>fortasse</span> <span class='ocrx_word' id='word_1_101' title='bbox 1238 791 1304 825; x_wconf 85' lang='lat' dir='ltr'>has</span> <span class='ocrx_word' id='word_1_102' title='bbox 1330 791 1471 826; x_wconf 75' lang='lat' dir='ltr'>litteras</span> <span class='ocrx_word' id='word_1_103' title='bbox 1507 804 1588 827; x_wconf 90' lang='lat' dir='ltr'>cum</span> <span class='ocrx_word' id='word_1_104' title='bbox 1623 793 1747 828; x_wconf 89' lang='lat' dir='ltr'>alteris</span> <span class='ocrx_word' id='word_1_105' title='bbox 1781 793 1855 828; x_wconf 89' lang='lat' dir='ltr'>illis</span> 
     </span>
     <span class='ocr_line' id='line_1_11' title="bbox 76 842 1855 888; baseline 0.002 -11"><span class='ocrx_word' id='word_1_106' title='bbox 76 843 210 877; x_wconf 90' lang='lat' dir='ltr'>litteris</span> <span class='ocrx_word' id='word_1_107' title='bbox 236 843 502 885; x_wconf 86' lang='lat' dir='ltr'>communibus,</span> <span class='ocrx_word' id='word_1_108' title='bbox 539 854 629 887; x_wconf 87' lang='lat' dir='ltr'>quas</span> <span class='ocrx_word' id='word_1_109' title='bbox 655 854 783 876; x_wconf 87' lang='lat' dir='ltr'>revera</span> <span class='ocrx_word' id='word_1_110' title='bbox 819 843 874 877; x_wconf 86' lang='grc'>22.</span> <span class='ocrx_word' id='word_1_111' title='bbox 901 842 1115 877; x_wconf 86' lang='lat' dir='ltr'>Novembris</span> <span class='ocrx_word' id='word_1_112' title='bbox 1144 844 1231 878; x_wconf 83' lang='lat'>1561</span> <span class='ocrx_word' id='word_1_113' title='bbox 1260 845 1465 888; x_wconf 74' lang='lat' dir='ltr'>Augustam</span> <span class='ocrx_word' id='word_1_114' title='bbox 1496 846 1629 880; x_wconf 88' lang='lat' dir='ltr'>missas</span> <span class='ocrx_word' id='word_1_115' title='bbox 1655 858 1734 881; x_wconf 86' lang='lat' dir='ltr'>esse</span> <span class='ocrx_word' id='word_1_116' title='bbox 1760 847 1855 881; x_wconf 86' lang='lat' dir='ltr'>infra</span> 
     </span>
     <span class='ocr_line' id='line_1_12' title="bbox 76 896 1854 944; baseline 0.002 -13"><span class='ocrx_word' id='word_1_117' title='bbox 76 896 291 938; x_wconf 86' lang='lat' dir='ltr'>videbimus,</span> <span class='ocrx_word' id='word_1_118' title='bbox 317 896 353 930; x_wconf 90' lang='lat' dir='ltr'>in</span> <span class='ocrx_word' id='word_1_119' title='bbox 381 908 490 931; x_wconf 89' lang='lat' dir='ltr'>unum</span> <span class='ocrx_word' id='word_1_120' title='bbox 517 896 691 931; x_wconf 84' lang='lat' dir='ltr'>confudit.</span> <span class='ocrx_word' id='word_1_121' title='bbox 741 896 832 930; x_wconf 87' lang='lat' dir='ltr'>Nam</span> <span class='ocrx_word' id='word_1_122' title='bbox 861 896 1026 931; x_wconf 87' lang='lat' dir='ltr'>Canisius</span> <span class='ocrx_word' id='word_1_123' title='bbox 1053 897 1097 930; x_wconf 89' lang='lat' dir='ltr'>ad</span> <span class='ocrx_word' id='word_1_124' title='bbox 1123 897 1265 932; x_wconf 83' lang='lat' dir='ltr'>litteras</span> <span class='ocrx_word' id='word_1_125' title='bbox 1291 898 1334 932; x_wconf 91' lang='lat' dir='ltr'>de</span> <span class='ocrx_word' id='word_1_126' title='bbox 1360 898 1478 933; x_wconf 88' lang='lat' dir='ltr'>indica</span> <span class='ocrx_word' id='word_1_127' title='bbox 1503 901 1723 944; x_wconf 87' lang='lat' dir='ltr'>profectione</span> <span class='ocrx_word' id='word_1_128' title='bbox 1750 900 1854 935; x_wconf 88' lang='lat' dir='ltr'>datas</span> 
     </span>
     <span class='ocr_line' id='line_1_13' title="bbox 77 949 1855 998; baseline 0.002 -13"><span class='ocrx_word' id='word_1_129' title='bbox 77 950 234 996; x_wconf 87' lang='lat' dir='ltr'>epistula</span> <span class='ocrx_word' id='word_1_130' title='bbox 259 950 427 994; x_wconf 84' lang='lat' dir='ltr'>Augusta</span> <span class='ocrx_word' id='word_1_131' title='bbox 462 950 493 984; x_wconf 81' lang='lat'>8.</span> <span class='ocrx_word' id='word_1_132' title='bbox 521 950 736 984; x_wconf 87' lang='lat' dir='ltr'>Novembris</span> <span class='ocrx_word' id='word_1_133' title='bbox 766 950 853 984; x_wconf 79' lang='lat'>1561</span> <span class='ocrx_word' id='word_1_134' title='bbox 881 949 1032 984; x_wconf 86' lang='lat' dir='ltr'>Romam</span> <span class='ocrx_word' id='word_1_135' title='bbox 1066 950 1177 985; x_wconf 85' lang='lat' dir='ltr'>missa</span> <span class='ocrx_word' id='word_1_136' title='bbox 1211 952 1416 996; x_wconf 86' lang='lat' dir='ltr'>rescripsit;</span> <span class='ocrx_word' id='word_1_137' title='bbox 1450 964 1520 997; x_wconf 90' lang='lat' dir='ltr'>qua</span> <span class='ocrx_word' id='word_1_138' title='bbox 1555 953 1710 998; x_wconf 82' lang='lat' dir='ltr'>epistula</span> <span class='ocrx_word' id='word_1_139' title='bbox 1745 954 1855 989; x_wconf 84' lang='lat' dir='ltr'>etiam</span> 
     </span>
     <span class='ocr_line' id='line_1_14' title="bbox 78 1003 1853 1052; baseline 0.002 -14"><span class='ocrx_word' id='word_1_140' title='bbox 78 1005 123 1039; x_wconf 88' lang='lat' dir='ltr'>ad</span> <span class='ocrx_word' id='word_1_141' title='bbox 141 1003 401 1038; x_wconf 82' lang='lat' dir='ltr'>Ribadeneirae</span> <span class='ocrx_word' id='word_1_142' title='bbox 419 1003 561 1038; x_wconf 80' lang='lat' dir='ltr'>litteras</span> <span class='ocrx_word' id='word_1_143' title='bbox 580 1004 635 1038; x_wconf 80' lang='grc'>25.</span> <span class='ocrx_word' id='word_1_144' title='bbox 656 1003 823 1037; x_wconf 84' lang='lat' dir='ltr'>Octobris</span> <span class='ocrx_word' id='word_1_145' title='bbox 845 1004 932 1038; x_wconf 80' lang='grc'>1561</span> <span class='ocrx_word' id='word_1_146' title='bbox 954 1004 1057 1038; x_wconf 84' lang='lat' dir='ltr'>datas</span> <span class='ocrx_word' id='word_1_147' title='bbox 1080 1006 1189 1048; x_wconf 87' lang='lat' dir='ltr'>atque</span> <span class='ocrx_word' id='word_1_148' title='bbox 1207 1005 1252 1038; x_wconf 86' lang='lat' dir='ltr'>ad</span> <span class='ocrx_word' id='word_1_149' title='bbox 1270 1005 1489 1041; x_wconf 80' lang='lat' dir='ltr'>Salmeronis</span> <span class='ocrx_word' id='word_1_150' title='bbox 1507 1007 1650 1042; x_wconf 87' lang='lat' dir='ltr'>litteras</span> <span class='ocrx_word' id='word_1_151' title='bbox 1668 1008 1853 1052; x_wconf 82' lang='lat' dir='ltr'>quasdam,</span> 
     </span>
     <span class='ocr_line' id='line_1_15' title="bbox 78 1057 1854 1103; baseline 0.001 -10"><span class='ocrx_word' id='word_1_152' title='bbox 78 1070 171 1103; x_wconf 89' lang='lat' dir='ltr'>quae</span> <span class='ocrx_word' id='word_1_153' title='bbox 196 1058 269 1092; x_wconf 87' lang='lat' dir='ltr'>iam</span> <span class='ocrx_word' id='word_1_154' title='bbox 294 1069 365 1091; x_wconf 88' lang='lat' dir='ltr'>non</span> <span class='ocrx_word' id='word_1_155' title='bbox 382 1057 552 1092; x_wconf 87' lang='lat' dir='ltr'>videntur</span> <span class='ocrx_word' id='word_1_156' title='bbox 569 1059 725 1099; x_wconf 83' lang='lat' dir='ltr'>exstare,</span> <span class='ocrx_word' id='word_1_157' title='bbox 752 1057 947 1102; x_wconf 86' lang='lat' dir='ltr'>respondit.</span> <span class='ocrx_word' id='word_1_158' title='bbox 987 1057 1104 1100; x_wconf 80' lang='lat' dir='ltr'>Quare</span> <span class='ocrx_word' id='word_1_159' title='bbox 1122 1070 1289 1093; x_wconf 83' lang='lat' dir='ltr'>romanas</span> <span class='ocrx_word' id='word_1_160' title='bbox 1307 1058 1416 1093; x_wconf 86' lang='lat' dir='ltr'>hasce</span> <span class='ocrx_word' id='word_1_161' title='bbox 1443 1060 1485 1094; x_wconf 88' lang='lat' dir='ltr'>de</span> <span class='ocrx_word' id='word_1_162' title='bbox 1510 1061 1629 1095; x_wconf 85' lang='lat' dir='ltr'>indica</span> <span class='ocrx_word' id='word_1_163' title='bbox 1655 1073 1693 1095; x_wconf 88' lang='lat' dir='ltr'>re</span> <span class='ocrx_word' id='word_1_164' title='bbox 1711 1061 1854 1096; x_wconf 88' lang='lat' dir='ltr'>litteras</span> 
     </span>
     <span class='ocr_line' id='line_1_16' title="bbox 77 1110 1854 1158; baseline 0.002 -12"><span class='ocrx_word' id='word_1_165' title='bbox 77 1112 145 1146; x_wconf 90' lang='lat' dir='ltr'>sub</span> <span class='ocrx_word' id='word_1_166' title='bbox 165 1111 258 1146; x_wconf 88' lang='lat' dir='ltr'>diem</span> <span class='ocrx_word' id='word_1_167' title='bbox 284 1110 341 1145; x_wconf 86' lang='grc'>22.</span> <span class='ocrx_word' id='word_1_168' title='bbox 360 1110 527 1145; x_wconf 84' lang='lat' dir='ltr'>Octobris</span> <span class='ocrx_word' id='word_1_169' title='bbox 545 1111 650 1146; x_wconf 87' lang='lat' dir='ltr'>datas</span> <span class='ocrx_word' id='word_1_170' title='bbox 677 1113 713 1145; x_wconf 90' lang='lat' dir='ltr'>et</span> <span class='ocrx_word' id='word_1_171' title='bbox 738 1110 795 1145; x_wconf 89' lang='lat' dir='ltr'>die</span> <span class='ocrx_word' id='word_1_172' title='bbox 821 1111 877 1145; x_wconf 82' lang='lat'><strong>25.</strong></span> <span class='ocrx_word' id='word_1_173' title='bbox 897 1110 1073 1153; x_wconf 82' lang='lat' dir='ltr'>Octobris,</span> <span class='ocrx_word' id='word_1_174' title='bbox 1102 1112 1195 1155; x_wconf 87' lang='lat' dir='ltr'>quod</span> <span class='ocrx_word' id='word_1_175' title='bbox 1213 1114 1299 1146; x_wconf 89' lang='lat' dir='ltr'>tunc</span> <span class='ocrx_word' id='word_1_176' title='bbox 1325 1112 1517 1147; x_wconf 88' lang='lat' dir='ltr'>sabbatum</span> <span class='ocrx_word' id='word_1_177' title='bbox 1536 1116 1623 1156; x_wconf 77' lang='lat' dir='ltr'>erat,</span> <span class='ocrx_word' id='word_1_178' title='bbox 1650 1114 1854 1158; x_wconf 80' lang='lat' dir='ltr'>Augustam</span> 
     </span>
     <span class='ocr_line' id='line_1_17' title="bbox 76 1164 1853 1210; baseline 0.001 -10"><span class='ocrx_word' id='word_1_179' title='bbox 76 1165 209 1200; x_wconf 87' lang='lat' dir='ltr'>missas</span> <span class='ocrx_word' id='word_1_180' title='bbox 244 1176 325 1198; x_wconf 89' lang='lat' dir='ltr'>esse</span> <span class='ocrx_word' id='word_1_181' title='bbox 351 1164 506 1206; x_wconf 83' lang='lat' dir='ltr'>conicio3</span> <span class='ocrx_word' id='word_1_182' title='bbox 543 1165 705 1199; x_wconf 85' lang='lat' dir='ltr'>sabbatis</span> <span class='ocrx_word' id='word_1_183' title='bbox 732 1164 826 1198; x_wconf 91' lang='lat' dir='ltr'>enim</span> <span class='ocrx_word' id='word_1_184' title='bbox 862 1164 1038 1210; x_wconf 86' lang='lat' dir='ltr'>epistulae</span> <span class='ocrx_word' id='word_1_185' title='bbox 1065 1165 1178 1199; x_wconf 84' lang='lat' dir='ltr'>Roma</span> <span class='ocrx_word' id='word_1_186' title='bbox 1213 1165 1248 1199; x_wconf 91' lang='lat' dir='ltr'>in</span> <span class='ocrx_word' id='word_1_187' title='bbox 1276 1165 1505 1200; x_wconf 82' lang='lat' dir='ltr'>Germaniam</span> <span class='ocrx_word' id='word_1_188' title='bbox 1540 1167 1635 1201; x_wconf 88' lang='lat' dir='ltr'>mitti</span> <span class='ocrx_word' id='word_1_189' title='bbox 1670 1168 1853 1209; x_wconf 80' lang='lat' dir='ltr'>solebant3</span> 
     </span>
     <span class='ocr_line' id='line_1_18' title="bbox 78 1217 1854 1266; baseline 0.002 -13"><span class='ocrx_word' id='word_1_190' title='bbox 78 1219 219 1259; x_wconf 88' lang='lat' dir='ltr'>missas,</span> <span class='ocrx_word' id='word_1_191' title='bbox 247 1218 405 1262; x_wconf 84' lang='lat' dir='ltr'>inquam,</span> <span class='ocrx_word' id='word_1_192' title='bbox 432 1218 492 1253; x_wconf 89' lang='lat' dir='ltr'>vel</span> <span class='ocrx_word' id='word_1_193' title='bbox 510 1217 730 1253; x_wconf 84' lang='lat' dir='ltr'>Salmeronis</span> <span class='ocrx_word' id='word_1_194' title='bbox 756 1218 816 1252; x_wconf 90' lang='lat' dir='ltr'>vel</span> <span class='ocrx_word' id='word_1_195' title='bbox 841 1218 955 1263; x_wconf 88' lang='lat' dir='ltr'>ipsius</span> <span class='ocrx_word' id='word_1_196' title='bbox 973 1218 1088 1252; x_wconf 89' lang='lat' dir='ltr'>Lainii</span> <span class='ocrx_word' id='word_1_197' title='bbox 1114 1219 1234 1260; x_wconf 85' lang='lat' dir='ltr'>iussu;</span> <span class='ocrx_word' id='word_1_198' title='bbox 1261 1220 1363 1254; x_wconf 87' lang='lat' dir='ltr'>cuius</span> <span class='ocrx_word' id='word_1_199' title='bbox 1390 1220 1562 1255; x_wconf 86' lang='lat' dir='ltr'>mandatu</span> <span class='ocrx_word' id='word_1_200' title='bbox 1587 1221 1730 1255; x_wconf 88' lang='lat' dir='ltr'>litteras</span> <span class='ocrx_word' id='word_1_201' title='bbox 1749 1233 1854 1266; x_wconf 89' lang='lat' dir='ltr'>quas-</span> 
     </span>
     <span class='ocr_line' id='line_1_19' title="bbox 78 1271 1853 1318; baseline 0.002 -11"><span class='ocrx_word' id='word_1_202' title='bbox 78 1273 161 1307; x_wconf 88' lang='lat' dir='ltr'>dam</span> <span class='ocrx_word' id='word_1_203' title='bbox 187 1283 393 1306; x_wconf 88' lang='lat' dir='ltr'>communes</span> <span class='ocrx_word' id='word_1_204' title='bbox 419 1272 475 1306; x_wconf 86' lang='grc'>22.</span> <span class='ocrx_word' id='word_1_205' title='bbox 503 1271 718 1306; x_wconf 88' lang='lat' dir='ltr'>Novembris</span> <span class='ocrx_word' id='word_1_206' title='bbox 745 1272 789 1306; x_wconf 84' lang='lat' dir='ltr'>ad</span> <span class='ocrx_word' id='word_1_207' title='bbox 818 1271 1001 1306; x_wconf 82' lang='lat' dir='ltr'>Canisium</span> <span class='ocrx_word' id='word_1_208' title='bbox 1026 1272 1158 1307; x_wconf 86' lang='lat' dir='ltr'>missas</span> <span class='ocrx_word' id='word_1_209' title='bbox 1185 1284 1264 1307; x_wconf 87' lang='lat' dir='ltr'>esse</span> <span class='ocrx_word' id='word_1_210' title='bbox 1299 1273 1414 1307; x_wconf 84' lang='lat' dir='ltr'>videri</span> <span class='ocrx_word' id='word_1_211' title='bbox 1448 1274 1548 1308; x_wconf 84' lang='lat' dir='ltr'>brevi</span> <span class='ocrx_word' id='word_1_212' title='bbox 1585 1286 1853 1318; x_wconf 86' lang='lat' dir='ltr'>cognoscemus.</span> 
     </span>
    </p>
   </div>
   <div class='ocr_carea' id='block_1_4' title="bbox 395 1395 1537 1549">
    <p class='ocr_par' dir='ltr' id='par_1_5' title="bbox 395 1395 1537 1549">
     <span class='ocr_line' id='line_1_20' title="bbox 911 1395 1033 1437; baseline 0.008 -1"><span class='ocrx_word' id='word_1_213' title='bbox 911 1395 1033 1437; x_wconf 74' lang='lat'><strong>613.</strong></span> 
     </span>
     <span class='ocr_line' id='line_1_21' title="bbox 395 1475 1537 1549; baseline 0.003 -14"><span class='ocrx_word' id='word_1_214' title='bbox 395 1493 459 1536; x_wconf 85' lang='lat' dir='ltr'>P.</span> <span class='ocrx_word' id='word_1_215' title='bbox 491 1493 813 1536; x_wconf 77' lang='lat' dir='ltr'>loANNEs</span> <span class='ocrx_word' id='word_1_216' title='bbox 846 1492 945 1535; x_wconf 77' lang='lat' dir='ltr'>DE</span> <span class='ocrx_word' id='word_1_217' title='bbox 979 1475 1340 1536; x_wconf 71' lang='lat' dir='ltr'>vlcToRIA</span> <span class='ocrx_word' id='word_1_218' title='bbox 1373 1494 1429 1538; x_wconf 88' lang='lat' dir='ltr'>s.</span> <span class='ocrx_word' id='word_1_219' title='bbox 1462 1495 1537 1549; x_wconf 74' lang='lat' dir='ltr'>J.9</span> 
     </span>
    </p>
   </div>
   <div class='ocr_carea' id='block_1_5' title="bbox 700 1575 1307 1619">
    <p class='ocr_par' dir='ltr' id='par_1_6' title="bbox 700 1575 1307 1619">
     <span class='ocr_line' id='line_1_22' title="bbox 700 1575 1307 1619; baseline 0.002 -10"><span class='ocrx_word' id='word_1_220' title='bbox 700 1577 819 1610; x_wconf 88' lang='lat' dir='ltr'>rector</span> <span class='ocrx_word' id='word_1_221' title='bbox 846 1575 990 1619; x_wconf 82' lang='lat' dir='ltr'>collegii</span> <span class='ocrx_word' id='word_1_222' title='bbox 1018 1575 1307 1618; x_wconf 79' lang='lat' dir='ltr'>vindobonensis,</span> 
     </span>
    </p>
   </div>
   <div class='ocr_carea' id='block_1_6' title="bbox 665 1660 1272 1805">
    <p class='ocr_par' dir='ltr' id='par_1_7' title="bbox 665 1660 1272 1805">
     <span class='ocr_line' id='line_1_23' title="bbox 829 1660 1105 1708; baseline 0.004 -1"><span class='ocrx_word' id='word_1_223' title='bbox 829 1660 1105 1708; x_wconf 85' lang='lat' dir='ltr'><strong>CANISIO.</strong></span> 
     </span>
     <span class='ocr_line' id='line_1_24' title="bbox 665 1767 1272 1805; baseline 0.002 -1"><span class='ocrx_word' id='word_1_224' title='bbox 665 1767 879 1804; x_wconf 79' lang='lat' dir='ltr'>Vindobona</span> <span class='ocrx_word' id='word_1_225' title='bbox 905 1768 963 1804; x_wconf 76' lang='lat'>24.</span> <span class='ocrx_word' id='word_1_226' title='bbox 992 1768 1161 1805; x_wconf 84' lang='lat' dir='ltr'>Octobris</span> <span class='ocrx_word' id='word_1_227' title='bbox 1188 1768 1272 1805; x_wconf 85' lang='lat'><strong>1561.</strong></span> 
     </span>
    </p>
   </div>
   <div class='ocr_carea' id='block_1_7' title="bbox 79 1852 1859 2166">
    <p class='ocr_par' dir='ltr' id='par_1_8' title="bbox 79 1852 1859 2113">
     <span class='ocr_line' id='line_1_25' title="bbox 200 1852 1857 1900; baseline 0.001 -13"><span class='ocrx_word' id='word_1_228' title='bbox 200 1853 254 1887; x_wconf 83' lang='lat' dir='ltr'>Ex</span> <span class='ocrx_word' id='word_1_229' title='bbox 280 1853 506 1898; x_wconf 86' lang='lat' dir='ltr'>apographo,</span> <span class='ocrx_word' id='word_1_230' title='bbox 542 1853 667 1887; x_wconf 85' lang='lat' dir='ltr'>eodem</span> <span class='ocrx_word' id='word_1_231' title='bbox 692 1853 768 1887; x_wconf 85' lang='lat' dir='ltr'>fere</span> <span class='ocrx_word' id='word_1_232' title='bbox 794 1854 955 1898; x_wconf 82' lang='lat' dir='ltr'>tempore</span> <span class='ocrx_word' id='word_1_233' title='bbox 981 1864 1001 1887; x_wconf 88' lang='lat' dir='ltr'>a</span> <span class='ocrx_word' id='word_1_234' title='bbox 1028 1852 1130 1887; x_wconf 83' lang='lat' dir='ltr'>Socio</span> <span class='ocrx_word' id='word_1_235' title='bbox 1157 1853 1278 1898; x_wconf 89' lang='lat' dir='ltr'>aliquo</span> <span class='ocrx_word' id='word_1_236' title='bbox 1305 1854 1563 1888; x_wconf 85' lang='lat' dir='ltr'>vindobonensi</span> <span class='ocrx_word' id='word_1_237' title='bbox 1590 1867 1634 1888; x_wconf 84' lang='lat' dir='ltr'>ex</span> <span class='ocrx_word' id='word_1_238' title='bbox 1661 1854 1857 1900; x_wconf 81' lang='lat' dir='ltr'>archetypo</span> 
     </span>
     <span class='ocr_line' id='line_1_26' title="bbox 80 1905 1859 1952; baseline 0.001 -11"><span class='ocrx_word' id='word_1_239' title='bbox 80 1907 262 1952; x_wconf 81' lang='lat' dir='ltr'>exscripto</span> <span class='ocrx_word' id='word_1_240' title='bbox 298 1909 334 1941; x_wconf 88' lang='lat' dir='ltr'>et</span> <span class='ocrx_word' id='word_1_241' title='bbox 369 1919 389 1941; x_wconf 89' lang='lat' dir='ltr'>a</span> <span class='ocrx_word' id='word_1_242' title='bbox 414 1906 577 1941; x_wconf 89' lang='lat' dir='ltr'>Victoria</span> <span class='ocrx_word' id='word_1_243' title='bbox 611 1907 689 1951; x_wconf 90' lang='lat' dir='ltr'>ipso</span> <span class='ocrx_word' id='word_1_244' title='bbox 715 1905 865 1940; x_wconf 87' lang='lat' dir='ltr'>Romam</span> <span class='ocrx_word' id='word_1_245' title='bbox 902 1907 946 1940; x_wconf 91' lang='lat' dir='ltr'>ad</span> <span class='ocrx_word' id='word_1_246' title='bbox 973 1905 1013 1941; x_wconf 89' lang='lat' dir='ltr'>P.</span> <span class='ocrx_word' id='word_1_247' title='bbox 1041 1906 1287 1942; x_wconf 83' lang='lat' dir='ltr'>Salmeronem</span> <span class='ocrx_word' id='word_1_248' title='bbox 1312 1908 1440 1949; x_wconf 88' lang='lat' dir='ltr'>misso;</span> <span class='ocrx_word' id='word_1_249' title='bbox 1477 1908 1570 1952; x_wconf 86' lang='lat' dir='ltr'>quod</span> <span class='ocrx_word' id='word_1_250' title='bbox 1596 1908 1759 1942; x_wconf 84' lang='lat' dir='ltr'>Victoria</span> <span class='ocrx_word' id='word_1_251' title='bbox 1793 1920 1859 1943; x_wconf 87' lang='lat' dir='ltr'>sua</span> 
     </span>
     <span class='ocr_line' id='line_1_27' title="bbox 79 1959 1858 2005; baseline 0.001 -10"><span class='ocrx_word' id='word_1_252' title='bbox 79 1972 188 1995; x_wconf 88' lang='lat' dir='ltr'>manu</span> <span class='ocrx_word' id='word_1_253' title='bbox 223 1960 276 1995; x_wconf 86' lang='lat' dir='ltr'>sic</span> <span class='ocrx_word' id='word_1_254' title='bbox 310 1960 513 2005; x_wconf 88' lang='lat' dir='ltr'>inscripsit:</span> <span class='ocrx_word' id='word_1_255' title='bbox 554 1960 711 2003; x_wconf 70' lang='lat' dir='ltr'>„ihesus</span> <span class='ocrx_word' id='word_1_256' title='bbox 763 1959 960 2005; x_wconf 83' lang='lat' dir='ltr'>Exemplar</span> <span class='ocrx_word' id='word_1_257' title='bbox 993 1959 1180 1994; x_wconf 86' lang='lat' dir='ltr'>literarum</span> <span class='ocrx_word' id='word_1_258' title='bbox 1215 1961 1261 1995; x_wconf 88' lang='lat' dir='ltr'>ad</span> <span class='ocrx_word' id='word_1_259' title='bbox 1296 1963 1437 2005; x_wconf 88' lang='lat' dir='ltr'>patrem</span> <span class='ocrx_word' id='word_1_260' title='bbox 1462 1961 1727 1996; x_wconf 86' lang='lat' dir='ltr'>Prouincialem</span> <span class='ocrx_word' id='word_1_261' title='bbox 1763 1962 1858 1996; x_wconf 88' lang='lat' dir='ltr'>circa</span> 
     </span>
     <span class='ocr_line' id='line_1_28' title="bbox 80 2013 1855 2058; baseline 0.001 -9"><span class='ocrx_word' id='word_1_262' title='bbox 80 2014 191 2049; x_wconf 87' lang='lat' dir='ltr'>verba</span> <span class='ocrx_word' id='word_1_263' title='bbox 217 2014 374 2048; x_wconf 88' lang='lat' dir='ltr'>maxime</span> <span class='ocrx_word' id='word_1_264' title='bbox 400 2013 442 2048; x_wconf 83' lang='lat' dir='ltr'>R.</span> <span class='ocrx_word' id='word_1_265' title='bbox 469 2013 591 2048; x_wconf 89' lang='lat' dir='ltr'>Patris</span> <span class='ocrx_word' id='word_1_266' title='bbox 616 2013 659 2048; x_wconf 87' lang='lat' dir='ltr'>D.</span> <span class='ocrx_word' id='word_1_267' title='bbox 685 2013 835 2058; x_wconf 86' lang='lat' dir='ltr'>Lannoy</span> <span class='ocrx_word' id='word_1_268' title='bbox 869 2013 906 2047; x_wconf 89' lang='lat' dir='ltr'>in</span> <span class='ocrx_word' id='word_1_269' title='bbox 931 2013 1049 2047; x_wconf 85' lang='lat' dir='ltr'>literis</span> <span class='ocrx_word' id='word_1_270' title='bbox 1077 2014 1131 2048; x_wconf 92' lang='grc'>11.</span> <span class='ocrx_word' id='word_1_271' title='bbox 1159 2013 1326 2049; x_wconf 89' lang='lat' dir='ltr'>Octobris</span> <span class='ocrx_word' id='word_1_272' title='bbox 1351 2015 1540 2058; x_wconf 85' lang='lat' dir='ltr'>Augustae</span> <span class='ocrx_word' id='word_1_273' title='bbox 1575 2015 1620 2049; x_wconf 91' lang='lat' dir='ltr'>ad</span> <span class='ocrx_word' id='word_1_274' title='bbox 1644 2027 1702 2049; x_wconf 90' lang='lat' dir='ltr'>me</span> <span class='ocrx_word' id='word_1_275' title='bbox 1728 2015 1855 2050; x_wconf 84' lang='lat' dir='ltr'>datis.“</span> 
     </span>
     <span class='ocr_line' id='line_1_29' title="bbox 81 2067 818 2113; baseline -0.001 -11"><span class='ocrx_word' id='word_1_276' title='bbox 81 2067 165 2103; x_wconf 83' lang='lat' dir='ltr'>cod.</span> <span class='ocrx_word' id='word_1_277' title='bbox 197 2067 260 2111; x_wconf 82' lang='lat' dir='ltr'><strong>„G.</strong></span> <span class='ocrx_word' id='word_1_278' title='bbox 287 2067 352 2113; x_wconf 90' lang='lat' dir='ltr'>Ep.</span> <span class='ocrx_word' id='word_1_279' title='bbox 380 2067 433 2101; x_wconf 73' lang='lat'>11⁴⁴</span> <span class='ocrx_word' id='word_1_280' title='bbox 463 2068 489 2102; x_wconf 96' lang='grc'>1.</span> <span class='ocrx_word' id='word_1_281' title='bbox 516 2067 583 2102; x_wconf 68' lang='lat'>83²²</span> <span class='ocrx_word' id='word_1_282' title='bbox 611 2067 672 2111; x_wconf 67' lang='lat' dir='ltr'>(z</span> <span class='ocrx_word' id='word_1_283' title='bbox 699 2067 818 2110; x_wconf 60' lang='lat' dir='ltr'>83bis).</span> 
     </span>
    </p>

    <p class='ocr_par' dir='ltr' id='par_1_9' title="bbox 201 2120 1032 2166">
     <span class='ocr_line' id='line_1_30' title="bbox 201 2120 1032 2166; baseline 0 -11"><span class='ocrx_word' id='word_1_284' title='bbox 201 2121 267 2156; x_wconf 88' lang='lat' dir='ltr'>His</span> <span class='ocrx_word' id='word_1_285' title='bbox 292 2121 425 2155; x_wconf 87' lang='lat' dir='ltr'>litteris</span> <span class='ocrx_word' id='word_1_286' title='bbox 452 2132 539 2155; x_wconf 90' lang='lat' dir='ltr'>usus</span> <span class='ocrx_word' id='word_1_287' title='bbox 565 2122 621 2155; x_wconf 89' lang='lat' dir='ltr'>est</span> <span class='ocrx_word' id='word_1_288' title='bbox 646 2122 761 2155; x_wconf 69' lang='lat' dir='ltr'>Kross</span> <span class='ocrx_word' id='word_1_289' title='bbox 786 2120 809 2155; x_wconf 90' lang='lat' dir='ltr'><strong>l.</strong></span> <span class='ocrx_word' id='word_1_290' title='bbox 837 2132 865 2155; x_wconf 81' lang='lat' dir='ltr'>e.</span> <span class='ocrx_word' id='word_1_291' title='bbox 893 2132 926 2166; x_wconf 88' lang='lat' dir='ltr'>p.</span> <span class='ocrx_word' id='word_1_292' title='bbox 955 2120 1032 2155; x_wconf 81' lang='lat'><strong>138.</strong></span> 
     </span>
    </p>
   </div>
   <div class='ocr_carea' id='block_1_8' title="bbox 76 2198 1863 2779">
    <p class='ocr_par' dir='ltr' id='par_1_10' title="bbox 76 2198 1863 2779">
     <span class='ocr_line' id='line_1_31' title="bbox 202 2198 1860 2243; baseline 0 -11"><span class='ocrx_word' id='word_1_293' title='bbox 202 2200 255 2232; x_wconf 84' lang='lat' dir='ltr'>De</span> <span class='ocrx_word' id='word_1_294' title='bbox 287 2199 510 2233; x_wconf 72' lang='lat' dir='ltr'>noviciorum</span> <span class='ocrx_word' id='word_1_295' title='bbox 528 2198 881 2242; x_wconf 68' lang='lat' dir='ltr'>pereyrinationibus</span> <span class='ocrx_word' id='word_1_296' title='bbox 906 2203 965 2232; x_wconf 81' lang='lat' dir='ltr'>etc.</span> <span class='ocrx_word' id='word_1_297' title='bbox 1015 2199 1070 2232; x_wconf 87' lang='lat' dir='ltr'>De</span> <span class='ocrx_word' id='word_1_298' title='bbox 1101 2199 1312 2241; x_wconf 73' lang='lat' dir='ltr'>pestilentia.</span> <span class='ocrx_word' id='word_1_299' title='bbox 1364 2199 1541 2242; x_wconf 64' lang='lat' dir='ltr'>Monztus,</span> <span class='ocrx_word' id='word_1_300' title='bbox 1577 2200 1671 2243; x_wconf 79' lang='lat' dir='ltr'>quod</span> <span class='ocrx_word' id='word_1_301' title='bbox 1706 2204 1735 2233; x_wconf 81' lang='lat' dir='ltr'>et</span> <span class='ocrx_word' id='word_1_302' title='bbox 1761 2211 1795 2233; x_wconf 89' lang='lat' dir='ltr'>se</span> <span class='ocrx_word' id='word_1_303' title='bbox 1830 2204 1860 2232; x_wconf 85' lang='lat' dir='ltr'>et</span> 
     </span>
     <span class='ocr_line' id='line_1_32' title="bbox 81 2252 1860 2297; baseline 0 -11"><span class='ocrx_word' id='word_1_304' title='bbox 81 2258 210 2287; x_wconf 81' lang='lat' dir='ltr'>ceteros</span> <span class='ocrx_word' id='word_1_305' title='bbox 236 2254 344 2286; x_wconf 84' lang='lat' dir='ltr'>nimis</span> <span class='ocrx_word' id='word_1_306' title='bbox 366 2257 545 2297; x_wconf 69' lang='lat' dir='ltr'>²qravaret,</span> <span class='ocrx_word' id='word_1_307' title='bbox 572 2253 781 2286; x_wconf 74' lang='lat' dir='ltr'>concitatius</span> <span class='ocrx_word' id='word_1_308' title='bbox 797 2252 1004 2295; x_wconf 74' lang='lat' dir='ltr'>respondet:</span> <span class='ocrx_word' id='word_1_309' title='bbox 1031 2252 1076 2285; x_wconf 86' lang='lat' dir='ltr'>Se</span> <span class='ocrx_word' id='word_1_310' title='bbox 1101 2253 1175 2285; x_wconf 83' lang='lat' dir='ltr'>iam</span> <span class='ocrx_word' id='word_1_311' title='bbox 1193 2253 1374 2296; x_wconf 71' lang='lat' dir='ltr'>colleyiutn</span> <span class='ocrx_word' id='word_1_312' title='bbox 1400 2255 1637 2286; x_wconf 63' lang='lat' dir='ltr'>eona-ictorum</span> <span class='ocrx_word' id='word_1_313' title='bbox 1663 2257 1694 2286; x_wconf 86' lang='lat' dir='ltr'>et</span> <span class='ocrx_word' id='word_1_314' title='bbox 1719 2254 1860 2287; x_wconf 74' lang='lat' dir='ltr'>(lonium</span> 
     </span>
     <span class='ocr_line' id='line_1_33' title="bbox 76 2306 1861 2350; baseline -0.001 -10"><span class='ocrx_word' id='word_1_315' title='bbox 76 2307 306 2350; x_wconf 76' lang='lat' dir='ltr'>probationis</span> <span class='ocrx_word' id='word_1_316' title='bbox 331 2307 612 2350; x_wconf 75' lang='lat' dir='ltr'>dirempturum,</span> <span class='ocrx_word' id='word_1_317' title='bbox 636 2306 880 2350; x_wconf 73' lang='lat' dir='ltr'>philosophiae</span> <span class='ocrx_word' id='word_1_318' title='bbox 904 2306 1079 2339; x_wconf 81' lang='lat' dir='ltr'>studiosos</span> <span class='ocrx_word' id='word_1_319' title='bbox 1104 2306 1260 2349; x_wconf 72' lang='lat' dir='ltr'>Prayam</span> <span class='ocrx_word' id='word_1_320' title='bbox 1285 2308 1490 2350; x_wconf 76' lang='lat' dir='ltr'>missurum,</span> <span class='ocrx_word' id='word_1_321' title='bbox 1516 2307 1718 2340; x_wconf 80' lang='lat' dir='ltr'>scholarum</span> <span class='ocrx_word' id='word_1_322' title='bbox 1743 2317 1861 2340; x_wconf 82' lang='lat' dir='ltr'>nume-</span> 
     </span>
     <span class='ocr_line' id='line_1_34' title="bbox 82 2360 1862 2403; baseline 0 -10"><span class='ocrx_word' id='word_1_323' title='bbox 82 2371 165 2393; x_wconf 84' lang='lat' dir='ltr'>rum</span> <span class='ocrx_word' id='word_1_324' title='bbox 190 2361 416 2394; x_wconf 79' lang='lat' dir='ltr'>minutarum</span> <span class='ocrx_word' id='word_1_325' title='bbox 435 2371 504 2393; x_wconf 87' lang='lat' dir='ltr'>esse</span> <span class='ocrx_word' id='word_1_326' title='bbox 513 2372 528 2403; x_wconf 88' lang='lat'>‚·</span> <span class='ocrx_word' id='word_1_327' title='bbox 551 2360 727 2393; x_wconf 76' lang='lat' dir='ltr'>nobilium</span> <span class='ocrx_word' id='word_1_328' title='bbox 753 2364 866 2393; x_wconf 87' lang='lat' dir='ltr'>autem</span> <span class='ocrx_word' id='word_1_329' title='bbox 888 2360 1156 2393; x_wconf 72' lang='lat' dir='ltr'>contuberntmn</span> <span class='ocrx_word' id='word_1_330' title='bbox 1181 2361 1405 2393; x_wconf 80' lang='lat' dir='ltr'>retinendum</span> <span class='ocrx_word' id='word_1_331' title='bbox 1431 2371 1500 2394; x_wconf 85' lang='lat' dir='ltr'>esse</span> <span class='ocrx_word' id='word_1_332' title='bbox 1516 2361 1639 2394; x_wconf 78' lang='lat' dir='ltr'>videri.</span> <span class='ocrx_word' id='word_1_333' title='bbox 1675 2361 1728 2393; x_wconf 92' lang='lat' dir='ltr'>De</span> <span class='ocrx_word' id='word_1_334' title='bbox 1747 2361 1862 2394; x_wconf 77' lang='lat' dir='ltr'>Sociis</span> 
     </span>
     <span class='ocr_line' id='line_1_35' title="bbox 83 2413 1862 2457; baseline -0.001 -10"><span class='ocrx_word' id='word_1_335' title='bbox 83 2414 276 2457; x_wconf 78' lang='lat' dir='ltr'>aliquibus.</span> <span class='ocrx_word' id='word_1_336' title='bbox 324 2415 370 2448; x_wconf 85' lang='lat' dir='ltr'>In</span> <span class='ocrx_word' id='word_1_337' title='bbox 404 2415 634 2447; x_wconf 72' lang='lat' dir='ltr'>universitate</span> <span class='ocrx_word' id='word_1_338' title='bbox 670 2414 863 2456; x_wconf 72' lang='lat' dir='ltr'>theoloyiae</span> <span class='ocrx_word' id='word_1_339' title='bbox 897 2414 1081 2447; x_wconf 80' lang='lat' dir='ltr'>auditores</span> <span class='ocrx_word' id='word_1_340' title='bbox 1115 2413 1258 2447; x_wconf 82' lang='lat' dir='ltr'>idoneos</span> <span class='ocrx_word' id='word_1_341' title='bbox 1290 2425 1363 2447; x_wconf 82' lang='lat' dir='ltr'>non</span> <span class='ocrx_word' id='word_1_342' title='bbox 1397 2425 1475 2447; x_wconf 89' lang='lat' dir='ltr'>esse.</span> <span class='ocrx_word' id='word_1_343' title='bbox 1526 2414 1670 2457; x_wconf 76' lang='lat' dir='ltr'>Equitis</span> <span class='ocrx_word' id='word_1_344' title='bbox 1707 2414 1862 2455; x_wconf 73' lang='lat' dir='ltr'>Quadrii</span> 
     </span>
     <span class='ocr_line' id='line_1_36' title="bbox 82 2467 1862 2510; baseline 0 -10"><span class='ocrx_word' id='word_1_345' title='bbox 82 2472 325 2501; x_wconf 80' lang='lat' dir='ltr'>testamentum</span> <span class='ocrx_word' id='word_1_346' title='bbox 358 2468 460 2510; x_wconf 61' lang='lat' dir='ltr'>furto</span> <span class='ocrx_word' id='word_1_347' title='bbox 485 2468 643 2501; x_wconf 85' lang='lat' dir='ltr'>ablatum</span> <span class='ocrx_word' id='word_1_348' title='bbox 678 2478 757 2500; x_wconf 84' lang='lat' dir='ltr'>esse.</span> <span class='ocrx_word' id='word_1_349' title='bbox 809 2467 862 2500; x_wconf 91' lang='lat' dir='ltr'>De</span> <span class='ocrx_word' id='word_1_350' title='bbox 888 2467 1017 2500; x_wconf 81' lang='lat' dir='ltr'>litteris</span> <span class='ocrx_word' id='word_1_351' title='bbox 1042 2467 1374 2510; x_wconf 73' lang='lat' dir='ltr'>quadrimestribus.</span> <span class='ocrx_word' id='word_1_352' title='bbox 1426 2468 1547 2501; x_wconf 78' lang='lat' dir='ltr'>Socios</span> <span class='ocrx_word' id='word_1_353' title='bbox 1577 2471 1737 2510; x_wconf 73' lang='lat' dir='ltr'>aeyrotos</span> <span class='ocrx_word' id='word_1_354' title='bbox 1762 2467 1862 2500; x_wconf 82' lang='lat' dir='ltr'>valde</span> 
     </span>
     <span class='ocr_line' id='line_1_37' title="bbox 83 2521 1863 2565; baseline -0.001 -11"><span class='ocrx_word' id='word_1_355' title='bbox 83 2521 153 2555; x_wconf 81' lang='lat' dir='ltr'>sibi</span> <span class='ocrx_word' id='word_1_356' title='bbox 177 2532 285 2555; x_wconf 83' lang='lat' dir='ltr'>curae</span> <span class='ocrx_word' id='word_1_357' title='bbox 319 2532 400 2555; x_wconf 89' lang='lat' dir='ltr'>esse.</span> <span class='ocrx_word' id='word_1_358' title='bbox 454 2522 671 2565; x_wconf 80' lang='lat' dir='ltr'>Germanos,</span> <span class='ocrx_word' id='word_1_359' title='bbox 707 2522 771 2565; x_wconf 77' lang='lat' dir='ltr'>qui</span> <span class='ocrx_word' id='word_1_360' title='bbox 806 2531 877 2554; x_wconf 81' lang='lat' dir='ltr'>non</span> <span class='ocrx_word' id='word_1_361' title='bbox 903 2521 992 2564; x_wconf 83' lang='lat' dir='ltr'>Dei,</span> <span class='ocrx_word' id='word_1_362' title='bbox 1026 2521 1085 2554; x_wconf 84' lang='lat' dir='ltr'>sed</span> <span class='ocrx_word' id='word_1_363' title='bbox 1110 2524 1336 2554; x_wconf 73' lang='lat' dir='ltr'>terrenorzmz</span> <span class='ocrx_word' id='word_1_364' title='bbox 1371 2522 1633 2555; x_wconf 79' lang='lat' dir='ltr'>commodorum</span> <span class='ocrx_word' id='word_1_365' title='bbox 1668 2532 1790 2554; x_wconf 82' lang='lat' dir='ltr'>amore</span> <span class='ocrx_word' id='word_1_366' title='bbox 1815 2521 1863 2554; x_wconf 88' lang='lat' dir='ltr'>ad</span> 
     </span>
     <span class='ocr_line' id='line_1_38' title="bbox 85 2574 1863 2619; baseline 0 -11"><span class='ocrx_word' id='word_1_367' title='bbox 85 2575 289 2608; x_wconf 78' lang='lat' dir='ltr'>Societatem</span> <span class='ocrx_word' id='word_1_368' title='bbox 316 2575 524 2619; x_wconf 75' lang='lat' dir='ltr'>trahantur,</span> <span class='ocrx_word' id='word_1_369' title='bbox 559 2575 669 2608; x_wconf 77' lang='lat' dir='ltr'>eidem</span> <span class='ocrx_word' id='word_1_370' title='bbox 695 2575 864 2609; x_wconf 85' lang='lat' dir='ltr'>Societati</span> <span class='ocrx_word' id='word_1_371' title='bbox 888 2574 1064 2608; x_wconf 84' lang='lat' dir='ltr'>molestias</span> <span class='ocrx_word' id='word_1_372' title='bbox 1090 2575 1232 2618; x_wconf 81' lang='lat' dir='ltr'>afferre.</span> <span class='ocrx_word' id='word_1_373' title='bbox 1283 2575 1338 2608; x_wconf 90' lang='lat' dir='ltr'>De</span> <span class='ocrx_word' id='word_1_374' title='bbox 1362 2576 1490 2608; x_wconf 82' lang='lat' dir='ltr'>litteris</span> <span class='ocrx_word' id='word_1_375' title='bbox 1515 2576 1766 2608; x_wconf 78' lang='lat' dir='ltr'>consultorum.</span> <span class='ocrx_word' id='word_1_376' title='bbox 1818 2575 1863 2608; x_wconf 85' lang='lat' dir='ltr'>Se</span> 
     </span>
     <span class='ocr_line' id='line_1_39' title="bbox 83 2629 1861 2673; baseline -0.001 -11"><span class='ocrx_word' id='word_1_377' title='bbox 83 2630 142 2673; x_wconf 80' lang='lat' dir='ltr'>iis,</span> <span class='ocrx_word' id='word_1_378' title='bbox 168 2630 230 2673; x_wconf 75' lang='lat' dir='ltr'>qui</span> <span class='ocrx_word' id='word_1_379' title='bbox 254 2640 289 2662; x_wconf 88' lang='lat' dir='ltr'>se</span> <span class='ocrx_word' id='word_1_380' title='bbox 313 2629 617 2672; x_wconf 70' lang='lat' dir='ltr'>reprehenderint,</span> <span class='ocrx_word' id='word_1_381' title='bbox 646 2639 782 2672; x_wconf 69' lang='lat' dir='ltr'>semper</span> <span class='ocrx_word' id='word_1_382' title='bbox 806 2630 1041 2662; x_wconf 81' lang='lat' dir='ltr'>reverentiam</span> <span class='ocrx_word' id='word_1_383' title='bbox 1059 2629 1335 2671; x_wconf 73' lang='lat' dir='ltr'>praestiturum.</span> <span class='ocrx_word' id='word_1_384' title='bbox 1387 2629 1440 2662; x_wconf 84' lang='lat' dir='ltr'>De</span> <span class='ocrx_word' id='word_1_385' title='bbox 1466 2629 1606 2671; x_wconf 72' lang='lat' dir='ltr'>colleyio</span> <span class='ocrx_word' id='word_1_386' title='bbox 1631 2629 1861 2672; x_wconf 75' lang='lat' dir='ltr'>tyrnaciensi.</span> 
     </span>
     <span class='ocr_line' id='line_1_40' title="bbox 89 2682 1862 2726; baseline -0.001 -10"><span class='ocrx_word' id='word_1_387' title='bbox 89 2683 275 2717; x_wconf 83' lang='lat' dir='ltr'>Orandum</span> <span class='ocrx_word' id='word_1_388' title='bbox 293 2693 363 2715; x_wconf 87' lang='lat' dir='ltr'>esse</span> <span class='ocrx_word' id='word_1_389' title='bbox 384 2693 454 2726; x_wconf 71' lang='lat' dir='ltr'>pro</span> <span class='ocrx_word' id='word_1_390' title='bbox 473 2683 728 2716; x_wconf 78' lang='lat' dir='ltr'>Maximiliano</span> <span class='ocrx_word' id='word_1_391' title='bbox 745 2693 836 2726; x_wconf 69' lang='lat' dir='ltr'>reae,</span> <span class='ocrx_word' id='word_1_392' title='bbox 865 2682 979 2715; x_wconf 77' lang='lat' dir='ltr'>Sociis</span> <span class='ocrx_word' id='word_1_393' title='bbox 1002 2682 1150 2724; x_wconf 78' lang='lat' dir='ltr'>favente.</span> <span class='ocrx_word' id='word_1_394' title='bbox 1186 2682 1310 2715; x_wconf 78' lang='lat' dir='ltr'>Preces</span> <span class='ocrx_word' id='word_1_395' title='bbox 1335 2685 1366 2715; x_wconf 85' lang='lat' dir='ltr'>et</span> <span class='ocrx_word' id='word_1_396' title='bbox 1381 2682 1618 2725; x_wconf 76' lang='lat' dir='ltr'>paenitentias</span> <span class='ocrx_word' id='word_1_397' title='bbox 1637 2692 1709 2725; x_wconf 73' lang='lat' dir='ltr'>pro</span> <span class='ocrx_word' id='word_1_398' title='bbox 1727 2682 1862 2715; x_wconf 82' lang='lat' dir='ltr'>Lainio</span> 
     </span>
     <span class='ocr_line' id='line_1_41' title="bbox 85 2735 1220 2779; baseline -0.001 -10"><span class='ocrx_word' id='word_1_399' title='bbox 85 2741 116 2769; x_wconf 84' lang='lat' dir='ltr'>et</span> <span class='ocrx_word' id='word_1_400' title='bbox 145 2736 290 2770; x_wconf 80' lang='lat' dir='ltr'>Canisio</span> <span class='ocrx_word' id='word_1_401' title='bbox 315 2736 406 2778; x_wconf 79' lang='lat' dir='ltr'>fieri.</span> <span class='ocrx_word' id='word_1_402' title='bbox 461 2736 654 2779; x_wconf 68' lang='lat' dir='ltr'>Colleyium</span> <span class='ocrx_word' id='word_1_403' title='bbox 678 2736 917 2779; x_wconf 70' lang='lat' dir='ltr'>typoyraphia</span> <span class='ocrx_word' id='word_1_404' title='bbox 943 2735 1132 2769; x_wconf 84' lang='lat' dir='ltr'>liberatum</span> <span class='ocrx_word' id='word_1_405' title='bbox 1158 2737 1220 2768; x_wconf 81' lang='lat' dir='ltr'>iri.</span> 
     </span>
    </p>
   </div>
   <div class='ocr_carea' id='block_1_9' title="bbox 777 2823 1172 2866">
    <p class='ocr_par' dir='ltr' id='par_1_11' title="bbox 777 2823 1172 2866">
     <span class='ocr_line' id='line_1_42' title="bbox 777 2823 1172 2866; baseline 0 -1"><span class='ocrx_word' id='word_1_406' title='bbox 777 2824 873 2865; x_wconf 90' lang='lat' dir='ltr'>Pax</span> <span class='ocrx_word' id='word_1_407' title='bbox 905 2823 1057 2866; x_wconf 85' lang='lat' dir='ltr'>christi</span> <span class='ocrx_word' id='word_1_408' title='bbox 1090 2824 1172 2865; x_wconf 86' lang='lat' dir='ltr'>etc.</span> 
     </span>
    </p>
   </div>
   <div class='ocr_carea' id='block_1_10' title="bbox 87 2904 1864 3093">
    <p class='ocr_par' dir='ltr' id='par_1_12' title="bbox 87 2904 1864 3093">
     <span class='ocr_line' id='line_1_43' title="bbox 206 2904 1861 2959; baseline -0.002 -10"><span class='ocrx_word' id='word_1_409' title='bbox 206 2908 352 2950; x_wconf 91' lang='lat' dir='ltr'>Pauca</span> <span class='ocrx_word' id='word_1_410' title='bbox 383 2921 480 2949; x_wconf 83' lang='lat' dir='ltr'>sese</span> <span class='ocrx_word' id='word_1_411' title='bbox 513 2908 702 2950; x_wconf 85' lang='lat' dir='ltr'>offerunt</span> <span class='ocrx_word' id='word_1_412' title='bbox 724 2907 776 2950; x_wconf 83' lang='lat' dir='ltr'><strong>R.</strong></span> <span class='ocrx_word' id='word_1_413' title='bbox 801 2907 863 2957; x_wconf 90' lang='lat' dir='ltr'>P.‚</span> <span class='ocrx_word' id='word_1_414' title='bbox 899 2906 950 2948; x_wconf 89' lang='lat' dir='ltr'>de</span> <span class='ocrx_word' id='word_1_415' title='bbox 983 2905 1139 2959; x_wconf 89' lang='lat' dir='ltr'>quibus</span> <span class='ocrx_word' id='word_1_416' title='bbox 1170 2905 1237 2947; x_wconf 87' lang='lat' dir='ltr'>his</span> <span class='ocrx_word' id='word_1_417' title='bbox 1268 2905 1408 2947; x_wconf 90' lang='lat' dir='ltr'>literis</span> <span class='ocrx_word' id='word_1_418' title='bbox 1441 2919 1536 2947; x_wconf 89' lang='lat' dir='ltr'>cum</span> <span class='ocrx_word' id='word_1_419' title='bbox 1560 2905 1611 2947; x_wconf 83' lang='lat' dir='ltr'><strong>R.</strong></span> <span class='ocrx_word' id='word_1_420' title='bbox 1636 2904 1684 2947; x_wconf 88' lang='lat' dir='ltr'><strong>T.</strong></span> <span class='ocrx_word' id='word_1_421' title='bbox 1718 2918 1861 2958; x_wconf 83' lang='lat' dir='ltr'>agam.</span> 
     </span>
     <span class='ocr_line' id='line_1_44' title="bbox 87 2968 1863 3025; baseline -0.003 -9"><span class='ocrx_word' id='word_1_422' title='bbox 87 2973 204 3016; x_wconf 90' lang='lat' dir='ltr'>Nam</span> <span class='ocrx_word' id='word_1_423' title='bbox 237 2972 381 3015; x_wconf 90' lang='lat' dir='ltr'>omnia</span> <span class='ocrx_word' id='word_1_424' title='bbox 413 2975 515 3015; x_wconf 90' lang='lat' dir='ltr'>sunt</span> <span class='ocrx_word' id='word_1_425' title='bbox 546 2972 590 3014; x_wconf 91' lang='lat' dir='ltr'>in</span> <span class='ocrx_word' id='word_1_426' title='bbox 622 2986 672 3015; x_wconf 87' lang='lat' dir='ltr'>eo</span> <span class='ocrx_word' id='word_1_427' title='bbox 705 2972 798 3014; x_wconf 85' lang='lat' dir='ltr'>fere</span> <span class='ocrx_word' id='word_1_428' title='bbox 831 2973 973 3022; x_wconf 89' lang='lat' dir='ltr'>statu,</span> <span class='ocrx_word' id='word_1_429' title='bbox 1014 2984 1097 3023; x_wconf 90' lang='lat' dir='ltr'>quo</span> <span class='ocrx_word' id='word_1_430' title='bbox 1129 2970 1307 3013; x_wconf 85' lang='lat' dir='ltr'>fuerunt</span> <span class='ocrx_word' id='word_1_431' title='bbox 1339 2985 1436 3012; x_wconf 89' lang='lat' dir='ltr'>cum</span> <span class='ocrx_word' id='word_1_432' title='bbox 1466 2969 1664 3025; x_wconf 82' lang='lat' dir='ltr'>proxime</span> <span class='ocrx_word' id='word_1_433' title='bbox 1696 2968 1863 3024; x_wconf 86' lang='lat' dir='ltr'>scripsi,</span> 
     </span>
     <span class='ocr_line' id='line_1_45' title="bbox 87 3034 1864 3093; baseline -0.003 -12"><span class='ocrx_word' id='word_1_434' title='bbox 87 3039 169 3081; x_wconf 92' lang='lat' dir='ltr'>hoc</span> <span class='ocrx_word' id='word_1_435' title='bbox 202 3040 401 3093; x_wconf 88' lang='lat' dir='ltr'>excepto,</span> <span class='ocrx_word' id='word_1_436' title='bbox 435 3038 550 3091; x_wconf 89' lang='lat' dir='ltr'>quod</span> <span class='ocrx_word' id='word_1_437' title='bbox 580 3037 750 3080; x_wconf 89' lang='lat' dir='ltr'>iuuenis</span> <span class='ocrx_word' id='word_1_438' title='bbox 783 3036 957 3090; x_wconf 87' lang='lat' dir='ltr'>quidam</span> <span class='ocrx_word' id='word_1_439' title='bbox 989 3036 1129 3077; x_wconf 89' lang='lat' dir='ltr'>bonae</span> <span class='ocrx_word' id='word_1_440' title='bbox 1162 3034 1254 3090; x_wconf 89' lang='lat' dir='ltr'>spei</span> <span class='ocrx_word' id='word_1_441' title='bbox 1278 3035 1520 3078; x_wconf 82' lang='lat' dir='ltr'>Germanus</span> <span class='ocrx_word' id='word_1_442' title='bbox 1552 3049 1598 3077; x_wconf 89' lang='lat' dir='ltr'>se</span> <span class='ocrx_word' id='word_1_443' title='bbox 1630 3034 1754 3077; x_wconf 89' lang='lat' dir='ltr'>nobis</span> <span class='ocrx_word' id='word_1_444' title='bbox 1787 3034 1864 3076; x_wconf 88' lang='lat' dir='ltr'>ad-</span> 
     </span>
    </p>
   </div>
   <div class='ocr_carea' id='block_1_11' title="bbox 212 3170 1280 3217">
    <p class='ocr_par' dir='ltr' id='par_1_13' title="bbox 212 3170 1280 3217">
     <span class='ocr_line' id='line_1_46' title="bbox 212 3170 1280 3217; baseline -0.004 -11"><span class='ocrx_word' id='word_1_445' title='bbox 212 3173 222 3192; x_wconf 93' lang='lat'>¹</span> <span class='ocrx_word' id='word_1_446' title='bbox 248 3171 340 3206; x_wconf 87' lang='lat' dir='ltr'>Vide</span> <span class='ocrx_word' id='word_1_447' title='bbox 367 3183 459 3216; x_wconf 87' lang='lat' dir='ltr'>quae</span> <span class='ocrx_word' id='word_1_448' title='bbox 485 3171 551 3206; x_wconf 87' lang='lat' dir='ltr'>sub</span> <span class='ocrx_word' id='word_1_449' title='bbox 576 3171 697 3217; x_wconf 87' lang='lat' dir='ltr'>ipsum</span> <span class='ocrx_word' id='word_1_450' title='bbox 723 3171 792 3205; x_wconf 91' lang='lat' dir='ltr'>hoc</span> <span class='ocrx_word' id='word_1_451' title='bbox 822 3170 1047 3213; x_wconf 80' lang='lat' dir='ltr'>„regestum“</span> <span class='ocrx_word' id='word_1_452' title='bbox 1076 3170 1280 3203; x_wconf 86' lang='lat' dir='ltr'>notantur.-</span> 
     </span>
    </p>
   </div>
  </div>
 </body>
</html>
