<?xml version="1.0" encoding="UTF-8"?>
<!DOCTYPE html PUBLIC "-//W3C//DTD XHTML 1.0 Transitional//EN"
    "http://www.w3.org/TR/xhtml1/DTD/xhtml1-transitional.dtd">
<html xmlns="http://www.w3.org/1999/xhtml" xml:lang="en" lang="en">
 <head>
  <title>
</title>
<meta http-equiv="Content-Type" content="text/html;charset=utf-8" />
  <meta name='ocr-system' content='tesseract 3.04.00' />
  <meta name='ocr-capabilities' content='ocr_page ocr_carea ocr_par ocr_line ocrx_word'/>
</head>
<body>
  <div class='ocr_page' id='page_1' title='image "beatipetricanisi03cani_0462.png"; bbox 0 0 2093 3444; ppageno 0'>
   <div class='ocr_carea' id='block_1_1' title="bbox 234 143 1471 189">
    <p class='ocr_par' dir='ltr' id='par_1_1' title="bbox 234 143 1471 189">
     <span class='ocr_line' id='line_1_1' title="bbox 234 143 1471 189; baseline 0 -10"><span class='ocrx_word' id='word_1_1' title='bbox 234 148 319 188; x_wconf 76' lang='grc'>386</span> <span class='ocrx_word' id='word_1_2' title='bbox 756 144 835 179; x_wconf 85' lang='grc'><strong>668.</strong></span> <span class='ocrx_word' id='word_1_3' title='bbox 873 144 1080 189; x_wconf 87' lang='lat' dir='ltr'>Alphonsus</span> <span class='ocrx_word' id='word_1_4' title='bbox 1106 143 1291 179; x_wconf 83' lang='lat' dir='ltr'>Salmeron</span> <span class='ocrx_word' id='word_1_5' title='bbox 1317 144 1471 180; x_wconf 88' lang='lat' dir='ltr'>Canisio.</span> 
     </span>
    </p>
   </div>
   <div class='ocr_carea' id='block_1_2' title="bbox 231 261 2053 1424">
    <p class='ocr_par' dir='ltr' id='par_1_2' title="bbox 233 261 2042 707">
     <span class='ocr_line' id='line_1_2' title="bbox 352 261 2042 317; baseline 0.001 -12"><span class='ocrx_word' id='word_1_6' title='bbox 352 278 437 305; x_wconf 90' lang='lat' dir='ltr'>non</span> <span class='ocrx_word' id='word_1_7' title='bbox 479 262 613 304; x_wconf 88' lang='lat' dir='ltr'>acade</span> <span class='ocrx_word' id='word_1_8' title='bbox 655 262 749 304; x_wconf 91' lang='lat' dir='ltr'>chel</span> <span class='ocrx_word' id='word_1_9' title='bbox 790 265 918 316; x_wconf 87' lang='lat' dir='ltr'>patre</span> <span class='ocrx_word' id='word_1_10' title='bbox 958 261 1151 304; x_wconf 85' lang='lat' dir='ltr'>Vittoria</span> <span class='ocrx_word' id='word_1_11' title='bbox 1192 261 1306 302; x_wconf 85' lang='lat' dir='ltr'>vada</span> <span class='ocrx_word' id='word_1_12' title='bbox 1346 261 1394 315; x_wconf 88' lang='lat' dir='ltr'>jn</span> <span class='ocrx_word' id='word_1_13' title='bbox 1433 261 1617 305; x_wconf 76' lang='lat' dir='ltr'>Francia</span> <span class='ocrx_word' id='word_1_14' title='bbox 1656 264 1813 317; x_wconf 80' lang='lat' dir='ltr'>perche</span> <span class='ocrx_word' id='word_1_15' title='bbox 1853 267 2002 307; x_wconf 85' lang='lat' dir='ltr'>nostro</span> <span class='ocrx_word' id='word_1_16' title='bbox 2040 309 2042 312; x_wconf 71' lang='grc'><strong>,</strong></span> 
     </span>
     <span class='ocr_line' id='line_1_3' title="bbox 233 326 2003 382; baseline 0.001 -12"><span class='ocrx_word' id='word_1_17' title='bbox 233 329 279 372; x_wconf 89' lang='grc' dir='ltr'>Ρ.</span> <span class='ocrx_word' id='word_1_18' title='bbox 314 328 520 382; x_wconf 79' lang='lat' dir='ltr'>generale</span> <span class='ocrx_word' id='word_1_19' title='bbox 560 327 701 369; x_wconf 88' lang='lat' dir='ltr'>scriue</span> <span class='ocrx_word' id='word_1_20' title='bbox 734 329 759 369; x_wconf 81' lang='lat' dir='ltr'>a</span> <span class='ocrx_word' id='word_1_21' title='bbox 790 327 926 369; x_wconf 87' lang='grc'><strong>1101101</strong></span> <span class='ocrx_word' id='word_1_22' title='bbox 967 326 1039 379; x_wconf 77' lang='lat' dir='ltr'>gia</span> <span class='ocrx_word' id='word_1_23' title='bbox 1071 326 1184 368; x_wconf 85' lang='lat' dir='ltr'>fatto</span> <span class='ocrx_word' id='word_1_24' title='bbox 1228 326 1409 378; x_wconf 81' lang='lat' dir='ltr'>qualche</span> <span class='ocrx_word' id='word_1_25' title='bbox 1442 327 1583 369; x_wconf 86' lang='lat' dir='ltr'>officio</span> <span class='ocrx_word' id='word_1_26' title='bbox 1625 331 1670 370; x_wconf 90' lang='lat' dir='ltr'>et</span> <span class='ocrx_word' id='word_1_27' title='bbox 1709 329 1845 371; x_wconf 75' lang='lat' dir='ltr'>hauet·</span> <span class='ocrx_word' id='word_1_28' title='bbox 1880 343 2003 372; x_wconf 89' lang='lat' dir='ltr'>man-</span> 
     </span>
     <span class='ocr_line' id='line_1_4' title="bbox 233 391 2003 446; baseline 0.001 -11"><span class='ocrx_word' id='word_1_29' title='bbox 233 395 335 436; x_wconf 88' lang='lat' dir='ltr'>dato</span> <span class='ocrx_word' id='word_1_30' title='bbox 368 407 453 435; x_wconf 73' lang='lat' dir='ltr'>vno</span> <span class='ocrx_word' id='word_1_31' title='bbox 486 392 631 446; x_wconf 87' lang='lat' dir='ltr'>spacio</span> <span class='ocrx_word' id='word_1_32' title='bbox 674 393 715 434; x_wconf 88' lang='lat' dir='ltr'>al</span> <span class='ocrx_word' id='word_1_33' title='bbox 748 391 937 445; x_wconf 88' lang='lat' dir='ltr'>capitulo</span> <span class='ocrx_word' id='word_1_34' title='bbox 970 391 1174 444; x_wconf 81' lang='lat' dir='ltr'>generale</span> <span class='ocrx_word' id='word_1_35' title='bbox 1208 391 1259 432; x_wconf 92' lang='lat' dir='ltr'>de</span> <span class='ocrx_word' id='word_1_36' title='bbox 1301 391 1537 433; x_wconf 85' lang='lat' dir='ltr'>cartusiani</span> <span class='ocrx_word' id='word_1_37' title='bbox 1553 394 1580 435; x_wconf 90' lang='lat'>1.</span> <span class='ocrx_word' id='word_1_38' title='bbox 1625 393 1667 435; x_wconf 92' lang='lat' dir='ltr'>di</span> <span class='ocrx_word' id='word_1_39' title='bbox 1699 394 1893 436; x_wconf 88' lang='lat' dir='ltr'>maniera</span> <span class='ocrx_word' id='word_1_40' title='bbox 1925 394 2003 437; x_wconf 90' lang='grc'><strong>0110</strong></span> 
     </span>
     <span class='ocr_line' id='line_1_5' title="bbox 233 455 2004 512; baseline 0.001 -11"><span class='ocrx_word' id='word_1_41' title='bbox 233 459 349 501; x_wconf 84' lang='grc'><strong>50110</strong></span> <span class='ocrx_word' id='word_1_42' title='bbox 378 459 425 512; x_wconf 87' lang='lat' dir='ltr'>jn</span> <span class='ocrx_word' id='word_1_43' title='bbox 458 459 592 500; x_wconf 87' lang='lat' dir='ltr'>darno</span> <span class='ocrx_word' id='word_1_44' title='bbox 626 460 781 511; x_wconf 85' lang='lat' dir='ltr'>questa</span> <span class='ocrx_word' id='word_1_45' title='bbox 813 457 980 499; x_wconf 83' lang='lat' dir='ltr'>faticha</span> <span class='ocrx_word' id='word_1_46' title='bbox 1013 492 1022 500; x_wconf 90' lang='lat'>.</span> <span class='ocrx_word' id='word_1_47' title='bbox 1056 470 1157 498; x_wconf 88' lang='lat' dir='ltr'>sara</span> <span class='ocrx_word' id='word_1_48' title='bbox 1190 455 1348 509; x_wconf 83' lang='lat' dir='ltr'>meglio</span> <span class='ocrx_word' id='word_1_49' title='bbox 1381 457 1459 498; x_wconf 92' lang='lat' dir='ltr'>che</span> <span class='ocrx_word' id='word_1_50' title='bbox 1487 457 1606 500; x_wconf 89' lang='lat' dir='ltr'>detto</span> <span class='ocrx_word' id='word_1_51' title='bbox 1630 458 1675 502; x_wconf 89' lang='lat' dir='ltr'>P.</span> <span class='ocrx_word' id='word_1_52' title='bbox 1711 460 1871 502; x_wconf 89' lang='lat' dir='ltr'>atenda</span> <span class='ocrx_word' id='word_1_53' title='bbox 1905 494 1913 502; x_wconf 92' lang='lat'><strong>.</strong></span> <span class='ocrx_word' id='word_1_54' title='bbox 1948 460 2004 502; x_wconf 89' lang='lat' dir='ltr'>ad</span> 
     </span>
     <span class='ocr_line' id='line_1_6' title="bbox 234 521 2004 576; baseline 0.001 -10"><span class='ocrx_word' id='word_1_55' title='bbox 234 525 378 567; x_wconf 82' lang='lat' dir='ltr'>aiut-ar</span> <span class='ocrx_word' id='word_1_56' title='bbox 409 523 439 564; x_wconf 84' lang='lat' dir='ltr'>li</span> <span class='ocrx_word' id='word_1_57' title='bbox 472 522 627 576; x_wconf 82' lang='lat' dir='ltr'>collegi</span> <span class='ocrx_word' id='word_1_58' title='bbox 665 523 734 564; x_wconf 87' lang='lat' dir='ltr'>del</span> <span class='ocrx_word' id='word_1_59' title='bbox 767 522 999 575; x_wconf 78' lang='lat' dir='ltr'>alaniagna</span> <span class='ocrx_word' id='word_1_60' title='bbox 1037 522 1106 562; x_wconf 89' lang='lat' dir='ltr'>nel</span> <span class='ocrx_word' id='word_1_61' title='bbox 1139 521 1423 575; x_wconf 74' lang='lat' dir='ltr'>Temporalea</span> <span class='ocrx_word' id='word_1_62' title='bbox 1464 525 1508 564; x_wconf 86' lang='lat' dir='ltr'>et</span> <span class='ocrx_word' id='word_1_63' title='bbox 1548 524 1728 566; x_wconf 88' lang='lat' dir='ltr'>masime</span> <span class='ocrx_word' id='word_1_64' title='bbox 1768 524 1813 566; x_wconf 90' lang='lat' dir='ltr'>in</span> <span class='ocrx_word' id='word_1_65' title='bbox 1845 539 2004 567; x_wconf 86' lang='lat' dir='ltr'>cauare</span> 
     </span>
     <span class='ocr_line' id='line_1_7' title="bbox 235 586 2003 642; baseline 0.001 -11"><span class='ocrx_word' id='word_1_66' title='bbox 235 590 278 631; x_wconf 92' lang='lat' dir='ltr'>di</span> <span class='ocrx_word' id='word_1_67' title='bbox 310 588 444 631; x_wconf 85' lang='lat' dir='ltr'>debiti</span> <span class='ocrx_word' id='word_1_68' title='bbox 486 588 585 641; x_wconf 88' lang='lat' dir='ltr'>quel</span> <span class='ocrx_word' id='word_1_69' title='bbox 628 587 666 629; x_wconf 90' lang='lat' dir='ltr'>di</span> <span class='ocrx_word' id='word_1_70' title='bbox 701 587 860 629; x_wconf 84' lang='lat' dir='ltr'>vienna</span> <span class='ocrx_word' id='word_1_71' title='bbox 895 622 902 629; x_wconf 90' lang='lat'>.</span> <span class='ocrx_word' id='word_1_72' title='bbox 938 586 1009 639; x_wconf 86' lang='lat' dir='ltr'>qui</span> <span class='ocrx_word' id='word_1_73' title='bbox 1051 586 1130 627; x_wconf 84' lang='lat' dir='ltr'>seli</span> <span class='ocrx_word' id='word_1_74' title='bbox 1170 586 1310 628; x_wconf 88' lang='lat' dir='ltr'>scriue</span> <span class='ocrx_word' id='word_1_75' title='bbox 1347 601 1434 629; x_wconf 84' lang='lat' dir='ltr'>vna</span> <span class='ocrx_word' id='word_1_76' title='bbox 1474 588 1634 631; x_wconf 84' lang='lat' dir='ltr'>lettera</span> <span class='ocrx_word' id='word_1_77' title='bbox 1675 590 1802 642; x_wconf 88' lang='lat' dir='ltr'>quale</span> <span class='ocrx_word' id='word_1_78' title='bbox 1835 590 1887 632; x_wconf 89' lang='lat' dir='ltr'>V.</span> <span class='ocrx_word' id='word_1_79' title='bbox 1921 589 2003 632; x_wconf 84' lang='lat' dir='ltr'>Re-</span> 
     </span>
     <span class='ocr_line' id='line_1_8' title="bbox 234 652 962 707; baseline -0.004 -11"><span class='ocrx_word' id='word_1_80' title='bbox 234 654 431 697; x_wconf 86' lang='lat' dir='ltr'>uerentia</span> <span class='ocrx_word' id='word_1_81' title='bbox 463 653 523 706; x_wconf 78' lang='lat' dir='ltr'>gli</span> <span class='ocrx_word' id='word_1_82' title='bbox 555 655 709 707; x_wconf 85' lang='lat' dir='ltr'>potera</span> <span class='ocrx_word' id='word_1_83' title='bbox 741 652 962 694; x_wconf 85' lang='lat' dir='ltr'>mandare.</span> 
     </span>
    </p>

    <p class='ocr_par' dir='ltr' id='par_1_3' title="bbox 231 716 2053 1035">
     <span class='ocr_line' id='line_1_9' title="bbox 354 716 2005 771; baseline 0.001 -11"><span class='ocrx_word' id='word_1_84' title='bbox 354 718 502 761; x_wconf 81' lang='lat' dir='ltr'>Scriue</span> <span class='ocrx_word' id='word_1_85' title='bbox 532 718 563 759; x_wconf 91' lang='lat' dir='ltr'>il</span> <span class='ocrx_word' id='word_1_86' title='bbox 604 717 862 759; x_wconf 89' lang='lat' dir='ltr'>medessimo</span> <span class='ocrx_word' id='word_1_87' title='bbox 895 717 924 758; x_wconf 90' lang='lat' dir='ltr'>il</span> <span class='ocrx_word' id='word_1_88' title='bbox 957 717 1003 759; x_wconf 83' lang='lat' dir='ltr'>P.</span> <span class='ocrx_word' id='word_1_89' title='bbox 1038 716 1229 759; x_wconf 84' lang='lat' dir='ltr'>Vittoria</span> <span class='ocrx_word' id='word_1_90' title='bbox 1261 716 1301 758; x_wconf 91' lang='lat' dir='ltr'>di</span> <span class='ocrx_word' id='word_1_91' title='bbox 1343 717 1513 771; x_wconf 83' lang='lat' dir='ltr'>pragha</span> <span class='ocrx_word' id='word_1_92' title='bbox 1555 718 1633 760; x_wconf 90' lang='lat' dir='ltr'>che</span> <span class='ocrx_word' id='word_1_93' title='bbox 1675 719 1789 761; x_wconf 87' lang='lat' dir='ltr'>della</span> <span class='ocrx_word' id='word_1_94' title='bbox 1821 720 2005 762; x_wconf 67' lang='lat' dir='ltr'>enti-ada</span> 
     </span>
     <span class='ocr_line' id='line_1_10' title="bbox 235 781 2004 838; baseline 0 -12"><span class='ocrx_word' id='word_1_95' title='bbox 235 785 277 827; x_wconf 91' lang='lat' dir='ltr'>di</span> <span class='ocrx_word' id='word_1_96' title='bbox 310 785 408 837; x_wconf 87' lang='lat' dir='ltr'>quel</span> <span class='ocrx_word' id='word_1_97' title='bbox 441 786 590 825; x_wconf 89' lang='lat' dir='ltr'>nostro</span> <span class='ocrx_word' id='word_1_98' title='bbox 624 782 806 835; x_wconf 82' lang='lat' dir='ltr'>collegio</span> <span class='ocrx_word' id='word_1_99' title='bbox 839 782 876 824; x_wconf 89' lang='lat' dir='ltr'>si</span> <span class='ocrx_word' id='word_1_100' title='bbox 908 795 1012 823; x_wconf 91' lang='lat' dir='ltr'>sono</span> <span class='ocrx_word' id='word_1_101' title='bbox 1056 781 1171 835; x_wconf 87' lang='lat' dir='ltr'>spesi</span> <span class='ocrx_word' id='word_1_102' title='bbox 1202 781 1275 836; x_wconf 91' lang='lat' dir='ltr'>piu</span> <span class='ocrx_word' id='word_1_103' title='bbox 1308 782 1349 823; x_wconf 90' lang='lat' dir='ltr'>di</span> <span class='ocrx_word' id='word_1_104' title='bbox 1385 784 1498 825; x_wconf 86' lang='lat'>1000</span> <span class='ocrx_word' id='word_1_105' title='bbox 1531 784 1660 826; x_wconf 87' lang='lat' dir='ltr'>taleri</span> <span class='ocrx_word' id='word_1_106' title='bbox 1697 798 1775 838; x_wconf 87' lang='lat' dir='ltr'>per</span> <span class='ocrx_word' id='word_1_107' title='bbox 1806 783 2004 826; x_wconf 89' lang='lat' dir='ltr'>souenire</span> 
     </span>
     <span class='ocr_line' id='line_1_11' title="bbox 232 840 2053 902; baseline 0.001 -10"><span class='ocrx_word' id='word_1_108' title='bbox 232 851 263 892; x_wconf 93' lang='grc'>11</span> <span class='ocrx_word' id='word_1_109' title='bbox 297 849 478 902; x_wconf 82' lang='lat' dir='ltr'>collegio</span> <span class='ocrx_word' id='word_1_110' title='bbox 521 848 563 890; x_wconf 90' lang='lat' dir='ltr'>di</span> <span class='ocrx_word' id='word_1_111' title='bbox 604 847 786 902; x_wconf 78' lang='lat' dir='ltr'>poueri2</span> <span class='ocrx_word' id='word_1_112' title='bbox 830 851 874 890; x_wconf 92' lang='lat' dir='ltr'>et</span> <span class='ocrx_word' id='word_1_113' title='bbox 916 847 993 889; x_wconf 91' lang='lat' dir='ltr'>che</span> <span class='ocrx_word' id='word_1_114' title='bbox 1035 861 1120 888; x_wconf 91' lang='lat' dir='ltr'>non</span> <span class='ocrx_word' id='word_1_115' title='bbox 1160 847 1203 888; x_wconf 91' lang='lat' dir='ltr'>ui</span> <span class='ocrx_word' id='word_1_116' title='bbox 1247 861 1268 888; x_wconf 93' lang='lat' dir='ltr'>e</span> <span class='ocrx_word' id='word_1_117' title='bbox 1309 847 1445 891; x_wconf 88' lang='lat' dir='ltr'>molta</span> <span class='ocrx_word' id='word_1_118' title='bbox 1486 862 1695 902; x_wconf 83' lang='lat' dir='ltr'>speranza</span> <span class='ocrx_word' id='word_1_119' title='bbox 1737 849 1776 890; x_wconf 92' lang='lat' dir='ltr'>di</span> <span class='ocrx_word' id='word_1_120' title='bbox 1815 840 2053 893; x_wconf 18' lang='grc'><strong>1101101111-</strong></span> 
     </span>
     <span class='ocr_line' id='line_1_12' title="bbox 234 911 2005 969; baseline 0 -13"><span class='ocrx_word' id='word_1_121' title='bbox 234 916 286 958; x_wconf 84' lang='lat' dir='ltr'>V.</span> <span class='ocrx_word' id='word_1_122' title='bbox 321 913 585 956; x_wconf 84' lang='lat' dir='ltr'>Reuerentia</span> <span class='ocrx_word' id='word_1_123' title='bbox 617 913 777 954; x_wconf 84' lang='lat' dir='ltr'>uedera</span> <span class='ocrx_word' id='word_1_124' title='bbox 811 912 849 953; x_wconf 90' lang='lat' dir='ltr'>di</span> <span class='ocrx_word' id='word_1_125' title='bbox 883 912 926 954; x_wconf 89' lang='grc'>10</span> <span class='ocrx_word' id='word_1_126' title='bbox 959 911 1000 953; x_wconf 88' lang='grc'>(11</span> <span class='ocrx_word' id='word_1_127' title='bbox 1034 912 1136 954; x_wconf 87' lang='grc'><strong>(1010</strong></span> <span class='ocrx_word' id='word_1_128' title='bbox 1169 912 1195 953; x_wconf 88' lang='lat' dir='ltr'>l’</span> <span class='ocrx_word' id='word_1_129' title='bbox 1220 912 1368 954; x_wconf 79' lang='lat' dir='ltr'>ordine</span> <span class='ocrx_word' id='word_1_130' title='bbox 1402 913 1479 955; x_wconf 91' lang='lat' dir='ltr'>che</span> <span class='ocrx_word' id='word_1_131' title='bbox 1511 914 1719 967; x_wconf 81' lang='lat' dir='ltr'>megliore</span> <span class='ocrx_word' id='word_1_132' title='bbox 1756 914 1817 968; x_wconf 81' lang='lat' dir='ltr'>gli</span> <span class='ocrx_word' id='word_1_133' title='bbox 1848 928 2005 969; x_wconf 85' lang='lat' dir='ltr'>parera</span> 
     </span>
     <span class='ocr_line' id='line_1_13' title="bbox 231 981 615 1035; baseline -0.005 -13"><span class='ocrx_word' id='word_1_134' title='bbox 231 981 278 1035; x_wconf 86' lang='lat' dir='ltr'>jn</span> <span class='ocrx_word' id='word_1_135' title='bbox 312 982 467 1033; x_wconf 87' lang='lat' dir='ltr'>questa</span> <span class='ocrx_word' id='word_1_136' title='bbox 500 992 615 1020; x_wconf 87' lang='lat' dir='ltr'>cosa.</span> 
     </span>
    </p>

    <p class='ocr_par' dir='ltr' id='par_1_4' title="bbox 234 1042 2006 1424">
     <span class='ocr_line' id='line_1_14' title="bbox 353 1042 2006 1087; baseline 0 -1"><span class='ocrx_word' id='word_1_137' title='bbox 353 1045 383 1086; x_wconf 90' lang='lat' dir='ltr'>il</span> <span class='ocrx_word' id='word_1_138' title='bbox 416 1046 556 1086; x_wconf 87' lang='lat' dir='ltr'>rettor</span> <span class='ocrx_word' id='word_1_139' title='bbox 579 1043 620 1085; x_wconf 90' lang='lat' dir='ltr'>di</span> <span class='ocrx_word' id='word_1_140' title='bbox 642 1042 868 1084; x_wconf 86' lang='lat' dir='ltr'>monachio</span> <span class='ocrx_word' id='word_1_141' title='bbox 901 1042 1040 1084; x_wconf 87' lang='lat' dir='ltr'>scriuc</span> <span class='ocrx_word' id='word_1_142' title='bbox 1064 1043 1141 1084; x_wconf 87' lang='lat' dir='ltr'>che</span> <span class='ocrx_word' id='word_1_143' title='bbox 1172 1043 1228 1084; x_wconf 90' lang='lat' dir='ltr'>ha</span> <span class='ocrx_word' id='word_1_144' title='bbox 1252 1043 1364 1085; x_wconf 85' lang='lat' dir='ltr'>fatto</span> <span class='ocrx_word' id='word_1_145' title='bbox 1386 1043 1482 1085; x_wconf 86' lang='lat' dir='ltr'>fare</span> <span class='ocrx_word' id='word_1_146' title='bbox 1505 1044 1535 1085; x_wconf 88' lang='lat' dir='ltr'>li</span> <span class='ocrx_word' id='word_1_147' title='bbox 1559 1044 1668 1087; x_wconf 81' lang='lat' dir='ltr'>votti</span> <span class='ocrx_word' id='word_1_148' title='bbox 1703 1044 1755 1087; x_wconf 90' lang='lat' dir='ltr'>de</span> <span class='ocrx_word' id='word_1_149' title='bbox 1786 1044 1817 1086; x_wconf 94' lang='lat' dir='ltr'>li</span> <span class='ocrx_word' id='word_1_150' title='bbox 1848 1045 2006 1086; x_wconf 87' lang='lat' dir='ltr'>scolari</span> 
     </span>
     <span class='ocr_line' id='line_1_15' title="bbox 235 1107 2005 1162; baseline 0 -10"><span class='ocrx_word' id='word_1_151' title='bbox 235 1111 290 1153; x_wconf 90' lang='lat' dir='ltr'>ad</span> <span class='ocrx_word' id='word_1_152' title='bbox 323 1124 408 1152; x_wconf 79' lang='lat' dir='ltr'>vno</span> <span class='ocrx_word' id='word_1_153' title='bbox 442 1110 519 1151; x_wconf 89' lang='lat' dir='ltr'>che</span> <span class='ocrx_word' id='word_1_154' title='bbox 553 1123 628 1150; x_wconf 87' lang='lat' dir='ltr'>era</span> <span class='ocrx_word' id='word_1_155' title='bbox 661 1107 939 1161; x_wconf 80' lang='lat' dir='ltr'>couagiutore</span> <span class='ocrx_word' id='word_1_156' title='bbox 972 1108 1228 1162; x_wconf 86' lang='lat' dir='ltr'>temporalle</span> <span class='ocrx_word' id='word_1_157' title='bbox 1260 1108 1290 1149; x_wconf 92' lang='lat' dir='ltr'>il</span> <span class='ocrx_word' id='word_1_158' title='bbox 1323 1109 1400 1150; x_wconf 91' lang='lat' dir='ltr'>che</span> <span class='ocrx_word' id='word_1_159' title='bbox 1433 1123 1479 1151; x_wconf 91' lang='grc'>50</span> <span class='ocrx_word' id='word_1_160' title='bbox 1513 1109 1601 1151; x_wconf 83' lang='grc'><strong>0051</strong></span> <span class='ocrx_word' id='word_1_161' title='bbox 1623 1110 1718 1151; x_wconf 81' lang='lat' dir='ltr'>fuse</span> <span class='ocrx_word' id='word_1_162' title='bbox 1750 1124 1835 1152; x_wconf 91' lang='lat' dir='ltr'>non</span> <span class='ocrx_word' id='word_1_163' title='bbox 1867 1109 2005 1152; x_wconf 87' lang='lat' dir='ltr'>staria</span> 
     </span>
     <span class='ocr_line' id='line_1_16' title="bbox 234 1173 2005 1227; baseline -0.001 -9"><span class='ocrx_word' id='word_1_164' title='bbox 234 1177 317 1218; x_wconf 89' lang='lat' dir='ltr'>ben</span> <span class='ocrx_word' id='word_1_165' title='bbox 359 1175 473 1217; x_wconf 84' lang='lat' dir='ltr'>fatto</span> <span class='ocrx_word' id='word_1_166' title='bbox 508 1210 516 1216; x_wconf 95' lang='lat'><strong><em>.</em></strong></span> <span class='ocrx_word' id='word_1_167' title='bbox 550 1174 667 1215; x_wconf 85' lang='lat' dir='ltr'>forse</span> <span class='ocrx_word' id='word_1_168' title='bbox 710 1173 785 1215; x_wconf 88' lang='grc'><strong>0110</strong></span> <span class='ocrx_word' id='word_1_169' title='bbox 828 1176 851 1214; x_wconf 82' lang='grc'>0</span> <span class='ocrx_word' id='word_1_170' title='bbox 894 1174 966 1215; x_wconf 89' lang='grc'><strong>11111</strong></span> <span class='ocrx_word' id='word_1_171' title='bbox 1007 1187 1091 1215; x_wconf 93' lang='lat' dir='ltr'>non</span> <span class='ocrx_word' id='word_1_172' title='bbox 1128 1173 1420 1227; x_wconf 84' lang='lat' dir='ltr'>jntendiamo,</span> <span class='ocrx_word' id='word_1_173' title='bbox 1465 1177 1487 1215; x_wconf 84' lang='grc'>0</span> <span class='ocrx_word' id='word_1_174' title='bbox 1520 1174 1550 1216; x_wconf 92' lang='grc'>11</span> <span class='ocrx_word' id='word_1_175' title='bbox 1588 1175 1709 1217; x_wconf 87' lang='lat' dir='ltr'>detto</span> <span class='ocrx_word' id='word_1_176' title='bbox 1742 1176 1788 1218; x_wconf 92' lang='lat' dir='ltr'>P.</span> <span class='ocrx_word' id='word_1_177' title='bbox 1823 1190 1908 1217; x_wconf 92' lang='lat' dir='ltr'>non</span> <span class='ocrx_word' id='word_1_178' title='bbox 1940 1175 2005 1217; x_wconf 88' lang='lat' dir='ltr'>sia</span> 
     </span>
     <span class='ocr_line' id='line_1_17' title="bbox 235 1239 2005 1294; baseline -0.001 -11"><span class='ocrx_word' id='word_1_179' title='bbox 235 1242 317 1283; x_wconf 85' lang='lat' dir='ltr'>ben</span> <span class='ocrx_word' id='word_1_180' title='bbox 351 1240 581 1294; x_wconf 84' lang='lat' dir='ltr'>esplicatto</span> <span class='ocrx_word' id='word_1_181' title='bbox 598 1241 626 1281; x_wconf 84' lang='lat'>3.</span> <span class='ocrx_word' id='word_1_182' title='bbox 671 1253 753 1280; x_wconf 90' lang='lat' dir='ltr'>non</span> <span class='ocrx_word' id='word_1_183' title='bbox 796 1239 832 1280; x_wconf 88' lang='lat' dir='ltr'>ci</span> <span class='ocrx_word' id='word_1_184' title='bbox 873 1242 992 1281; x_wconf 87' lang='lat' dir='ltr'>resta</span> <span class='ocrx_word' id='word_1_185' title='bbox 1034 1239 1146 1282; x_wconf 84' lang='lat' dir='ltr'>altro</span> <span class='ocrx_word' id='word_1_186' title='bbox 1189 1239 1266 1280; x_wconf 91' lang='lat' dir='ltr'>che</span> <span class='ocrx_word' id='word_1_187' title='bbox 1308 1239 1399 1281; x_wconf 88' lang='lat' dir='ltr'>dire</span> <span class='ocrx_word' id='word_1_188' title='bbox 1435 1240 1483 1294; x_wconf 87' lang='lat' dir='ltr'>jn</span> <span class='ocrx_word' id='word_1_189' title='bbox 1526 1243 1680 1293; x_wconf 89' lang='lat' dir='ltr'>questa</span> <span class='ocrx_word' id='word_1_190' title='bbox 1721 1254 1768 1282; x_wconf 92' lang='grc'>50</span> <span class='ocrx_word' id='word_1_191' title='bbox 1808 1255 1892 1282; x_wconf 91' lang='lat' dir='ltr'>non</span> <span class='ocrx_word' id='word_1_192' title='bbox 1927 1241 2005 1283; x_wconf 90' lang='grc'><strong>0110</strong></span> 
     </span>
     <span class='ocr_line' id='line_1_18' title="bbox 234 1303 2005 1349; baseline -0.001 -1"><span class='ocrx_word' id='word_1_193' title='bbox 234 1306 341 1349; x_wconf 88' lang='lat' dir='ltr'>tutti</span> <span class='ocrx_word' id='word_1_194' title='bbox 383 1305 418 1347; x_wconf 89' lang='grc'>51</span> <span class='ocrx_word' id='word_1_195' title='bbox 459 1304 796 1346; x_wconf 85' lang='lat' dir='ltr'>ricomandiamo</span> <span class='ocrx_word' id='word_1_196' title='bbox 838 1304 972 1346; x_wconf 88' lang='lat' dir='ltr'>molto</span> <span class='ocrx_word' id='word_1_197' title='bbox 1015 1304 1099 1346; x_wconf 84' lang='lat' dir='ltr'>alle</span> <span class='ocrx_word' id='word_1_198' title='bbox 1141 1303 1325 1346; x_wconf 83' lang='lat' dir='ltr'>orationi</span> <span class='ocrx_word' id='word_1_199' title='bbox 1369 1304 1409 1345; x_wconf 90' lang='lat' dir='ltr'>di</span> <span class='ocrx_word' id='word_1_200' title='bbox 1451 1305 1503 1347; x_wconf 90' lang='lat' dir='ltr'>V.</span> <span class='ocrx_word' id='word_1_201' title='bbox 1546 1305 1812 1348; x_wconf 84' lang='lat' dir='ltr'>Reuerentia</span> <span class='ocrx_word' id='word_1_202' title='bbox 1854 1319 1876 1347; x_wconf 94' lang='lat' dir='ltr'>e</span> <span class='ocrx_word' id='word_1_203' title='bbox 1921 1305 2005 1348; x_wconf 89' lang='lat' dir='ltr'>deli</span> 
     </span>
     <span class='ocr_line' id='line_1_19' title="bbox 236 1369 1543 1424; baseline -0.002 -10"><span class='ocrx_word' id='word_1_204' title='bbox 236 1371 336 1414; x_wconf 86' lang='lat' dir='ltr'>altri</span> <span class='ocrx_word' id='word_1_205' title='bbox 369 1370 463 1413; x_wconf 89' lang='grc'><strong>51101</strong></span> <span class='ocrx_word' id='word_1_206' title='bbox 496 1369 736 1424; x_wconf 84' lang='lat' dir='ltr'>compagni.</span> <span class='ocrx_word' id='word_1_207' title='bbox 801 1369 842 1410; x_wconf 90' lang='lat' dir='ltr'>di</span> <span class='ocrx_word' id='word_1_208' title='bbox 874 1383 997 1411; x_wconf 88' lang='lat' dir='ltr'>roma</span> <span class='ocrx_word' id='word_1_209' title='bbox 1029 1369 1058 1410; x_wconf 95' lang='grc'>11</span> <span class='ocrx_word' id='word_1_210' title='bbox 1094 1371 1115 1411; x_wconf 89' lang='grc'>7</span> <span class='ocrx_word' id='word_1_211' title='bbox 1151 1369 1203 1411; x_wconf 92' lang='lat' dir='ltr'>de</span> <span class='ocrx_word' id='word_1_212' title='bbox 1235 1383 1380 1411; x_wconf 84' lang='lat' dir='ltr'>marzo</span> <span class='ocrx_word' id='word_1_213' title='bbox 1417 1371 1543 1412; x_wconf 78' lang='lat'>1562.</span> 
     </span>
    </p>
   </div>
   <div class='ocr_carea' id='block_1_3' title="bbox 511 1450 1517 1457">
    <p class='ocr_par' dir='ltr' id='par_1_5' title="bbox 511 1450 1517 1457">
     <span class='ocr_line' id='line_1_20' title="bbox 511 1450 1517 1457; baseline 0 0"><span class='ocrx_word' id='word_1_214' title='bbox 511 1450 1517 1457; x_wconf 95' lang='lat' dir='ltr'> </span> 
     </span>
    </p>
   </div>
   <div class='ocr_carea' id='block_1_4' title="bbox 767 1451 1517 1456">
    <p class='ocr_par' dir='ltr' id='par_1_6' title="bbox 767 1451 1517 1456">
     <span class='ocr_line' id='line_1_21' title="bbox 767 1451 1517 1456; baseline 0 0"><span class='ocrx_word' id='word_1_215' title='bbox 767 1451 1517 1456; x_wconf 95' lang='lat' dir='ltr'> </span> 
     </span>
    </p>
   </div>
   <div class='ocr_carea' id='block_1_5' title="bbox 1902 1453 2004 1458">
    <p class='ocr_par' dir='ltr' id='par_1_7' title="bbox 1902 1453 2004 1458">
     <span class='ocr_line' id='line_1_22' title="bbox 1902 1453 2004 1458; baseline 0 0"><span class='ocrx_word' id='word_1_216' title='bbox 1902 1453 2004 1458; x_wconf 95' lang='lat' dir='ltr'> </span> 
     </span>
    </p>
   </div>
   <div class='ocr_carea' id='block_1_6' title="bbox 236 1492 2007 2393">
    <p class='ocr_par' dir='ltr' id='par_1_8' title="bbox 236 1492 2006 1848">
     <span class='ocr_line' id='line_1_23' title="bbox 356 1492 2005 1538; baseline 0 -11"><span class='ocrx_word' id='word_1_217' title='bbox 356 1494 499 1527; x_wconf 87' lang='lat' dir='ltr'>Patrem</span> <span class='ocrx_word' id='word_1_218' title='bbox 526 1492 723 1526; x_wconf 75' lang='lat' dir='ltr'>Victoriam</span> <span class='ocrx_word' id='word_1_219' title='bbox 760 1492 795 1525; x_wconf 90' lang='lat' dir='ltr'>in</span> <span class='ocrx_word' id='word_1_220' title='bbox 823 1492 978 1525; x_wconf 75' lang='lat' dir='ltr'>Galliam</span> <span class='ocrx_word' id='word_1_221' title='bbox 1015 1492 1065 1525; x_wconf 88' lang='lat' dir='ltr'>irc</span> <span class='ocrx_word' id='word_1_222' title='bbox 1091 1504 1159 1525; x_wconf 88' lang='lat' dir='ltr'>non</span> <span class='ocrx_word' id='word_1_223' title='bbox 1188 1493 1346 1536; x_wconf 87' lang='lat' dir='ltr'>oportet;</span> <span class='ocrx_word' id='word_1_224' title='bbox 1383 1494 1485 1537; x_wconf 84' lang='lat' dir='ltr'>pater</span> <span class='ocrx_word' id='word_1_225' title='bbox 1511 1492 1605 1526; x_wconf 84' lang='grc'><strong>0111111</strong></span> <span class='ocrx_word' id='word_1_226' title='bbox 1631 1494 1753 1527; x_wconf 84' lang='lat' dir='ltr'>noster</span> <span class='ocrx_word' id='word_1_227' title='bbox 1778 1493 2005 1538; x_wconf 82' lang='lat' dir='ltr'>praepositus</span> 
     </span>
     <span class='ocr_line' id='line_1_24' title="bbox 237 1545 2005 1591; baseline -0.001 -10"><span class='ocrx_word' id='word_1_228' title='bbox 237 1547 417 1591; x_wconf 77' lang='lat' dir='ltr'>generalis</span> <span class='ocrx_word' id='word_1_229' title='bbox 453 1545 617 1590; x_wconf 78' lang='lat' dir='ltr'>scripsit,</span> <span class='ocrx_word' id='word_1_230' title='bbox 658 1557 696 1579; x_wconf 96' lang='grc'>50</span> <span class='ocrx_word' id='word_1_231' title='bbox 731 1545 765 1579; x_wconf 87' lang='grc'>111</span> <span class='ocrx_word' id='word_1_232' title='bbox 804 1557 843 1579; x_wconf 87' lang='grc'>00</span> <span class='ocrx_word' id='word_1_233' title='bbox 879 1557 917 1579; x_wconf 83' lang='grc'>10</span> <span class='ocrx_word' id='word_1_234' title='bbox 954 1545 1024 1579; x_wconf 86' lang='lat' dir='ltr'>iam</span> <span class='ocrx_word' id='word_1_235' title='bbox 1061 1545 1219 1580; x_wconf 85' lang='lat' dir='ltr'>officium</span> <span class='ocrx_word' id='word_1_236' title='bbox 1255 1545 1398 1589; x_wconf 80' lang='lat' dir='ltr'>aliquod</span> <span class='ocrx_word' id='word_1_237' title='bbox 1426 1545 1652 1590; x_wconf 74' lang='lat' dir='ltr'>praestitisse</span> <span class='ocrx_word' id='word_1_238' title='bbox 1688 1548 1724 1580; x_wconf 88' lang='lat' dir='ltr'>et</span> <span class='ocrx_word' id='word_1_239' title='bbox 1758 1546 1802 1580; x_wconf 86' lang='lat' dir='ltr'>ad</span> <span class='ocrx_word' id='word_1_240' title='bbox 1837 1546 2005 1590; x_wconf 80' lang='lat' dir='ltr'>generale</span> 
     </span>
     <span class='ocr_line' id='line_1_25' title="bbox 238 1598 2004 1644; baseline 0 -10"><span class='ocrx_word' id='word_1_241' title='bbox 238 1600 558 1635; x_wconf 84' lang='lat' dir='ltr'>Carthusianorum</span> <span class='ocrx_word' id='word_1_242' title='bbox 586 1598 782 1644; x_wconf 85' lang='lat' dir='ltr'>capitulum</span> <span class='ocrx_word' id='word_1_243' title='bbox 809 1599 951 1632; x_wconf 78' lang='lat' dir='ltr'>litteras</span> <span class='ocrx_word' id='word_1_244' title='bbox 977 1598 1162 1639; x_wconf 85' lang='lat' dir='ltr'>misisse¹;</span> <span class='ocrx_word' id='word_1_245' title='bbox 1191 1598 1312 1642; x_wconf 87' lang='lat' dir='ltr'>itaque</span> <span class='ocrx_word' id='word_1_246' title='bbox 1339 1598 1415 1643; x_wconf 88' lang='lat' dir='ltr'>ipse</span> <span class='ocrx_word' id='word_1_247' title='bbox 1441 1599 1599 1633; x_wconf 86' lang='lat' dir='ltr'>laborem</span> <span class='ocrx_word' id='word_1_248' title='bbox 1622 1599 1722 1633; x_wconf 87' lang='lat' dir='ltr'>illum</span> <span class='ocrx_word' id='word_1_249' title='bbox 1741 1600 1876 1634; x_wconf 86' lang='lat' dir='ltr'>frustra</span> <span class='ocrx_word' id='word_1_250' title='bbox 1893 1600 2004 1634; x_wconf 90' lang='lat' dir='ltr'>susci-</span> 
     </span>
     <span class='ocr_line' id='line_1_26' title="bbox 237 1652 2004 1699; baseline -0.001 -10"><span class='ocrx_word' id='word_1_251' title='bbox 237 1656 350 1699; x_wconf 84' lang='lat' dir='ltr'>peret.</span> <span class='ocrx_word' id='word_1_252' title='bbox 402 1654 569 1687; x_wconf 83' lang='lat' dir='ltr'>Praestat</span> <span class='ocrx_word' id='word_1_253' title='bbox 605 1655 725 1686; x_wconf 88' lang='lat' dir='ltr'>autem</span> <span class='ocrx_word' id='word_1_254' title='bbox 752 1654 890 1697; x_wconf 81' lang='lat' dir='ltr'>patrem</span> <span class='ocrx_word' id='word_1_255' title='bbox 927 1652 1027 1686; x_wconf 88' lang='lat' dir='ltr'>illum</span> <span class='ocrx_word' id='word_1_256' title='bbox 1061 1652 1222 1695; x_wconf 78' lang='lat' dir='ltr'>collegiis</span> <span class='ocrx_word' id='word_1_257' title='bbox 1249 1652 1463 1686; x_wconf 81' lang='lat' dir='ltr'>Germaniae</span> <span class='ocrx_word' id='word_1_258' title='bbox 1489 1652 1524 1686; x_wconf 94' lang='lat' dir='ltr'>in</span> <span class='ocrx_word' id='word_1_259' title='bbox 1551 1652 1614 1694; x_wconf 86' lang='lat' dir='ltr'>iis,</span> <span class='ocrx_word' id='word_1_260' title='bbox 1650 1664 1741 1697; x_wconf 81' lang='lat' dir='ltr'>quae</span> <span class='ocrx_word' id='word_1_261' title='bbox 1777 1653 1821 1687; x_wconf 88' lang='lat' dir='ltr'>ad</span> <span class='ocrx_word' id='word_1_262' title='bbox 1848 1653 2004 1698; x_wconf 89' lang='lat' dir='ltr'>ipsorum</span> 
     </span>
     <span class='ocr_line' id='line_1_27' title="bbox 236 1705 2005 1751; baseline -0.001 -9"><span class='ocrx_word' id='word_1_263' title='bbox 236 1708 329 1742; x_wconf 87' lang='lat' dir='ltr'>bona</span> <span class='ocrx_word' id='word_1_264' title='bbox 354 1707 563 1750; x_wconf 85' lang='lat' dir='ltr'>reditusque</span> <span class='ocrx_word' id='word_1_265' title='bbox 590 1708 776 1751; x_wconf 79' lang='lat' dir='ltr'>spectant,</span> <span class='ocrx_word' id='word_1_266' title='bbox 803 1705 1017 1740; x_wconf 85' lang='lat' dir='ltr'>adiuvandis</span> <span class='ocrx_word' id='word_1_267' title='bbox 1045 1708 1080 1739; x_wconf 90' lang='lat' dir='ltr'>et</span> <span class='ocrx_word' id='word_1_268' title='bbox 1106 1705 1261 1739; x_wconf 79' lang='lat' dir='ltr'>maxime</span> <span class='ocrx_word' id='word_1_269' title='bbox 1288 1705 1546 1740; x_wconf 82' lang='lat' dir='ltr'>vindobonensi</span> <span class='ocrx_word' id='word_1_270' title='bbox 1572 1717 1654 1741; x_wconf 86' lang='lat' dir='ltr'>aere</span> <span class='ocrx_word' id='word_1_271' title='bbox 1681 1706 1796 1741; x_wconf 88' lang='lat' dir='ltr'>alieno</span> <span class='ocrx_word' id='word_1_272' title='bbox 1821 1706 2005 1742; x_wconf 88' lang='lat' dir='ltr'>liberando</span> 
     </span>
     <span class='ocr_line' id='line_1_28' title="bbox 238 1759 2006 1806; baseline -0.001 -11"><span class='ocrx_word' id='word_1_273' title='bbox 238 1772 382 1806; x_wconf 84' lang='lat' dir='ltr'>operam</span> <span class='ocrx_word' id='word_1_274' title='bbox 410 1771 555 1794; x_wconf 87' lang='lat' dir='ltr'>navare.</span> <span class='ocrx_word' id='word_1_275' title='bbox 606 1759 679 1793; x_wconf 84' lang='lat' dir='ltr'>Nos</span> <span class='ocrx_word' id='word_1_276' title='bbox 707 1759 762 1794; x_wconf 89' lang='lat' dir='ltr'>his</span> <span class='ocrx_word' id='word_1_277' title='bbox 788 1759 920 1793; x_wconf 80' lang='lat' dir='ltr'>litteris</span> <span class='ocrx_word' id='word_1_278' title='bbox 948 1759 1138 1804; x_wconf 74' lang='lat' dir='ltr'>epistulam</span> <span class='ocrx_word' id='word_1_279' title='bbox 1165 1759 1234 1804; x_wconf 89' lang='lat' dir='ltr'>ipsi</span> <span class='ocrx_word' id='word_1_280' title='bbox 1261 1759 1476 1794; x_wconf 87' lang='lat' dir='ltr'>destinatam</span> <span class='ocrx_word' id='word_1_281' title='bbox 1503 1759 1741 1803; x_wconf 86' lang='lat' dir='ltr'>adiungimus,</span> <span class='ocrx_word' id='word_1_282' title='bbox 1772 1771 1880 1805; x_wconf 89' lang='lat' dir='ltr'>quam</span> <span class='ocrx_word' id='word_1_283' title='bbox 1905 1772 2006 1795; x_wconf 86' lang='lat' dir='ltr'>reve-</span> 
     </span>
     <span class='ocr_line' id='line_1_29' title="bbox 237 1813 717 1848; baseline -0.004 0"><span class='ocrx_word' id='word_1_284' title='bbox 237 1814 354 1848; x_wconf 88' lang='lat' dir='ltr'>rentia</span> <span class='ocrx_word' id='word_1_285' title='bbox 381 1817 502 1847; x_wconf 81' lang='lat' dir='ltr'>vestra</span> <span class='ocrx_word' id='word_1_286' title='bbox 531 1813 560 1846; x_wconf 89' lang='lat' dir='ltr'>ei</span> <span class='ocrx_word' id='word_1_287' title='bbox 588 1813 717 1846; x_wconf 87' lang='lat' dir='ltr'>mittet.</span> 
     </span>
    </p>

    <p class='ocr_par' dir='ltr' id='par_1_9' title="bbox 237 1865 2006 2077">
     <span class='ocr_line' id='line_1_30' title="bbox 357 1865 2006 1912; baseline 0.001 -12"><span class='ocrx_word' id='word_1_288' title='bbox 357 1867 454 1901; x_wconf 70' lang='grc'><strong>10001</strong></span> <span class='ocrx_word' id='word_1_289' title='bbox 490 1866 528 1900; x_wconf 92' lang='lat' dir='ltr'>P.</span> <span class='ocrx_word' id='word_1_290' title='bbox 557 1866 716 1900; x_wconf 84' lang='lat' dir='ltr'>Victoria</span> <span class='ocrx_word' id='word_1_291' title='bbox 755 1866 872 1910; x_wconf 80' lang='lat' dir='ltr'>Praga</span> <span class='ocrx_word' id='word_1_292' title='bbox 907 1865 1050 1907; x_wconf 82' lang='lat' dir='ltr'>scribit,</span> <span class='ocrx_word' id='word_1_293' title='bbox 1091 1878 1134 1900; x_wconf 80' lang='lat' dir='ltr'>ex</span> <span class='ocrx_word' id='word_1_294' title='bbox 1170 1865 1267 1900; x_wconf 89' lang='lat' dir='ltr'>illius</span> <span class='ocrx_word' id='word_1_295' title='bbox 1302 1865 1445 1910; x_wconf 80' lang='lat' dir='ltr'>collegii</span> <span class='ocrx_word' id='word_1_296' title='bbox 1480 1867 1594 1901; x_wconf 87' lang='lat' dir='ltr'>nostri</span> <span class='ocrx_word' id='word_1_297' title='bbox 1628 1866 1747 1901; x_wconf 88' lang='lat' dir='ltr'>reditu</span> <span class='ocrx_word' id='word_1_298' title='bbox 1780 1866 1862 1912; x_wconf 90' lang='lat' dir='ltr'>plus</span> <span class='ocrx_word' id='word_1_299' title='bbox 1897 1878 2006 1912; x_wconf 87' lang='lat' dir='ltr'>quam</span> 
     </span>
     <span class='ocr_line' id='line_1_31' title="bbox 239 1919 2005 1964; baseline -0.001 -8"><span class='ocrx_word' id='word_1_300' title='bbox 239 1922 328 1956; x_wconf 87' lang='grc'><strong>1000</strong></span> <span class='ocrx_word' id='word_1_301' title='bbox 356 1920 490 1954; x_wconf 87' lang='lat' dir='ltr'>taleros</span> <span class='ocrx_word' id='word_1_302' title='bbox 526 1919 562 1953; x_wconf 90' lang='lat' dir='ltr'>in</span> <span class='ocrx_word' id='word_1_303' title='bbox 588 1919 778 1963; x_wconf 75' lang='lat' dir='ltr'>collegium</span> <span class='ocrx_word' id='word_1_304' title='bbox 805 1919 1030 1964; x_wconf 72' lang='lat' dir='ltr'>pauperum‘2</span> <span class='ocrx_word' id='word_1_305' title='bbox 1066 1919 1306 1953; x_wconf 78' lang='lat' dir='ltr'>adiuvandum</span> <span class='ocrx_word' id='word_1_306' title='bbox 1342 1919 1522 1964; x_wconf 90' lang='lat' dir='ltr'>impensos</span> <span class='ocrx_word' id='word_1_307' title='bbox 1549 1931 1627 1954; x_wconf 91' lang='lat' dir='ltr'>esse</span> <span class='ocrx_word' id='word_1_308' title='bbox 1661 1931 1778 1964; x_wconf 88' lang='lat' dir='ltr'>neque</span> <span class='ocrx_word' id='word_1_309' title='bbox 1805 1932 1924 1954; x_wconf 90' lang='lat' dir='ltr'>eorum</span> <span class='ocrx_word' id='word_1_310' title='bbox 1952 1932 2005 1955; x_wconf 92' lang='lat' dir='ltr'>re-</span> 
     </span>
     <span class='ocr_line' id='line_1_32' title="bbox 237 1971 2006 2019; baseline -0.001 -10"><span class='ocrx_word' id='word_1_311' title='bbox 237 1974 520 2019; x_wconf 86' lang='lat' dir='ltr'>cuperandorum</span> <span class='ocrx_word' id='word_1_312' title='bbox 548 1985 648 2018; x_wconf 86' lang='lat' dir='ltr'>spem</span> <span class='ocrx_word' id='word_1_313' title='bbox 681 1985 849 2017; x_wconf 77' lang='lat' dir='ltr'>magnam</span> <span class='ocrx_word' id='word_1_314' title='bbox 878 1984 967 2007; x_wconf 87' lang='lat' dir='ltr'>esse.</span> <span class='ocrx_word' id='word_1_315' title='bbox 1020 1971 1096 2013; x_wconf 82' lang='lat' dir='ltr'>Qua</span> <span class='ocrx_word' id='word_1_316' title='bbox 1132 1972 1168 2006; x_wconf 89' lang='lat' dir='ltr'>in</span> <span class='ocrx_word' id='word_1_317' title='bbox 1194 1984 1232 2006; x_wconf 90' lang='lat' dir='ltr'>re</span> <span class='ocrx_word' id='word_1_318' title='bbox 1257 1973 1340 2007; x_wconf 87' lang='lat' dir='ltr'>istic</span> <span class='ocrx_word' id='word_1_319' title='bbox 1374 1973 1597 2007; x_wconf 87' lang='lat' dir='ltr'>reverentiae</span> <span class='ocrx_word' id='word_1_320' title='bbox 1623 1975 1768 2008; x_wconf 84' lang='lat' dir='ltr'>vestrae</span> <span class='ocrx_word' id='word_1_321' title='bbox 1794 1985 1900 2008; x_wconf 88' lang='lat' dir='ltr'>curae</span> <span class='ocrx_word' id='word_1_322' title='bbox 1927 1974 2006 2016; x_wconf 76' lang='lat' dir='ltr'>erit,</span> 
     </span>
     <span class='ocr_line' id='line_1_33' title="bbox 237 2026 1064 2077; baseline -0.002 -15"><span class='ocrx_word' id='word_1_323' title='bbox 237 2028 330 2077; x_wconf 78' lang='lat' dir='ltr'>quod</span> <span class='ocrx_word' id='word_1_324' title='bbox 359 2027 532 2072; x_wconf 90' lang='lat' dir='ltr'>optimum</span> <span class='ocrx_word' id='word_1_325' title='bbox 559 2027 627 2072; x_wconf 86' lang='lat' dir='ltr'>ipsi</span> <span class='ocrx_word' id='word_1_326' title='bbox 655 2027 771 2060; x_wconf 90' lang='lat' dir='ltr'>visum</span> <span class='ocrx_word' id='word_1_327' title='bbox 800 2026 868 2060; x_wconf 85' lang='lat' dir='ltr'>erit</span> <span class='ocrx_word' id='word_1_328' title='bbox 894 2028 1064 2060; x_wconf 83' lang='lat' dir='ltr'>statuere.</span> 
     </span>
    </p>

    <p class='ocr_par' dir='ltr' id='par_1_10' title="bbox 237 2078 2007 2393">
     <span class='ocr_line' id='line_1_34' title="bbox 357 2078 2007 2124; baseline 0 -10"><span class='ocrx_word' id='word_1_329' title='bbox 357 2081 489 2114; x_wconf 86' lang='lat' dir='ltr'>Rector</span> <span class='ocrx_word' id='word_1_330' title='bbox 515 2080 741 2114; x_wconf 86' lang='lat' dir='ltr'>monacensis</span> <span class='ocrx_word' id='word_1_331' title='bbox 768 2079 908 2121; x_wconf 81' lang='lat' dir='ltr'>scribit,</span> <span class='ocrx_word' id='word_1_332' title='bbox 936 2091 974 2113; x_wconf 87' lang='lat' dir='ltr'>se</span> <span class='ocrx_word' id='word_1_333' title='bbox 1003 2078 1258 2123; x_wconf 85' lang='lat' dir='ltr'>[reverentiam</span> <span class='ocrx_word' id='word_1_334' title='bbox 1284 2082 1443 2114; x_wconf 84' lang='lat' dir='ltr'>vestram</span> <span class='ocrx_word' id='word_1_335' title='bbox 1455 2079 1488 2124; x_wconf 82' lang='lat'>‘?]</span> <span class='ocrx_word' id='word_1_336' title='bbox 1516 2079 1710 2121; x_wconf 87' lang='lat' dir='ltr'>hominem,</span> <span class='ocrx_word' id='word_1_337' title='bbox 1738 2079 1798 2124; x_wconf 91' lang='lat' dir='ltr'>qui</span> <span class='ocrx_word' id='word_1_338' title='bbox 1825 2079 2007 2114; x_wconf 84' lang='lat' dir='ltr'>coadiutor</span> 
     </span>
     <span class='ocr_line' id='line_1_35' title="bbox 237 2132 2007 2179; baseline -0.001 -11"><span class='ocrx_word' id='word_1_339' title='bbox 237 2134 445 2179; x_wconf 88' lang='lat' dir='ltr'>temporalis</span> <span class='ocrx_word' id='word_1_340' title='bbox 482 2136 598 2175; x_wconf 86' lang='lat' dir='ltr'>esset,</span> <span class='ocrx_word' id='word_1_341' title='bbox 635 2135 721 2167; x_wconf 87' lang='lat' dir='ltr'>vota</span> <span class='ocrx_word' id='word_1_342' title='bbox 756 2133 1052 2167; x_wconf 83' lang='lat' dir='ltr'>scholasticorum</span> <span class='ocrx_word' id='word_1_343' title='bbox 1089 2133 1254 2167; x_wconf 83' lang='lat' dir='ltr'>emittere</span> <span class='ocrx_word' id='word_1_344' title='bbox 1285 2133 1445 2167; x_wconf 84' lang='lat' dir='ltr'>iussisse.</span> <span class='ocrx_word' id='word_1_345' title='bbox 1497 2132 1597 2174; x_wconf 81' lang='lat' dir='ltr'>Quod</span> <span class='ocrx_word' id='word_1_346' title='bbox 1630 2133 1660 2167; x_wconf 92' lang='lat' dir='ltr'>si</span> <span class='ocrx_word' id='word_1_347' title='bbox 1694 2133 1745 2168; x_wconf 87' lang='lat' dir='ltr'>ita</span> <span class='ocrx_word' id='word_1_348' title='bbox 1770 2133 1907 2167; x_wconf 89' lang='lat' dir='ltr'>factum</span> <span class='ocrx_word' id='word_1_349' title='bbox 1941 2134 2007 2175; x_wconf 86' lang='lat' dir='ltr'>est,</span> 
     </span>
     <span class='ocr_line' id='line_1_36' title="bbox 237 2186 2007 2231; baseline -0.001 -9"><span class='ocrx_word' id='word_1_350' title='bbox 237 2190 335 2222; x_wconf 85' lang='lat' dir='ltr'>recte</span> <span class='ocrx_word' id='word_1_351' title='bbox 362 2188 498 2221; x_wconf 87' lang='lat' dir='ltr'>facturn</span> <span class='ocrx_word' id='word_1_352' title='bbox 533 2199 602 2221; x_wconf 93' lang='lat' dir='ltr'>non</span> <span class='ocrx_word' id='word_1_353' title='bbox 630 2189 696 2221; x_wconf 88' lang='lat' dir='ltr'>est.</span> <span class='ocrx_word' id='word_1_354' title='bbox 748 2186 815 2221; x_wconf 80' lang='lat' dir='ltr'>Sed</span> <span class='ocrx_word' id='word_1_355' title='bbox 851 2186 1006 2220; x_wconf 85' lang='lat' dir='ltr'>fortasse</span> <span class='ocrx_word' id='word_1_356' title='bbox 1032 2186 1092 2220; x_wconf 88' lang='lat' dir='ltr'>vel</span> <span class='ocrx_word' id='word_1_357' title='bbox 1118 2197 1201 2225; x_wconf 77' lang='lat' dir='ltr'>nos.</span> <span class='ocrx_word' id='word_1_358' title='bbox 1239 2197 1330 2230; x_wconf 87' lang='lat' dir='ltr'>quae</span> <span class='ocrx_word' id='word_1_359' title='bbox 1357 2188 1459 2231; x_wconf 90' lang='lat' dir='ltr'>pater</span> <span class='ocrx_word' id='word_1_360' title='bbox 1493 2186 1553 2220; x_wconf 89' lang='lat' dir='ltr'>ille</span> <span class='ocrx_word' id='word_1_361' title='bbox 1580 2186 1744 2231; x_wconf 87' lang='lat' dir='ltr'>scripsit,</span> <span class='ocrx_word' id='word_1_362' title='bbox 1780 2186 1875 2220; x_wconf 89' lang='lat' dir='ltr'>haud</span> <span class='ocrx_word' id='word_1_363' title='bbox 1909 2188 2007 2220; x_wconf 91' lang='lat' dir='ltr'>recte</span> 
     </span>
     <span class='ocr_line' id='line_1_37' title="bbox 238 2239 2007 2285; baseline -0.001 -10"><span class='ocrx_word' id='word_1_364' title='bbox 238 2241 491 2285; x_wconf 78' lang='lat' dir='ltr'>intellegimus,</span> <span class='ocrx_word' id='word_1_365' title='bbox 518 2240 578 2274; x_wconf 90' lang='lat' dir='ltr'>vel</span> <span class='ocrx_word' id='word_1_366' title='bbox 603 2240 680 2285; x_wconf 89' lang='lat' dir='ltr'>ipse</span> <span class='ocrx_word' id='word_1_367' title='bbox 706 2252 780 2274; x_wconf 89' lang='lat' dir='ltr'>rem</span> <span class='ocrx_word' id='word_1_368' title='bbox 807 2240 902 2274; x_wconf 89' lang='lat' dir='ltr'>haud</span> <span class='ocrx_word' id='word_1_369' title='bbox 929 2239 1024 2273; x_wconf 89' lang='lat' dir='ltr'>clare</span> <span class='ocrx_word' id='word_1_370' title='bbox 1051 2239 1248 2284; x_wconf 82' lang='lat' dir='ltr'>explicavit</span> <span class='ocrx_word' id='word_1_371' title='bbox 1260 2240 1283 2274; x_wconf 77' lang='lat'>³.</span> <span class='ocrx_word' id='word_1_372' title='bbox 1333 2239 1458 2283; x_wconf 87' lang='lat' dir='ltr'>Neque</span> <span class='ocrx_word' id='word_1_373' title='bbox 1484 2239 1554 2273; x_wconf 86' lang='lat' dir='ltr'>iam</span> <span class='ocrx_word' id='word_1_374' title='bbox 1581 2240 1677 2274; x_wconf 87' lang='lat' dir='ltr'>aliud</span> <span class='ocrx_word' id='word_1_375' title='bbox 1703 2239 1887 2281; x_wconf 88' lang='lat' dir='ltr'>habemus,</span> <span class='ocrx_word' id='word_1_376' title='bbox 1915 2239 2007 2284; x_wconf 89' lang='lat' dir='ltr'>quod</span> 
     </span>
     <span class='ocr_line' id='line_1_38' title="bbox 237 2292 2007 2338; baseline -0.001 -9"><span class='ocrx_word' id='word_1_377' title='bbox 237 2295 274 2329; x_wconf 89' lang='lat' dir='ltr'>in</span> <span class='ocrx_word' id='word_1_378' title='bbox 300 2294 355 2329; x_wconf 89' lang='grc'><strong>1115</strong></span> <span class='ocrx_word' id='word_1_379' title='bbox 381 2294 513 2328; x_wconf 88' lang='lat' dir='ltr'>litteris</span> <span class='ocrx_word' id='word_1_380' title='bbox 540 2294 711 2334; x_wconf 86' lang='lat' dir='ltr'>dicamus,</span> <span class='ocrx_word' id='word_1_381' title='bbox 737 2293 807 2327; x_wconf 90' lang='lat' dir='ltr'>nisi</span> <span class='ocrx_word' id='word_1_382' title='bbox 832 2305 898 2327; x_wconf 91' lang='lat' dir='ltr'>nos</span> <span class='ocrx_word' id='word_1_383' title='bbox 924 2304 1046 2327; x_wconf 90' lang='lat' dir='ltr'>omnes</span> <span class='ocrx_word' id='word_1_384' title='bbox 1072 2293 1298 2327; x_wconf 82' lang='lat' dir='ltr'>reverentiae</span> <span class='ocrx_word' id='word_1_385' title='bbox 1320 2295 1464 2327; x_wconf 86' lang='lat' dir='ltr'>vestrae</span> <span class='ocrx_word' id='word_1_386' title='bbox 1491 2295 1527 2327; x_wconf 89' lang='lat' dir='ltr'>et</span> <span class='ocrx_word' id='word_1_387' title='bbox 1552 2293 1729 2328; x_wconf 88' lang='lat' dir='ltr'>sociorum</span> <span class='ocrx_word' id='word_1_388' title='bbox 1754 2292 1867 2338; x_wconf 88' lang='lat' dir='ltr'>ipsius</span> <span class='ocrx_word' id='word_1_389' title='bbox 1892 2293 2007 2327; x_wconf 85' lang='lat' dir='ltr'>sacris</span> 
     </span>
     <span class='ocr_line' id='line_1_39' title="bbox 237 2345 1412 2393; baseline -0.002 -11"><span class='ocrx_word' id='word_1_390' title='bbox 237 2348 403 2393; x_wconf 88' lang='lat' dir='ltr'>precibus</span> <span class='ocrx_word' id='word_1_391' title='bbox 428 2359 493 2382; x_wconf 89' lang='lat' dir='ltr'>nos</span> <span class='ocrx_word' id='word_1_392' title='bbox 519 2347 625 2381; x_wconf 87' lang='lat' dir='ltr'>valde</span> <span class='ocrx_word' id='word_1_393' title='bbox 652 2347 911 2381; x_wconf 87' lang='lat' dir='ltr'>commendare.</span> <span class='ocrx_word' id='word_1_394' title='bbox 963 2346 1076 2380; x_wconf 87' lang='lat' dir='ltr'>Roma</span> <span class='ocrx_word' id='word_1_395' title='bbox 1104 2347 1133 2380; x_wconf 84' lang='lat'>7.</span> <span class='ocrx_word' id='word_1_396' title='bbox 1161 2345 1283 2380; x_wconf 85' lang='lat' dir='ltr'>Martii</span> <span class='ocrx_word' id='word_1_397' title='bbox 1312 2346 1412 2380; x_wconf 82' lang='grc'><strong>1562.</strong></span> 
     </span>
    </p>
   </div>
   <div class='ocr_carea' id='block_1_7' title="bbox 413 2415 654 2418">
    <p class='ocr_par' dir='ltr' id='par_1_11' title="bbox 413 2415 654 2418">
     <span class='ocr_line' id='line_1_40' title="bbox 413 2415 654 2418; baseline 0 0"><span class='ocrx_word' id='word_1_398' title='bbox 413 2415 654 2418; x_wconf 95' lang='lat' dir='ltr'> </span> 
     </span>
    </p>
   </div>
   <div class='ocr_carea' id='block_1_8' title="bbox 239 2441 2007 3064">
    <p class='ocr_par' dir='ltr' id='par_1_12' title="bbox 358 2441 1227 2485">
     <span class='ocr_line' id='line_1_41' title="bbox 358 2441 1227 2485; baseline -0.001 -11"><span class='ocrx_word' id='word_1_399' title='bbox 358 2448 371 2461; x_wconf 72' lang='lat'>³¹</span> <span class='ocrx_word' id='word_1_400' title='bbox 399 2444 418 2474; x_wconf 80' lang='lat'><strong><em>9</em></strong></span> <span class='ocrx_word' id='word_1_401' title='bbox 443 2453 492 2475; x_wconf 68' lang='lat' dir='ltr'>vv.</span> <span class='ocrx_word' id='word_1_402' title='bbox 519 2452 591 2485; x_wconf 76' lang='lat' dir='ltr'>sqq.</span> <span class='ocrx_word' id='word_1_403' title='bbox 619 2452 641 2474; x_wconf 79' lang='lat' dir='ltr'>a</span> <span class='ocrx_word' id='word_1_404' title='bbox 667 2441 748 2475; x_wconf 72' lang='lat' dir='ltr'>libr.</span> <span class='ocrx_word' id='word_1_405' title='bbox 777 2443 814 2475; x_wconf 74' lang='grc' dir='ltr'>ἱη</span> <span class='ocrx_word' id='word_1_406' title='bbox 841 2453 954 2485; x_wconf 63' lang='lat' dir='ltr'>victry.</span> <span class='ocrx_word' id='word_1_407' title='bbox 983 2442 1108 2474; x_wconf 73' lang='lat' dir='ltr'>addita</span> <span class='ocrx_word' id='word_1_408' title='bbox 1134 2444 1227 2474; x_wconf 68' lang='lat' dir='ltr'>scant.</span> 
     </span>
    </p>

    <p class='ocr_par' dir='ltr' id='par_1_13' title="bbox 239 2537 2007 2852">
     <span class='ocr_line' id='line_1_42' title="bbox 361 2537 2006 2584; baseline -0.001 -10"><span class='ocrx_word' id='word_1_409' title='bbox 361 2543 371 2563; x_wconf 82' lang='lat'><strong>¹</strong></span> <span class='ocrx_word' id='word_1_410' title='bbox 399 2539 629 2575; x_wconf 88' lang='lat' dir='ltr'>Carthusiani</span> <span class='ocrx_word' id='word_1_411' title='bbox 655 2540 800 2584; x_wconf 87' lang='lat' dir='ltr'>quidam</span> <span class='ocrx_word' id='word_1_412' title='bbox 827 2540 988 2583; x_wconf 84' lang='lat' dir='ltr'>germani</span> <span class='ocrx_word' id='word_1_413' title='bbox 1015 2539 1200 2584; x_wconf 88' lang='lat' dir='ltr'>complura</span> <span class='ocrx_word' id='word_1_414' title='bbox 1224 2538 1442 2573; x_wconf 87' lang='lat' dir='ltr'>monasteria</span> <span class='ocrx_word' id='word_1_415' title='bbox 1467 2549 1549 2580; x_wconf 89' lang='lat' dir='ltr'>sua,</span> <span class='ocrx_word' id='word_1_416' title='bbox 1584 2538 1621 2572; x_wconf 90' lang='lat' dir='ltr'>in</span> <span class='ocrx_word' id='word_1_417' title='bbox 1647 2538 1813 2580; x_wconf 85' lang='lat' dir='ltr'>Austria,</span> <span class='ocrx_word' id='word_1_418' title='bbox 1840 2537 2006 2581; x_wconf 78' lang='lat' dir='ltr'>Saxonia,</span> 
     </span>
     <span class='ocr_line' id='line_1_43' title="bbox 239 2592 2006 2637; baseline -0.002 -9"><span class='ocrx_word' id='word_1_419' title='bbox 239 2594 410 2628; x_wconf 84' lang='lat' dir='ltr'>Borussia</span> <span class='ocrx_word' id='word_1_420' title='bbox 446 2596 513 2628; x_wconf 88' lang='lat' dir='ltr'>etc.</span> <span class='ocrx_word' id='word_1_421' title='bbox 549 2594 638 2633; x_wconf 90' lang='lat' dir='ltr'>sita,</span> <span class='ocrx_word' id='word_1_422' title='bbox 678 2605 758 2627; x_wconf 89' lang='lat' dir='ltr'>cum</span> <span class='ocrx_word' id='word_1_423' title='bbox 794 2605 916 2627; x_wconf 83' lang='lat' dir='ltr'>eorum</span> <span class='ocrx_word' id='word_1_424' title='bbox 953 2593 1075 2634; x_wconf 75' lang='lat' dir='ltr'>bonis,</span> <span class='ocrx_word' id='word_1_425' title='bbox 1114 2604 1158 2626; x_wconf 85' lang='lat' dir='ltr'>ne</span> <span class='ocrx_word' id='word_1_426' title='bbox 1184 2592 1220 2626; x_wconf 89' lang='lat' dir='ltr'>in</span> <span class='ocrx_word' id='word_1_427' title='bbox 1254 2592 1532 2637; x_wconf 87' lang='lat' dir='ltr'>protestantium</span> <span class='ocrx_word' id='word_1_428' title='bbox 1567 2593 1634 2626; x_wconf 87' lang='lat' dir='ltr'>etc.</span> <span class='ocrx_word' id='word_1_429' title='bbox 1669 2603 1796 2626; x_wconf 89' lang='lat' dir='ltr'>manus</span> <span class='ocrx_word' id='word_1_430' title='bbox 1832 2592 2006 2634; x_wconf 81' lang='lat' dir='ltr'>venirent,</span> 
     </span>
     <span class='ocr_line' id='line_1_44' title="bbox 240 2644 2007 2690; baseline -0.001 -9"><span class='ocrx_word' id='word_1_431' title='bbox 240 2647 412 2682; x_wconf 82' lang='lat' dir='ltr'>Societati</span> <span class='ocrx_word' id='word_1_432' title='bbox 447 2646 513 2681; x_wconf 92' lang='lat' dir='ltr'>sub</span> <span class='ocrx_word' id='word_1_433' title='bbox 552 2646 818 2681; x_wconf 85' lang='lat' dir='ltr'>condicionibus</span> <span class='ocrx_word' id='word_1_434' title='bbox 854 2646 1067 2690; x_wconf 87' lang='lat' dir='ltr'>quibusdam</span> <span class='ocrx_word' id='word_1_435' title='bbox 1106 2646 1232 2680; x_wconf 87' lang='lat' dir='ltr'>cedere</span> <span class='ocrx_word' id='word_1_436' title='bbox 1266 2644 1452 2690; x_wconf 90' lang='lat' dir='ltr'>cupientes</span> <span class='ocrx_word' id='word_1_437' title='bbox 1485 2645 1682 2689; x_wconf 88' lang='lat' dir='ltr'>petierant,</span> <span class='ocrx_word' id='word_1_438' title='bbox 1721 2647 1761 2679; x_wconf 89' lang='lat' dir='ltr'>ut</span> <span class='ocrx_word' id='word_1_439' title='bbox 1796 2644 1887 2680; x_wconf 85' lang='lat' dir='ltr'>Socii</span> <span class='ocrx_word' id='word_1_440' title='bbox 1925 2657 2007 2680; x_wconf 89' lang='lat' dir='ltr'>cum</span> 
     </span>
     <span class='ocr_line' id='line_1_45' title="bbox 240 2697 2006 2746; baseline -0.002 -11"><span class='ocrx_word' id='word_1_441' title='bbox 240 2700 398 2746; x_wconf 85' lang='lat' dir='ltr'>capitulo</span> <span class='ocrx_word' id='word_1_442' title='bbox 425 2711 489 2734; x_wconf 90' lang='lat' dir='ltr'>suo</span> <span class='ocrx_word' id='word_1_443' title='bbox 516 2700 677 2743; x_wconf 87' lang='lat' dir='ltr'>generali</span> <span class='ocrx_word' id='word_1_444' title='bbox 695 2712 741 2734; x_wconf 88' lang='lat' dir='ltr'>m.</span> <span class='ocrx_word' id='word_1_445' title='bbox 761 2700 892 2734; x_wconf 90' lang='lat' dir='ltr'>Martio</span> <span class='ocrx_word' id='word_1_446' title='bbox 912 2711 942 2733; x_wconf 84' lang='lat' dir='ltr'>a.</span> <span class='ocrx_word' id='word_1_447' title='bbox 965 2700 1053 2734; x_wconf 86' lang='grc'><strong>1562</strong></span> <span class='ocrx_word' id='word_1_448' title='bbox 1074 2699 1109 2733; x_wconf 92' lang='lat' dir='ltr'>in</span> <span class='ocrx_word' id='word_1_449' title='bbox 1127 2699 1260 2733; x_wconf 87' lang='lat' dir='ltr'>maiore</span> <span class='ocrx_word' id='word_1_450' title='bbox 1279 2697 1471 2733; x_wconf 85' lang='lat' dir='ltr'>Carthusia</span> <span class='ocrx_word' id='word_1_451' title='bbox 1492 2698 1582 2741; x_wconf 82' lang='lat' dir='ltr'>(„La</span> <span class='ocrx_word' id='word_1_452' title='bbox 1600 2698 1736 2741; x_wconf 84' lang='lat' dir='ltr'>grande</span> <span class='ocrx_word' id='word_1_453' title='bbox 1756 2697 2006 2740; x_wconf 83' lang='lat' dir='ltr'>Chartreuse“,</span> 
     </span>
     <span class='ocr_line' id='line_1_46' title="bbox 240 2751 2007 2799; baseline -0.002 -11"><span class='ocrx_word' id='word_1_454' title='bbox 240 2766 350 2799; x_wconf 88' lang='lat' dir='ltr'>prope</span> <span class='ocrx_word' id='word_1_455' title='bbox 378 2753 677 2798; x_wconf 86' lang='lat' dir='ltr'>Gratianopolim)</span> <span class='ocrx_word' id='word_1_456' title='bbox 706 2753 869 2787; x_wconf 88' lang='lat' dir='ltr'>habendo</span> <span class='ocrx_word' id='word_1_457' title='bbox 903 2764 944 2786; x_wconf 90' lang='lat' dir='ltr'>ea</span> <span class='ocrx_word' id='word_1_458' title='bbox 971 2753 1013 2787; x_wconf 90' lang='lat' dir='ltr'>de</span> <span class='ocrx_word' id='word_1_459' title='bbox 1039 2764 1078 2787; x_wconf 87' lang='lat' dir='ltr'>re</span> <span class='ocrx_word' id='word_1_460' title='bbox 1103 2753 1264 2796; x_wconf 84' lang='lat' dir='ltr'>agerent.</span> <span class='ocrx_word' id='word_1_461' title='bbox 1314 2751 1366 2785; x_wconf 88' lang='lat' dir='ltr'>De</span> <span class='ocrx_word' id='word_1_462' title='bbox 1393 2763 1462 2796; x_wconf 86' lang='lat' dir='ltr'>quo</span> <span class='ocrx_word' id='word_1_463' title='bbox 1487 2751 1631 2794; x_wconf 81' lang='lat' dir='ltr'>negotio</span> <span class='ocrx_word' id='word_1_464' title='bbox 1656 2751 1760 2797; x_wconf 88' lang='lat' dir='ltr'>plura</span> <span class='ocrx_word' id='word_1_465' title='bbox 1790 2751 1857 2786; x_wconf 89' lang='lat' dir='ltr'>sub</span> <span class='ocrx_word' id='word_1_466' title='bbox 1891 2751 2007 2797; x_wconf 86' lang='lat' dir='ltr'>ipsam</span> 
     </span>
     <span class='ocr_line' id='line_1_47' title="bbox 241 2806 754 2852; baseline -0.002 -11"><span class='ocrx_word' id='word_1_467' title='bbox 241 2807 334 2842; x_wconf 88' lang='lat' dir='ltr'>hanc</span> <span class='ocrx_word' id='word_1_468' title='bbox 361 2807 554 2852; x_wconf 87' lang='lat' dir='ltr'>epistulam</span> <span class='ocrx_word' id='word_1_469' title='bbox 581 2806 754 2841; x_wconf 89' lang='lat' dir='ltr'>dicentur.</span> 
     </span>
    </p>

    <p class='ocr_par' dir='ltr' id='par_1_14' title="bbox 241 2857 2007 3010">
     <span class='ocr_line' id='line_1_48' title="bbox 362 2857 2007 2903; baseline -0.002 -8"><span class='ocrx_word' id='word_1_470' title='bbox 362 2861 375 2881; x_wconf 72' lang='lat'>2</span> <span class='ocrx_word' id='word_1_471' title='bbox 400 2861 441 2894; x_wconf 90' lang='lat' dir='ltr'>In</span> <span class='ocrx_word' id='word_1_472' title='bbox 477 2859 708 2894; x_wconf 86' lang='lat' dir='ltr'>contubernio</span> <span class='ocrx_word' id='word_1_473' title='bbox 743 2859 810 2893; x_wconf 92' lang='lat' dir='ltr'>hoc</span> <span class='ocrx_word' id='word_1_474' title='bbox 846 2871 865 2893; x_wconf 89' lang='lat' dir='ltr'>a</span> <span class='ocrx_word' id='word_1_475' title='bbox 898 2859 1011 2893; x_wconf 84' lang='lat' dir='ltr'>Sociis</span> <span class='ocrx_word' id='word_1_476' title='bbox 1037 2858 1177 2902; x_wconf 85' lang='lat' dir='ltr'>Pragae</span> <span class='ocrx_word' id='word_1_477' title='bbox 1213 2857 1355 2893; x_wconf 86' lang='lat' dir='ltr'>condito</span> <span class='ocrx_word' id='word_1_478' title='bbox 1389 2858 1456 2892; x_wconf 91' lang='lat' dir='ltr'>sub</span> <span class='ocrx_word' id='word_1_479' title='bbox 1491 2858 1649 2903; x_wconf 89' lang='lat' dir='ltr'>ipsorum</span> <span class='ocrx_word' id='word_1_480' title='bbox 1684 2857 1873 2903; x_wconf 86' lang='lat' dir='ltr'>disciplina</span> <span class='ocrx_word' id='word_1_481' title='bbox 1906 2858 2007 2902; x_wconf 90' lang='lat' dir='ltr'>pueri</span> 
     </span>
     <span class='ocr_line' id='line_1_49' title="bbox 241 2910 2007 2959; baseline -0.002 -11"><span class='ocrx_word' id='word_1_482' title='bbox 241 2925 418 2959; x_wconf 85' lang='lat' dir='ltr'>pauperes</span> <span class='ocrx_word' id='word_1_483' title='bbox 447 2914 533 2957; x_wconf 89' lang='lat' dir='ltr'>(una</span> <span class='ocrx_word' id='word_1_484' title='bbox 560 2925 641 2948; x_wconf 90' lang='lat' dir='ltr'>cum</span> <span class='ocrx_word' id='word_1_485' title='bbox 659 2912 832 2947; x_wconf 84' lang='lat' dir='ltr'>divitibus</span> <span class='ocrx_word' id='word_1_486' title='bbox 857 2912 1108 2957; x_wconf 83' lang='lat' dir='ltr'>nobilibusque</span> <span class='ocrx_word' id='word_1_487' title='bbox 1133 2910 1331 2955; x_wconf 87' lang='lat' dir='ltr'>nonnullis)</span> <span class='ocrx_word' id='word_1_488' title='bbox 1359 2911 1403 2945; x_wconf 91' lang='lat' dir='ltr'>ad</span> <span class='ocrx_word' id='word_1_489' title='bbox 1427 2911 1568 2946; x_wconf 88' lang='lat' dir='ltr'>litteras</span> <span class='ocrx_word' id='word_1_490' title='bbox 1594 2913 1630 2945; x_wconf 85' lang='lat' dir='ltr'>et</span> <span class='ocrx_word' id='word_1_491' title='bbox 1647 2911 1819 2957; x_wconf 84' lang='lat' dir='ltr'>pietatem</span> <span class='ocrx_word' id='word_1_492' title='bbox 1844 2911 2007 2945; x_wconf 85' lang='lat' dir='ltr'>institue-</span> 
     </span>
     <span class='ocr_line' id='line_1_50' title="bbox 241 2966 860 3010; baseline -0.002 -9"><span class='ocrx_word' id='word_1_493' title='bbox 241 2967 373 3001; x_wconf 82' lang='lat' dir='ltr'>bantur</span> <span class='ocrx_word' id='word_1_494' title='bbox 401 2967 577 3010; x_wconf 79' lang='lat' dir='ltr'>(Schmidl</span> <span class='ocrx_word' id='word_1_495' title='bbox 601 2967 625 3002; x_wconf 92' lang='lat'>1.</span> <span class='ocrx_word' id='word_1_496' title='bbox 652 2978 682 3001; x_wconf 90' lang='lat' dir='ltr'>c.</span> <span class='ocrx_word' id='word_1_497' title='bbox 709 2966 734 3007; x_wconf 88' lang='grc' dir='ltr'>Ι,</span> <span class='ocrx_word' id='word_1_498' title='bbox 763 2966 860 3009; x_wconf 82' lang='grc'><strong>148).</strong></span> 
     </span>
    </p>

    <p class='ocr_par' dir='ltr' id='par_1_15' title="bbox 363 3016 2007 3064">
     <span class='ocr_line' id='line_1_51' title="bbox 363 3016 2007 3064; baseline -0.002 -10"><span class='ocrx_word' id='word_1_499' title='bbox 363 3020 376 3040; x_wconf 81' lang='lat'>⁸</span> <span class='ocrx_word' id='word_1_500' title='bbox 406 3020 660 3062; x_wconf 84' lang='lat' dir='ltr'>„Coadiutores</span> <span class='ocrx_word' id='word_1_501' title='bbox 693 3019 931 3064; x_wconf 84' lang='lat' dir='ltr'>temporales“</span> <span class='ocrx_word' id='word_1_502' title='bbox 970 3019 1015 3053; x_wconf 88' lang='lat' dir='ltr'>ad</span> <span class='ocrx_word' id='word_1_503' title='bbox 1051 3018 1267 3054; x_wconf 85' lang='lat' dir='ltr'>Societatem</span> <span class='ocrx_word' id='word_1_504' title='bbox 1300 3017 1337 3051; x_wconf 92' lang='lat' dir='ltr'>in</span> <span class='ocrx_word' id='word_1_505' title='bbox 1371 3018 1479 3052; x_wconf 87' lang='lat' dir='ltr'>rebus</span> <span class='ocrx_word' id='word_1_506' title='bbox 1514 3016 1720 3052; x_wconf 88' lang='lat' dir='ltr'>domesticis</span> <span class='ocrx_word' id='word_1_507' title='bbox 1754 3016 2007 3059; x_wconf 84' lang='lat' dir='ltr'>adiuvandam,</span> 
     </span>
    </p>
   </div>
   <div class='ocr_carea' id='block_1_9' title="bbox 243 3069 2008 3169">
    <p class='ocr_par' dir='ltr' id='par_1_16' title="bbox 243 3069 2008 3169">
     <span class='ocr_line' id='line_1_52' title="bbox 248 3069 2008 3117; baseline -0.001 -10"><span class='ocrx_word' id='word_1_508' title='bbox 248 3072 492 3116; x_wconf 77' lang='lat' dir='ltr'>„scholastici“</span> <span class='ocrx_word' id='word_1_509' title='bbox 523 3073 567 3108; x_wconf 88' lang='lat' dir='ltr'>ad</span> <span class='ocrx_word' id='word_1_510' title='bbox 592 3084 697 3108; x_wconf 85' lang='lat' dir='ltr'>sacra</span> <span class='ocrx_word' id='word_1_511' title='bbox 721 3072 922 3107; x_wconf 83' lang='lat' dir='ltr'>ministeria</span> <span class='ocrx_word' id='word_1_512' title='bbox 947 3084 1011 3107; x_wconf 92' lang='lat' dir='ltr'>suo</span> <span class='ocrx_word' id='word_1_513' title='bbox 1037 3074 1197 3117; x_wconf 89' lang='lat' dir='ltr'>tempore</span> <span class='ocrx_word' id='word_1_514' title='bbox 1223 3071 1424 3106; x_wconf 84' lang='lat' dir='ltr'>exercenda</span> <span class='ocrx_word' id='word_1_515' title='bbox 1449 3070 1689 3105; x_wconf 86' lang='lat' dir='ltr'>admittuntur</span> <span class='ocrx_word' id='word_1_516' title='bbox 1717 3069 2008 3114; x_wconf 68' lang='lat' dir='ltr'>(Constitutiones</span> 
     </span>
     <span class='ocr_line' id='line_1_53' title="bbox 243 3125 876 3169; baseline -0.002 -9"><span class='ocrx_word' id='word_1_517' title='bbox 243 3125 278 3160; x_wconf 80' lang='lat' dir='ltr'>S.</span> <span class='ocrx_word' id='word_1_518' title='bbox 305 3126 338 3160; x_wconf 81' lang='lat' dir='ltr'>J.</span> <span class='ocrx_word' id='word_1_519' title='bbox 389 3126 445 3160; x_wconf 79' lang='lat' dir='ltr'>Ex</span> <span class='ocrx_word' id='word_1_520' title='bbox 471 3138 498 3161; x_wconf 91' lang='lat' dir='ltr'>c.</span> <span class='ocrx_word' id='word_1_521' title='bbox 529 3127 558 3169; x_wconf 91' lang='lat'>1,</span> <span class='ocrx_word' id='word_1_522' title='bbox 584 3138 619 3161; x_wconf 90' lang='lat' dir='ltr'>n.</span> <span class='ocrx_word' id='word_1_523' title='bbox 647 3127 678 3161; x_wconf 81' lang='lat'>9.</span> <span class='ocrx_word' id='word_1_524' title='bbox 707 3126 751 3161; x_wconf 88' lang='grc'>10</span> <span class='ocrx_word' id='word_1_525' title='bbox 777 3125 876 3169; x_wconf 66' lang='lat' dir='ltr'>etc).</span> 
     </span>
    </p>
   </div>
   <div class='ocr_carea' id='block_1_10' title="bbox 2017 0 2093 3444">
    <p class='ocr_par' dir='ltr' id='par_1_17' title="bbox 2017 0 2093 3444">
     <span class='ocr_line' id='line_1_54' title="bbox 2017 0 2093 3444; baseline 0 0"><span class='ocrx_word' id='word_1_526' title='bbox 2017 0 2093 3444; x_wconf 95' lang='lat' dir='ltr'> </span> 
     </span>
    </p>
   </div>
  </div>
 </body>
</html>
