2093 3444
168 167 326 201 Monuni.
355 166 532 211 (ingolst.)
562 168 642 202 291.
673 168 786 210 (luter
816 168 868 202 14.
896 170 931 202 et
962 168 1015 202 19.
1043 167 1139 212 Sept.
1169 166 1286 210 1561.)
1316 166 1396 201 292.
1425 166 1702 209 (1559-15620
1760 169 1841 210 681

86 283 139 318 14.
166 276 404 328 Septembris.
442 295 533 327 quae
569 284 744 318 dominica
780 285 874 323 erat,
911 284 947 317 in
982 283 1139 317 maxima
1175 282 1261 316 aede
1296 283 1497 325 augustana
1532 281 1654 316 habita
1681 282 1846 326 Augusta

84 336 292 371 discessisse
327 347 438 380 eoque
467 338 519 370 19.
548 335 767 381 Septembris
803 337 938 370 redisse
965 338 1062 381 puto.
1113 336 1165 370 De
1200 335 1277 380 ipsa
1304 335 1370 369 hac
1396 335 1603 369 visitatione
1636 338 1672 369 et
1698 335 1740 369 de
1767 347 1845 369 con-

83 389 174 424 siliis
211 388 305 423 inter
343 389 525 424 Canisium
564 390 805 434 praepositum
843 389 1100 435 provincialem
1139 388 1285 433 eiusque
1330 388 1589 431 „consultores“
1634 388 1846 432 Ingolstadii

83 441 223 477 collatis
249 442 331 476 vide
357 454 465 487 supra
492 454 524 487 p.
552 443 750 477 224—225.

901 543 1021 584 291.

629 638 730 673 Inter
756 637 805 673 14.
833 641 869 673 et
895 638 942 674 19.
971 637 1196 685 Septembris
1222 637 1308 673 1561.

201 730 257 765 Ex
291 731 419 765 harum
453 731 655 766 litterarum
690 733 897 778 apographo
932 745 1024 767 saec.
1052 733 1146 767 XIX.
1183 731 1398 777 (Monachii,
1434 734 1473 765 ut
1505 731 1662 775 videtur)
1700 731 1845 776 scripto,

83 784 167 820 Ood.
199 784 338 827 „Gernr
364 785 476 819 Fund.
504 785 586 819 ΠΨ
617 786 641 820 f.
669 786 746 820 62³.

205 867 372 901 Canisius
397 868 435 901 in
462 868 603 912 colleyefo
630 869 900 911 inyolstadiensz'
926 880 1050 902 norum
1076 870 1302 912 refectorium
1333 869 1538 912 inauynrat.

205 963 438 1018 „Georye'us
472 962 541 1006 C.“
578 963 777 1019 (Crispus
810 966 894 1006 sire
926 965 1089 1018 Kraus,
1123 970 1167 1006 ut
1202 966 1391 1016 videtum·
1423 964 1476 1017 ef.
1510 963 1630 1016 infra
1663 978 1702 1018 p.
1740 962 1847 1015 6283)

84 1029 127 1071 S.
151 1028 194 1071 J.
228 1030 274 1070 in
305 1029 454 1070 litteris
486 1030 867 1083 quadrimestribus
900 1031 1057 1085 collegii·
1080 1031 1121 1072 S.
1145 1031 1189 1072 J.
1224 1030 1563 1084 inqolstadiensis
1589 1028 1847 1082 Iaqolstadio

83 1095 123 1136 3.
147 1094 351 1136 Ianuarii
372 1095 488 1135 1562
522 1095 634 1135 datis
666 1095 832 1136 scribit:
863 1095 928 1136 De
961 1098 1181 1137 structura
1207 1094 1376 1148 collegij
1408 1094 1489 1136 hoc
1522 1093 1660 1136 obiter
1692 1093 1847 1135 addam

82 1157 249 1201 utiliter
281 1158 512 1200 admodum
553 1158 676 1201 nobis
708 1162 909 1214 paratam
950 1174 1045 1202 esse
1078 1174 1234 1202 nouam
1273 1159 1480 1209 culinam,
1524 1161 1568 1201 et
1600 1158 1847 1201 adiunctum

81 1224 144 1266 illi
175 1226 352 1278 praeter
383 1223 470 1266 alia
501 1223 817 1279 hypocaustum
850 1228 894 1268 et
926 1225 1203 1268 refectorium
1227 1224 1569 1267 commodissimo
1603 1238 1708 1265 sane
1739 1224 1846 1266 loco.

82 1290 216 1332 Pater
255 1288 539 1331 Prouincialis
581 1289 699 1333 dedit
741 1304 916 1344 operam
958 1294 1006 1333 ut
1047 1290 1337 1344 singularibus
1378 1289 1577 1344 precibus
1617 1289 1673 1331 ad
1709 1289 1848 1331 Deum

81 1353 211 1405 fusis,
255 1354 489 1408 additaque
520 1354 820 1397 benedictione
852 1355 1130 1398 refectorium
1169 1357 1508 1398 consecraretur.
1573 1355 1736 1397 Doctor
1768 1353 1849 1395 Cu-

82 1419 266 1462 uilonius
308 1419 547 1462 orationem
588 1422 692 1462 tunc
733 1420 885 1463 habuit
929 1421 1173 1474 elegantem
1218 1420 1425 1463 uirtutem
1469 1419 1677 1462 eiusmodi
1718 1419 1849 1461 bene-

83 1485 318 1527 dictionum
363 1485 617 1535 ostendens‚
668 1488 712 1528 et
756 1486 810 1527 ad
852 1500 1010 1528 nouum
1055 1485 1252 1540 spiritum
1297 1485 1340 1527 in
1384 1484 1508 1527 nouis
1553 1484 1730 1527 aedibus
1776 1484 1849 1527 de-

82 1550 333 1593 clarandum
365 1565 444 1593 nos
477 1550 726 1594 exhortans.

200 1643 365 1678 Dubitari
391 1644 455 1678 vix
480 1646 609 1689 potest,
637 1645 722 1688 quin
749 1643 915 1678 Canisius
941 1644 1033 1678 inter
1061 1645 1113 1678 14.
1142 1646 1177 1678 et
1205 1644 1258 1678 19.
1287 1642 1507 1688 Septembris
1537 1643 1646 1684 1561,
1673 1654 1754 1676 cum
1780 1641 1849 1676 col-

81 1696 216 1740 legium
243 1697 524 1741 ingolstadiense
550 1697 717 1732 visitaret
747 1697 845 1741 (vide
871 1709 979 1742 supra
1007 1709 1039 1742 p.
1065 1698 1162 1740 680),
1188 1708 1321 1731 novum
1347 1696 1413 1731 hoc
1438 1696 1666 1731 refectorium
1696 1696 1754 1738 (de
1781 1707 1849 1739 quo

82 1750 128 1784 cf.
147 1762 257 1796 supra
282 1763 315 1796 p.
335 1750 419 1795 244)
449 1751 735 1791 consecraverit;
763 1752 818 1785 cui
838 1751 1079 1785 calefaciendo
1103 1750 1403 1795 „hypocaustuw
1435 1750 1523 1784 illud
1542 1749 1601 1784 vel
1620 1749 1850 1794 vaporarium

82 1815 163 1838 cum
188 1805 334 1839 fornace
360 1805 438 1838 sive
464 1804 603 1839 camino
629 1804 886 1844 adliibebatur;
915 1804 996 1838 vide
1026 1806 1112 1838 Can.
1140 1803 1230 1849 Epp.
1258 1804 1283 1841 Ι,
1311 1803 1390 1838 578.

906 1939 1036 1981 292.

852 2034 1080 2071 1559—1562.

202 2131 258 2165 Ex
283 2130 410 2164 harum
436 2130 638 2164 litterarum
666 2130 873 2175 apographo
900 2130 1022 2164 eodem
1050 2135 1209 2174 tempore
1235 2128 1380 2173 scripto.
1421 2127 1504 2162 Cod.
1524 2139 1660 2162 monac.
1684 2127 1849 2172 „Scriptt

83 2183 162 2218 coll.
189 2183 358 2228 Ingolst.“
391 2184 488 2228 (vide
518 2185 603 2218 Csm.
630 2184 719 2229 Epp.
747 2184 771 2225 l,
799 2184 859 2226 ω’)
890 2183 912 2217 f.
941 2183 1091 2217 27—28.

203 2238 407 2272 Earundem
428 2237 633 2272 litterarum
652 2237 899 2282 apographum
925 2236 1068 2270 saeculo
1086 2235 1181 2269 XIX.
1204 2234 1408 2278 (Monachii,
1434 2237 1474 2268 ut
1492 2233 1649 2278 videtur)
1677 2234 1851 2279 scriptum

84 2292 206 2325 exstat
231 2291 267 2325 in
293 2291 368 2326 cod.
401 2290 540 2333 „Germ
569 2291 652 2336 Sup.
680 2290 791 2325 Fund.
820 2290 901 2324 1V.“
931 2290 956 2324 f.
983 2290 1056 2324 61¹³.

203 2374 242 2406 P.
269 2373 444 2415 Lanoa‘ns,
472 2377 585 2406 rector
610 2373 905 2415 inglolstade'ensz's,
936 2372 1077 2405 Canis-ii·
1102 2370 1253 2403 dextella
1280 2373 1337 2403 est.

203 2469 257 2510 In.
288 2469 446 2523 colleyii
477 2469 520 2510 S.
553 2468 596 2511 J.
630 2469 972 2522 inyolstadiensis
1004 2468 1152 2508 litteris
1185 2466 1566 2521 quadrimam-ibus
1593 2465 1852 2519 Inyolstadio

84 2535 125 2576 3.
159 2532 363 2575 Ianuarii
395 2535 510 2575 1562
543 2547 569 2574 a
599 2534 804 2588 „Georyio
829 2531 900 2575 Cf‘
937 2532 1121 2587 (Crispo,
1154 2536 1198 2572 ut
1229 2531 1423 2583 videtm·;
1453 2546 1488 2572 v.
1522 2530 1643 2583 infra
1670 2545 1714 2585 p.
1745 2531 1852 2583 683)

87 2600 199 2641 datis
233 2599 284 2641 de
314 2599 364 2640 P.
394 2598 568 2640 Nicolao
594 2599 772 2650 Lanoeto,
807 2599 991 2640 eiusdem
1024 2598 1180 2651 colleyii
1214 2601 1380 2649 rectore,
1414 2597 1487 2650 qui
1517 2597 1643 2637 simul
1676 2601 1711 2636 et
1742 2609 1853 2637 umis

87 2679 136 2706 ex
159 2664 326 2706 Caizisii
340 2665 575 2719 praepositi
602 2665 878 2718 provincialis
905 2660 1256 2715 „consultor-iba?
1292 2666 1326 2702 et
1350 2662 1533 2702 eiusdem
1558 2659 1849 2713 ‚,admoni†0r“

87 2735 177 2771 erat
209 2733 266 2779 (v.
302 2729 404 2772 Caii.
438 2729 548 2784 Epp.
581 2729 650 2782 II,
696 2730 800 2780 753,
837 2733 871 2769 et
903 2742 1035 2782 supra
1061 2741 1106 2782 p.
1142 2726 1238 2780 99),
1280 2727 1380 2768 haec
1411 2726 1678 2768 scribantur:
1719 2725 1770 2768 R.
1803 2725 1850 2769 P.

85 2796 236 2837 noster
274 2794 437 2836 Rector
478 2797 546 2836 est
587 2807 665 2835 ceu
707 2793 908 2835 dextrum
946 2791 1189 2834 Reuerendi
1220 2790 1502 2832 Prouincialis
1542 2790 1765 2832 brachium
1805 2792 1854 2833 ut

87 2859 207 2901 cuius
239 2873 371 2913 opera
403 2862 447 2902 et
479 2858 669 2911 eonsilijs
691 2857 735 2899 in
756 2857 958 2899 maximis
989 2857 1125 2900 totius
1146 2855 1395 2911 prouinciae
1424 2855 1611 2909 negotijs
1633 2855 1696 2898 uti
1728 2856 1852 2905 solet,

87 2938 214 2978 quem
246 2924 426 2966 subinde
458 2923 513 2966 ad
554 2923 639 2965 alia
671 2922 918 2972 inuisenda‚
960 2922 1235 2975 iuuandaque
1276 2919 1459 2974 collegia
1501 2920 1720 2962 destinare
1753 2935 1855 2963 con-

87 2989 242 3033 sueuit.
305 2989 460 3042 Itaque
493 3003 577 3030 non
609 3002 708 3030 raro
741 2988 893 3030 abesse
925 2987 1106 3041 cogitur.

206 3087 305 3122 Haec
331 3098 416 3121 vere
442 3087 537 3121 dicta
565 3097 655 3125 esse,
681 3085 805 3119 multis
831 3085 938 3119 rebus
965 3096 984 3119 a
1015 3084 1246 3119 1559—1562
1273 3083 1380 3118 factis
1407 3083 1678 3128 comprobatum
1705 3083 1751 3117 cf.
1771 3095 1800 3118 e.
1820 3095 1854 3127 g.

90 3142 177 3176 Can.
205 3140 294 3186 Epp.
321 3140 364 3182 Il,
391 3140 470 3174 374.
498 3139 578 3174 392.
605 3139 685 3182 533.
709 3138 789 3173 540.
808 3138 1006 3173 660—669.
1026 3137 1224 3180 879-883‚
1251 3140 1287 3172 et
1313 3148 1422 3182 supra
1447 3149 1480 3182 p.
1503 3137 1580 3171 165.
1602 3136 1679 3171 185.
1698 3136 1768 3171 243
1787 3139 1854 3172 etc.
