2093 3444
223 192 308 232 442
684 188 762 222 689.
800 187 966 221 Canisius
993 187 1123 221 Sancto
1151 187 1342 221 Francisco
1369 187 1531 230 Borgiae.
2013 0 2049 229 ἲ

224 317 333 351 supra
359 317 392 350 p.
420 304 501 339 353.
552 304 719 338 Ceterum
750 304 947 337 Saoehfuns
972 304 994 337 l.
1022 315 1072 337 c.:
1114 303 1244 344 „Grato
1271 303 1421 342 animo⁴⁶.
1448 303 1583 347 inquit,
1614 302 1794 345 „Societas
1819 315 1889 338 non
1915 305 1991 338 tan·
2039 312 2044 330 Φ

225 370 330 403 quam
358 357 538 392 fundatori
565 358 668 391 modo
688 357 849 402 Collegij,
877 357 940 391 sed
967 357 1075 390 etiam
1103 357 1216 390 veluti
1236 356 1380 391 Ordinis
1405 357 1516 391 totius
1535 357 1675 402 parenti
1702 357 1745 391 ob
1771 357 1991 401 singularem
2037 374 2047 401 ρ

226 424 311 455 erga
338 424 376 446 se
403 411 573 457 pietatem
600 411 747 444 meritos
774 410 1027 453 suffragiorum
1054 409 1206 444 honores
1233 410 1431 444 liberaliter
1456 410 1596 444 solvit.“

1045 532 1174 574 (389.

964 626 1260 674 CANISIUS

555 725 836 768 SANCTO
870 724 1278 768 FR-ANCISCO
1312 724 1668 778 BGRGIAE,

877 805 1012 840 vicario
1039 806 1230 841 Societatis
1257 806 1350 840 Iesu.

870 890 1042 927 Tridento
1070 891 1115 927 17.
1142 891 1226 927 Maii
1254 891 1348 928 1562.

349 975 404 1009 Ex
430 973 636 1019 apographo
663 973 797 1007 recenti
826 973 908 1017 (A).
945 973 1038 1017 quod
1073 985 1118 1007 ex
1145 973 1341 1019 archetypo
1368 993 1412 997 ——-
1440 973 1605 1008 Canisius
1637 986 1703 1008 sua
1734 986 1843 1009 manu
1869 985 1997 1008 nomen

233 1028 424 1073 („Seruus‘
456 1029 540 1070 etc.)
570 1029 606 1061 et
632 1026 912 1071 Postscriptum,
940 1027 1033 1071 quod
1060 1038 1249 1068 vocamus,
1275 1027 1396 1072 posuit
1421 1047 1465 1050 —
1492 1027 1526 1060 in
1554 1027 1628 1062 cod.
1661 1028 1718 1069 „LX
1747 1027 1783 1063 C.
1811 1028 1846 1062 Γ*
1876 1027 1900 1062 f.
1928 1027 1996 1063 309

232 1093 265 1116 et
293 1094 346 1126 sq.
374 1093 443 1115 non
470 1080 561 1124 sign.
592 1080 641 1124 (n.
671 1079 753 1123 108)
781 1080 896 1125 posito
923 1080 1144 1125 exscriptum
1173 1083 1239 1115 est.

351 1135 481 1169 Exstat
507 1134 615 1168 etiam
643 1133 796 1167 alterum
822 1133 1068 1178 apographum
1099 1134 1181 1177 (B),
1214 1133 1280 1167 sub
1313 1145 1343 1168 a.
1374 1134 1464 1168 1860
1491 1137 1639 1168 curante
1666 1135 1779 1168 Boero
1805 1146 1850 1168 ex
1876 1133 1997 1168 arche-

232 1194 317 1234 typo
344 1187 611 1232 transcriptum.

351 1241 537 1287 Epistulae
563 1243 701 1285 partem
728 1243 924 1285 posuerunt
950 1242 1063 1274 Boero
1092 1240 1257 1283 (italice),
1285 1240 1370 1275 Can.
1398 1253 1430 1285 p.
1459 1241 1538 1281 246,
1569 1244 1605 1275 et
1630 1242 1730 1275 mess
1759 1240 1994 1285 (germanice)

233 1296 253 1330 l.
281 1308 310 1330 c.
337 1308 370 1341 p.
398 1295 498 1329 3032.
550 1293 716 1339 Epistula
743 1294 796 1327 usi
823 1297 907 1327 sunt
936 1294 1141 1337 Succltc'nux,
1169 1294 1253 1328 Can.
1282 1306 1314 1339 p.
1345 1294 1420 1335 193,
1448 1296 1484 1328 et
1510 1295 1624 1328 Kro'ss
1650 1294 1672 1329 l.
1700 1306 1728 1329 0.
1756 1307 1789 1339 p.
1819 1294 1896 1329 148.

355 1373 563 1406 Cardinalis·
593 1373 732 1414 Hosius,
762 1372 819 1404 abi
850 1371 1014 1405 Canis-ius·
1046 1372 1254 1404 Tridentmn
1280 1373 1440 1415 advenit,
1467 1384 1509 1405 ex
1532 1374 1637 1415 yram?
1663 1373 1782 1406 morbo
1809 1373 1997 1406 convaluit.

233 1428 339 1460 Hos&
375 1428 496 1459 virtus.
549 1426 655 1458 Multi
690 1427 842 1468 mulsa-opi
867 1426 1035 1458 Societati
1067 1426 1196 1466 favent.
1252 1425 1418 1458 Canisius
1446 1430 1527 1468 post
1563 1437 1708 1459 mensem
1743 1427 2000 1469 oenipontanae

232 1481 368 1514 scholae
395 1481 509 1513 initiis
535 1480 652 1512 adesse
678 1484 705 1510 et
727 1483 847 1521 postea
876 1479 1017 1522 collegia
1047 1479 1195 1511 inrisere
1221 1480 1326 1521 cupit.
1370 1479 1607 1522 Oene'pontani
1633 1489 1719 1512 novo
1746 1484 1877 1513 rectore
1902 1480 1998 1513 aliis-

234 1546 298 1578 que
333 1534 446 1567 Sociis
483 1533 649 1576 indi-(sent.
703 1534 871 1565 canisius
911 1533 1043 1564 renium
1076 1534 1184 1575 petil,
1223 1533 1315 1575 quod
1351 1533 1470 1565 Socios
1508 1533 1642 1575 aliquot
1669 1533 1816 1566 Romam
1852 1535 1997 1567 miserit.

235 1588 404 1630 Episcopi
428 1592 457 1619 et
483 1586 632 1629 tlwoloffl·
660 1587 695 1618 in
725 1586 882 1618 coneilio.
938 1587 1182 1618 Coum-(mersio
1209 1586 1252 1618 «Ie
1278 1586 1477 1619 residentia.
1531 1586 1695 1619 Pericula
1722 1597 1764 1619 (w
1793 1587 1997 1620 Calvinistcts

235 1646 263 1674 et
295 1642 420 1674 Teo-eis
448 1641 678 1672 imminentia.
732 1640 827 1671 Deus
853 1640 1022 1671 orandus.
1079 1639 1111 1671 I'.
1141 1639 1308 1671 Victoria.
1364 1639 1554 1681 (¹0lleyilcm
1582 1639 1841 1673 vindobonense.

487 1729 579 1770 Pax
612 1728 768 1782 christj
803 1727 1024 1769 uobiscum
1058 1728 1287 1769 admodum
1323 1729 1575 1770 Reuerende
1608 1729 1751 1772 Pater.

355 1814 408 1853 25
441 1810 602 1865 Aprilis
635 1811 761 1853 datas
794 1810 963 1865 accepi,
1007 1824 1104 1852 eum
1137 1811 1222 1852 iam
1255 1811 1297 1852 in
1329 1811 1551 1865 procinctu
1586 1826 1725 1854 essem
1757 1811 2000 1866 Oeniponti.

235 1877 487 1919 Tridentum
520 1891 623 1918 uero
647 1876 794 1918 saluus
816 1876 993 1930 perueni
1017 1879 1118 1919 ante
1141 1876 1344 1926 triduum,
1378 1877 1470 1918 Deo
1497 1876 1553 1918 sit
1575 1877 1733 1930 gratia,
1767 1876 2002 1930 statimque

234 1943 359 1985 iussit
385 1941 715 1985 Jllustrissimus
737 1940 978 1983 Cardinalis
1000 1941 1287 1983 VVarmiensis
1320 1940 1517 1996 proprias
1550 1941 1680 1984 aedes
1710 1942 1754 1983 in
1786 1942 1866 1984 hoc
1899 1941 2003 1983 mihi

235 2012 413 2062 paratas
436 2007 665 2061 assignarj.
708 2007 895 2049 Miratur
917 2006 1008 2060 ipse
1031 2010 1074 2049 et
1097 2006 1333 2061 praedicat,
1368 2020 1414 2048 se
1446 2021 1624 2061 prorsus
1645 2010 1744 2061 post
1766 2007 2001 2050 aduentum

235 2087 377 2115 meum
410 2072 660 2122 reualuisse,
695 2086 789 2113 cum
824 2075 955 2114 antea
987 2086 1070 2113 non
1104 2072 1229 2113 modo
1255 2085 1386 2125 aeger
1409 2072 1685 2114 decumberet
1701 2074 1729 2122 1,
1763 2072 1838 2114 sed
1871 2071 2002 2115 etiam

235 2153 282 2180 se
327 2138 381 2180 ad
425 2140 607 2180 mortem
651 2137 762 2179 serio
804 2140 1101 2191 praepararet.
1169 2137 1359 2179 Exhibet
1402 2151 1448 2179 se
1492 2137 1564 2179 ille
1608 2137 1711 2179 mihi
1755 2151 1832 2192 per
1873 2151 2002 2190 quam

235 2203 506 2253 familiarem,
540 2206 584 2245 et
617 2202 785 2244 confert
819 2203 870 2244 de
902 2202 1050 2244 multis
1083 2202 1275 2252 arcanis,
1313 2201 1378 2243 vir
1410 2216 1514 2244 sane
1547 2203 1619 2255 qui
1652 2202 1757 2245 uelit
1790 2205 1834 2245 et
1864 2202 2003 2257 possit

237 2269 289 2310 de
329 2269 411 2310 hac
452 2268 617 2321 synodo
659 2268 766 2309 bene
808 2268 986 2320 mereri,
1034 2270 1081 2310 ut
1121 2282 1199 2322 pro
1243 2267 1317 2309 illo
1359 2267 1601 2320 singulares
1642 2267 1811 2310 Christo
1851 2280 2003 2321 preces

237 2334 482 2376 debeamus.
546 2333 770 2375 Habemus
801 2332 870 2374 hic
903 2333 1063 2374 multos
1097 2332 1304 2375 Societati
1345 2335 1521 2374 nostrae
1561 2332 1762 2375 fauentes
1794 2332 2001 2386 presules,

236 2398 465 2453 presertim
505 2397 736 2452 Hispanos.
800 2398 1075 2452 Expectatur
1116 2398 1358 2440 aduentusa
1396 2397 1442 2440 P.
1478 2397 1718 2452 Praepositj
1763 2397 2001 2447 Generalis,

237 2477 287 2506 ac
319 2463 445 2505 citius
486 2463 617 2504 etiam
650 2465 877 2505 uenturum
911 2465 1068 2516 putant
1100 2463 1151 2505 D.
1186 2462 1503 2512 Salmeronem,
1546 2465 1595 2504 ut
1636 2476 1762 2515 quem
1794 2461 1916 2504 aiunt
1948 2475 2003 2504 ex

237 2528 354 2570 Vrbe
386 2528 512 2569 modo
545 2527 808 2570 discessisse.
874 2528 1049 2570 Vtinam
1082 2527 1212 2570 liceat
1243 2527 1346 2569 mihi
1377 2530 1607 2580 utrumque
1644 2527 1725 2569 hoc
1756 2527 1849 2569 1000
1882 2526 2004 2569 breui

237 2593 498 2647 conspicere.
574 2592 689 2634 Nam
735 2607 861 2647 spero
909 2592 1122 2642 futurum,
1173 2592 1285 2646 quod
1332 2592 1462 2635 etiam
1511 2591 1630 2646 cupit
1671 2591 2003 2634 Jllustrissimus

237 2658 477 2700 Cardinalis
509 2657 815 2710 Augustanus,
858 2660 906 2700 ut
938 2657 1005 2700 hic
1038 2672 1123 2699 non
1156 2657 1352 2700 detinear
1383 2657 1499 2698 ultra
1533 2671 1745 2707 mensem,
1784 2656 1846 2699 ita
1877 2658 2003 2698 fieret

238 2726 286 2766 ut
308 2723 637 2777 Oenipontanae
668 2723 842 2764 scholae
874 2723 1094 2777 principijs
1126 2723 1279 2765 adesse
1303 2736 1488 2776 possem,
1522 2721 1723 2764 nimirum
1755 2722 1810 2764 ad
1841 2721 2002 2764 festum

239 2789 289 2830 D.
323 2788 504 2830 Joannis
520 2789 549 2830 2.
593 2788 649 2829 Jd
681 2788 793 2840 quod
825 2787 1018 2831 iudicant
1049 2787 1186 2830 nostri
1218 2787 1355 2829 modis
1388 2787 1583 2829 omnibus
1616 2787 1858 2830 conuenire.
1906 2786 2003 2829 Etsi

239 2853 351 2894 enim
383 2867 467 2894 non
501 2852 702 2894 deessent
734 2853 950 2903 Tridenti,
994 2867 1104 2906 quae
1136 2852 1302 2895 utiliter
1341 2852 1396 2894 ad
1428 2851 1586 2906 Christj
1625 2852 1808 2906 gloriam
1839 2851 2003 2894 tentari

357 2991 370 3005 ‘¹
397 2985 578 3019 aduensus
604 2986 648 3018 A.

362 3108 371 3128 ¹
397 3106 498 3149 Vide,
526 3118 617 3151 quae
643 3107 709 3140 sub
733 3105 850 3150 ipsam
876 3105 968 3140 hanc
995 3105 1184 3150 epistulam
1212 3105 1386 3139 dicentur.

359 3159 372 3180 '2
399 3160 452 3194 Ad
478 3160 611 3194 festum
637 3159 671 3194 S.
698 3158 842 3193 Ioannis
868 3159 1054 3204 Baptistae
1080 3159 1158 3193 sive
1184 3158 1229 3192 ad
1255 3158 1310 3192 124.
1337 3157 1449 3198 Iunii;
1476 3157 1558 3191 vide
1583 3168 1692 3202 supra
1718 3169 1750 3202 p.
1777 3157 1856 3191 421.
1883 3156 1965 3191 435.
