2093 3444
289 210 368 245 740.
404 211 557 244 loannes
584 210 626 243 de
652 209 809 244 Polanco
837 209 990 244 Canisio.
1029 209 1200 243 Tridento
1227 209 1282 243 18.
1309 208 1519 242 Decembris
1547 208 1648 242 1562.
1773 211 1855 252 567

85 334 237 371 stemus
271 329 431 383 virique
466 363 474 370 .
507 328 662 370 Libros
696 334 841 382 roqatu
869 328 1129 383 preceptoris
1152 327 1336 381 Fuyqeri
1370 327 1432 368 bis
1464 342 1591 382 quam
1626 328 1856 381 cliliyentis-

85 395 186 436 sime
218 395 455 448 recoqnouit
490 427 497 434 .
532 395 592 434 ita
625 394 841 435 nonnullis
875 393 1088 434 Germano
1133 398 1167 434 et
1199 393 1420 434 Bolienzico
1461 406 1652 434 sermone
1690 392 1856 446 ablatiS,

85 464 316 515 repuryata
348 459 492 500 uideri
519 463 652 513 potest
683 460 814 499 castri
846 456 1118 500 Bibliotecaf‘

204 550 296 593 Quid
337 550 504 584 Canisius
546 549 794 595 rescripserit,
836 550 968 583 nescio.
1019 549 1290 584 Maximilianus
1329 549 1473 593 Fugger
1518 548 1639 592 (natus
1683 561 1712 583 a.
1748 549 1854 593 1540)

84 605 210 649 postea
250 603 536 646 „commendam³‘
577 603 861 647 sterzingensem
891 602 1091 646 (Sterzing,
1128 603 1164 636 in
1191 602 1317 646 Tiroli)
1355 603 1488 637 ordinis
1522 602 1696 637 teutonici
1730 605 1858 637 nactus

87 657 185 701 (Joh.
218 658 320 702 Casp.
347 659 502 691 Venator
530 657 570 691 O.
599 657 723 697 Teut.,
760 656 1006 690 Historischer
1033 656 1180 690 Bericht
1205 669 1275 690 von
1309 657 1388 690 dem
1414 656 1857 690 Marianisch-Teutschen

83 710 340 746 Ritter-Orden
367 710 574 755 [Niirnberg
603 710 707 754 1680]
733 722 768 755 p.
787 710 886 753 410),
914 721 944 743 a.
967 710 1055 743 1571
1086 711 1119 743 in
1146 721 1267 754 pugna
1293 709 1356 744 illa
1381 709 1503 744 navali
1530 722 1639 755 prope
1657 709 1857 755 Lepantum

84 764 259 799 adversus
285 764 423 798 Turcas
458 764 557 798 facta
592 764 778 798 surdaster
812 763 951 804 factus,
987 774 1018 796 a.
1049 763 1139 797 1588
1173 762 1370 797 Passaviae
1402 764 1479 797 vita
1515 763 1668 797 cessisse
1703 764 1859 798 traditur

87 817 337 861 (Pinacotheca
363 819 612 862 Fuyyerorum
639 816 781 861 [Ulmae
810 816 914 860 1754]
950 829 982 850 n.
1011 816 1161 860 XXVI).
1214 816 1326 859 Quem
1362 829 1393 851 a.
1423 817 1514 851 1579
1549 817 1702 858 fratres,
1738 819 1779 851 ut
1813 818 1857 851 ad

84 870 278 906 Societatis
304 871 496 915 collegium
516 870 702 914 Augustae
730 870 951 904 condendum
972 881 1115 914 operam
1142 871 1402 915 pecuniamque
1430 871 1644 912 conferrent,
1671 870 1858 905 induxisse

84 924 120 958 in
147 925 359 959 *Relatione
394 925 437 959 de
473 924 633 958 eiusdem
668 923 810 966 collegii
847 922 985 966 origine
1020 923 1086 957 sub
1121 934 1152 957 a.
1183 923 1273 958 1630
1308 924 1439 958 ibidem
1474 924 1610 969 scripta
1636 923 1858 968 Romamque

84 978 198 1013 missa.
224 979 410 1013 asseritur.

906 1059 1036 1101 740.

498 1154 563 1195 P.
595 1153 917 1197 IOANNES
950 1153 1048 1195 DE
1083 1153 1441 1205 POLANCQ

691 1235 911 1270 secretarius
939 1235 1130 1270 Societatis
1156 1235 1248 1277 Iesu,

429 1317 601 1360 nomine
633 1318 781 1360 Iacobi
812 1317 965 1369 Lainii,
1000 1318 1238 1373 praepositi
1270 1318 1502 1372 generalis,

833 1412 1107 1460 OANISIO.

668 1513 841 1550 Tritlento
868 1514 916 1551 18.
943 1514 1152 1551 Decembris
1178 1514 1274 1551 1562.

204 1598 260 1632 Ex
297 1597 503 1643 apographo
539 1597 700 1631 eiusdem
734 1597 926 1642 temporis;
963 1598 999 1631 in
1034 1597 1197 1641 margine
1233 1597 1357 1631 eadem
1392 1609 1499 1632 manu
1534 1598 1746 1633 adnotatum
1781 1601 1857 1634 est:

90 1651 227 1694 „Padre
255 1651 432 1686 Canisio“.
484 1650 567 1685 Cod.
600 1650 663 1693 „V.
690 1650 730 1685 P.
758 1651 822 1685 62“
853 1652 878 1686 f.
907 1651 985 1686 110.

207 1704 374 1750 Epistula
399 1716 487 1739 usus
514 1706 569 1739 est
595 1706 711 1739 Kro‘ss
735 1704 759 1738 l.
787 1716 816 1739 c.
843 1717 876 1750 p.
907 1705 984 1739 155.

205 1784 350 1826 Scripta
377 1784 550 1827 quaedam
575 1784 787 1826 imperatori
812 1783 948 1816 tradita
975 1793 1044 1816 non
1073 1793 1152 1815 esse.
1191 1783 1330 1815 Canisii
1354 1793 1464 1816 suasu
1482 1783 1657 1816 Lainium
1682 1785 1856 1826 statuisse,

88 1847 129 1869 ne
153 1848 259 1870 suum
284 1838 326 1870 de
352 1837 595 1870 communione
620 1837 683 1870 sul)
708 1841 863 1880 utraque
880 1837 1052 1880 scriptum
1079 1838 1217 1869 caesari
1238 1837 1452 1870 traderetur.
1491 1837 1654 1870 Natalem
1682 1848 1704 1869 a
1722 1837 1856 1870 Lainio

86 1901 157 1924 non
183 1892 407 1935 impetrasse,
442 1895 503 1934 ut,
538 1894 727 1934 antequam
755 1891 958 1934 pestilentia
985 1894 1163 1933 cessasset,
1199 1891 1343 1932 collegia
1374 1891 1541 1924 visitaret.
1591 1892 1784 1924 Victoriam
1818 1892 1858 1923 in

88 1945 410 1987 superintendentes
448 1955 592 1977 munere
629 1955 841 1977 mansurum
881 1955 968 1988 esse,
1008 1945 1114 1977 donec
1140 1963 1184 1966 -
1213 1945 1249 1976 id
1284 1944 1377 1986 qaod
1416 1944 1582 1977 Cani-sius
1616 1945 1785 1977 desideret
1813 1963 1855 1967 —

88 1998 306 2031 Germaniae
342 1999 541 2041 superioris
571 1999 764 2041 provincia
803 2009 825 2030 a
860 1998 990 2031 Natale
1027 1998 1219 2030 dividatur.
1271 1998 1435 2031 Rectores
1473 1998 1698 2041 collectorum
1735 1998 1857 2031 vindo-

84 2052 257 2095 bonensis,
284 2053 533 2095 tyrnaviensis,
554 2053 747 2095 prayensis
772 2053 845 2084 iam
870 2062 942 2084 non
969 2052 1016 2084 ad
1037 2051 1232 2094 Canisitcm,
1259 2052 1317 2083 sed
1343 2052 1390 2083 ad
1413 2052 1528 2094 ipsum
1546 2052 1721 2084 Lainium
1747 2051 1856 2084 dubia

82 2105 222 2147 referre
246 2105 373 2138 iuberi.
413 2106 588 2148 Effectum
614 2105 676 2149 iri,
702 2109 741 2137 ut
767 2116 810 2138 ex
835 2105 1095 2138 haereticorum
1122 2105 1411 2138 absolvendorum
1432 2105 1603 2147 facultate
1629 2102 1855 2149 „abiuratiffl

83 2159 241 2192 tollatur.
293 2159 347 2192 De
373 2159 529 2192 caesaris
563 2160 651 2202 stipe
677 2169 801 2192 annua
837 2159 978 2202 colleyio
1013 2169 1163 2192 romano
1193 2159 1334 2191 Canisii
1366 2163 1397 2191 et
1422 2160 1598 2192 Victoriae
1633 2169 1741 2201 opera
1768 2169 1857 2202 pro-

82 2212 245 2246 videnda.
296 2213 350 2246 De
388 2212 552 2246 Glenclcio
587 2217 617 2246 et
653 2213 849 2255 Staplzyl0;
885 2213 979 2245 himo
1013 2213 1125 2245 Hosio
1160 2213 1352 2254 scripsisse.
1408 2212 1599 2246 Cardinali
1634 2213 1856 2255 Augyustano,

83 2270 274 2310 antequam
300 2267 459 2300 Societas
484 2267 622 2309 eolleqii
646 2266 827 2308 dilinyani
861 2277 985 2299 curam
1017 2266 1209 2310 suscipiat,
1245 2266 1446 2298 curandum
1472 2276 1560 2309 esse,
1595 2269 1634 2299 ut
1659 2266 1857 2309 capitulum

84 2321 286 2354 consentiat.
329 2321 484 2363 Reyulas
509 2320 646 2353 Indicis
672 2320 831 2353 nondum
856 2330 925 2352 esse
950 2320 1175 2363 approbatas.
1220 2320 1380 2353 Sinistra
1406 2320 1580 2362 quaedam
1605 2320 1646 2352 de
1672 2319 1857 2352 cardinale

85 2373 309 2417 Lotharin90
335 2374 435 2408 haud
455 2374 563 2416 facile
582 2374 680 2407 credi
696 2377 864 2417 oportere.
893 2373 947 2406 De
961 2373 1208 2416 praelatorum
1227 2373 1503 2406 dissensionibus
1521 2373 1768 2416 componendis
1785 2374 1854 2416 aqi.

772 2462 866 2503 Pax
899 2461 1049 2504 christi
1081 2464 1163 2504 etc.

203 2543 430 2587 Riceuette
459 2544 514 2587 N.
538 2544 681 2586 Padre
714 2544 858 2597 quella
891 2544 933 2586 di
954 2545 1006 2587 V.
1031 2544 1295 2587 Reuerentia
1328 2544 1370 2585 di
1403 2546 1486 2587 .12.
1522 2544 1590 2586 del
1621 2544 1855 2599 presente1

85 2611 129 2652 et
161 2611 193 2651 s'
216 2609 380 2652 intesse
414 2623 534 2651 come
565 2624 652 2651 non
684 2609 822 2651 hebbe
859 2609 1042 2664 ricapito
1077 2610 1176 2663 quel
1207 2609 1378 2663 spaccio
1417 2610 1623 2652 mandato
1666 2610 1737 2652 all'
1761 2609 1855 2651 Jm-

83 2675 304 2729 perator2,
339 2677 383 2717 et
416 2674 742 2726 considerando,
777 2675 816 2716 d’
840 2689 926 2717 una
948 2678 1087 2729 parte,
1122 2675 1199 2716 che
1232 2674 1268 2716 si
1291 2675 1417 2717 crede
1449 2689 1536 2717 non
1567 2674 1632 2717 sia
1664 2674 1854 2716 alienato

203 2819 283 2853 Pax
314 2819 449 2854 Christi
484 2821 552 2854 etc.
602 2819 712 2854 Pater
745 2822 868 2854 noster
902 2819 1128 2853 reverentiae
1163 2821 1304 2853 vestrae
1340 2819 1532 2864 epistulam
1567 2819 1622 2853 die
1659 2819 1713 2854 12.
1747 2818 1854 2854 huius

84 2873 219 2908 mensis
245 2873 390 2907 datam¹
426 2873 584 2918 accepit;
621 2885 667 2907 ex
693 2884 764 2918 qua
789 2873 926 2918 scripta
951 2872 1013 2906 illa
1040 2873 1084 2906 ad
1110 2872 1363 2917 imperatorem
1389 2872 1526 2906 missa²
1560 2873 1597 2906 in
1623 2872 1701 2907 eius
1726 2884 1853 2907 manus

83 2939 154 2962 non
179 2926 389 2972 pervenisse
414 2926 674 2961 intelleximus.
708 2926 757 2960 Et
781 2928 885 2971 pater
909 2928 1033 2960 noster
1059 2937 1103 2959 ex
1130 2937 1200 2960 una
1226 2928 1328 2971 parte
1353 2925 1555 2960 maiestatis
1581 2937 1669 2960 suae
1695 2925 1853 2960 animum

207 3039 219 3059 ¹
243 3038 344 3072 Haec
371 3037 527 3083 epistula
553 3038 691 3083 perisse
718 3037 872 3071 videtur.

205 3092 218 3112 2
243 3090 448 3137 Epistulam
474 3091 574 3125 illam
600 3091 814 3135 litterasque
840 3090 1014 3136 publicas,
1040 3089 1157 3124 Lainii
1182 3090 1361 3135 purgandi
1386 3090 1505 3133 gratia
1523 3102 1544 3125 a
1561 3090 1693 3134 legatis
1712 3090 1854 3126 concilii

86 3145 210 3188 datas,
249 3145 367 3179 dicere
392 3144 556 3187 videtur,
584 3156 677 3188 quae
703 3144 874 3178 Tridento
901 3144 945 3178 ad
973 3143 1157 3178 Canisium
1183 3145 1292 3188 atque
1318 3143 1362 3178 ab
1388 3143 1456 3178 hoc
1482 3144 1527 3178 ad
1553 3144 1594 3179 P.
1620 3144 1853 3179 Lambertum

84 3199 184 3233 Auer
209 3198 244 3234 S.
265 3198 310 3241 J.,
337 3197 480 3242 collegii
505 3197 707 3242 moguntini
732 3199 919 3240 rectorem,
945 3197 1078 3232 missae
1104 3199 1217 3238 erant,
1244 3199 1284 3231 ut
1309 3197 1341 3231 is
1365 3197 1594 3232 Francofurti
1621 3198 1666 3232 ad
1683 3197 1852 3233 Moenum
