2093 3444
237 194 323 235 432
484 191 563 226 683.
602 190 767 225 Canisius
793 190 977 236 Alphonso
1005 191 1213 226 Salmeroni.
1253 191 1452 237 Oeniponte
1478 195 1510 228 4.
1537 194 1625 228 Maii
1654 194 1755 229 1562.

236 323 364 363 quem
396 308 724 359 substituamus,
758 309 923 350 nullum
946 308 1153 351 uidemus.
1198 309 1371 362 Exigua
1393 323 1493 364 spes
1526 311 1579 352 de
1600 311 1801 353 ε1031111οΙ
1833 312 2008 364 Boemo,

236 375 350 427 quod
381 373 660 428 praelegendi
692 373 912 416 laboribus
941 373 1141 415 sufficere
1173 374 1324 428 possit.
1369 374 1428 416 Et
1459 375 1581 417 nouit
1603 376 1653 418 R.
1678 376 1725 419 Τ.
1750 377 1796 418 Ρ.
1820 376 2010 420 Ramiri²¹

234 439 465 481 interiores
497 442 542 482 et
575 439 816 482 exteriores
849 438 1132 489 afflictiones,
1176 439 1543 493 pronuntiationis
1575 440 1705 491 uitia,
1745 441 2009 494 singularem

236 504 518 548 debilitatem.
564 504 806 558 Supersunt
837 504 978 545 Lucas
1009 503 1197 545 Boemus
1231 506 1274 545 et
1297 504 1551 546 chunradus
1585 505 1838 548 Germanus.
1885 507 2009 550 Gra-ti

235 569 407 622 quidem
441 584 602 620 omnes,
637 569 714 611 sed
745 583 912 619 reuera,
947 568 1101 622 quibus
1135 568 1308 610 difficile
1340 569 1473 612 fuerit
1499 570 1643 612 subire
1674 585 1830 613 munus
1861 573 2008 627 auspi-

235 635 400 676 candae
453 634 627 676 scholae
678 633 803 676 iuxta
854 634 1064 676 bonorum
1117 633 1306 675 omnium
1366 635 1729 688 expectationem.
1801 636 2008 680 Fortasse

232 701 501 754 putabantur
542 714 597 741 ex
638 698 856 753 prouintia
898 700 1050 740 nostra
1090 698 1205 742 mitti
1245 713 1374 753 posse
1415 699 1686 753 professores
1726 700 1769 743 in
1806 701 1887 744 hoc
1920 703 2008 744 col-

232 765 406 818 legium,
440 765 515 807 sed
538 764 705 806 vtinam
739 778 812 806 eos
842 764 1112 806 haberemus,
1156 763 1282 806 Fiat
1314 766 1458 806 autem
1482 765 1684 819 Dominj
1718 766 2005 818 uoluntas2,

233 830 305 883 qui
346 833 395 872 vt
436 844 682 884 speramus,
728 829 875 872 mittet
917 828 1138 882 operarios
1178 829 1221 870 in
1262 828 1374 870 hanc
1416 829 1622 871 vineam3
1662 844 1740 884 per
1771 831 1822 874 R.
1857 832 1904 875 T.
1939 833 2007 875 0111
2047 843 2055 847 ·

232 895 517 937 necessitates
558 897 732 936 nostras
773 894 958 935 fidenter
995 893 1284 944 ostendimus,
1327 908 1413 935 non
1452 894 1594 948 ignari
1635 895 1786 949 quanti
1827 896 2005 948 referat,

233 959 378 1013 aliqua
420 974 475 1002 ex
515 962 641 1014 parte
682 961 875 1001 nostram
920 958 1143 1000 declarare
1184 958 1497 1012 gratitudinem
1538 963 1582 1002 et
1623 961 1886 1015 respondere
1917 962 2005 1004 Do-

231 1024 443 1066 minorum
478 1025 550 1078 qui
583 1025 635 1066 de
667 1024 790 1066 nobis
814 1023 975 1078 optime
1007 1026 1243 1075 merentur,
1278 1023 1586 1078 expectationi.
1631 1025 1758 1067 Nunc
1786 1026 2005 1080 publicum

232 1089 430 1132 Caesaris
463 1089 652 1132 edictum
684 1103 762 1144 per
793 1088 904 1131 hanc
936 1089 1198 1143 prouintiam
1231 1089 1489 1143 publicatur,
1525 1093 1575 1132 vt
1608 1104 1756 1132 01111105
1787 1091 1871 1133 11110
1903 1106 2004 1134 51105

230 1155 409 1197 mittant
456 1169 635 1210 pueros,
684 1154 797 1208 quod
844 1156 1153 1208 praeceptores
1201 1154 1376 1198 doctiss
1423 1155 1708 1207 accesserint,
1754 1170 1912 1198 nouam
1960 1160 2004 1199 et

229 1220 443 1264 illustrem
476 1220 669 1262 scholam
702 1219 945 1262 exorsuri4.
990 1219 1081 1269 Quo
1113 1219 1254 1273 magis
1287 1233 1474 1270 oramus,
1507 1223 1557 1263 vt
1583 1220 1656 1275 alij
1690 1221 1884 1263 nonnulli
1917 1221 2002 1265 cito

229 1286 484 1329 mittantur:
518 1289 611 1328 tum
644 1285 680 1327 si
713 1300 818 1339 opus
852 1285 948 1335 erit,
983 1285 1157 1338 quidam
1191 1284 1380 1326 emissis
1411 1285 1537 1327 1110ᾶο
1560 1286 1631 1327 uel
1660 1286 1745 1328 alio
1779 1286 2002 1339 destinari,

230 1351 300 1393 uel
333 1351 551 1393 curandae
583 1353 752 1393 tantum
788 1349 1027 1393 valetudini
1060 1364 1106 1391 se
1145 1352 1263 1392 totos
1296 1350 1470 1392 tradere
1512 1353 1732 1404 poterunt.
1795 1351 1915 1402 Quod
1948 1352 2004 1394 ad

229 1416 461 1458 Rectorem
495 1416 667 1466 attinet,
702 1415 789 1457 dixi
822 1430 963 1457 meam
997 1418 1041 1457 et
1074 1414 1256 1457 aliorum
1289 1415 1566 1466 sententiam,
1601 1415 1730 1458 alium
1766 1416 2002 1459 desiderari

229 1481 310 1523 hoc
343 1482 458 1524 loco:
493 1481 554 1523 sic
586 1482 632 1524 P.
661 1481 951 1524 Valentinus5
984 1480 1038 1522 ad
1071 1483 1243 1534 tempus
1275 1479 1317 1521 in
1351 1480 1535 1534 collegio
1567 1481 1710 1535 aliquo
1743 1481 2000 1534 ministrum,

228 1562 279 1589 ac
312 1547 465 1589 deinde
498 1547 727 1589 Rectorem
761 1546 1050 1599 Straubiugae
1083 1548 1160 1588 aut
1186 1545 1411 1600 Herbipoli
1443 1559 1574 1599 agere
1606 1560 1734 1600 posse
1766 1547 1999 1591 uideretur.

227 1612 436 1654 Dominus
467 1612 631 1654 JESVS
663 1612 897 1654 nobiscum.
963 1611 1191 1665 Oeniponti
1225 1612 1251 1652 4
1283 1610 1386 1664 Maij
1425 1613 1535 1653 1562

1176 1694 1337 1736 Seruus
1368 1693 1412 1735 in
1444 1693 1614 1736 Christo
1647 1694 1693 1737 P.
1728 1695 1936 1738 Canisius.

346 1782 570 1825 Mittemus
611 1783 707 1824 ilico
741 1782 969 1833 viaticum,
1012 1784 1060 1824 ut
1101 1781 1285 1836 primum
1327 1781 1514 1824 uoluerit
1554 1782 1604 1824 R.
1639 1781 1686 1825 T.
1720 1782 1804 1824 imo
1846 1783 1998 1826 statim

227 1851 359 1902 atque
392 1849 637 1901 Augustam
669 1861 842 1890 venero.

345 1938 372 1989 ἢ·
404 1937 459 1978 ΑΙ
491 1937 625 1979 molto
658 1936 914 1978 Reuerendo
946 1935 989 1977 in
1022 1935 1191 1977 Christo
1214 1934 1354 1977 Padi-e
1384 1935 1430 1977 P.
1454 1934 1633 1977 ι13001110
1656 1935 1830 1989 Laynez
1862 1935 1996 1978 Prae-

225 2002 367 2056 posito
400 2002 604 2055 generale
638 2001 750 2043 della
783 2000 1041 2055 compagnia
1074 2000 1115 2042 di
1147 2001 1274 2051 Jesu,
1317 2000 1452 2054 padre
1489 1999 1574 2041 mio
1608 2000 1994 2043 osseruandissimo

1700 2077 1750 2120 In
1782 2078 1934 2120 Roma.

344 2171 499 2205 Pulchre
526 2172 658 2214 Boero,
694 2170 773 2212 ubi,
809 2181 901 2214 quae
928 2169 1092 2204 Canisius
1120 2169 1155 2203 in
1181 2168 1238 2203 his
1264 2168 1397 2203 litteris
1423 2168 1465 2202 de
1492 2168 1653 2203 Victoria
1679 2169 1783 2212 dicit,
1816 2170 1992 2215 proponit,

224 2224 268 2258 de
294 2223 437 2258 Canisio
473 2225 616 2259 scribit:
657 2224 755 2266 „Non
789 2223 906 2268 sapi-ei
943 2223 1097 2257 diffinire
1130 2234 1168 2256 se
1204 2222 1265 2266 piil
1301 2221 1447 2256 debbasi
1480 2221 1670 2256 ammirare
1704 2222 1739 2257 la
1764 2234 1831 2257 sua
1856 2234 1991 2257 amore-

224 2277 304 2312 vole
331 2278 454 2320 carita,
481 2290 500 2312 o
527 2278 561 2312 la
586 2290 652 2312 sua
678 2277 955 2322 profondissima
982 2276 1125 2310 umilta‘*
1159 2274 1262 2319 (Can.
1289 2287 1322 2320 p.
1349 2274 1448 2318 414).
1484 2275 1530 2309 Et
1555 2276 1690 2310 Kresss:
1720 2276 1870 2318 „Besser
1895 2276 1992 2310 kann

225 2343 307 2365 man
335 2332 390 2365 die
416 2332 572 2366 Demuth
600 2331 670 2365 und
698 2332 764 2365 den
790 2330 883 2365 Adel
909 2330 971 2364 des
999 2330 1158 2364 Herzens
1184 2340 1333 2363 unseres
1361 2328 1500 2362 Helden
1525 2328 1626 2362 nicht
1652 2326 1848 2371 schildern,
1875 2329 1930 2364 als
1956 2341 1994 2363 er

226 2396 264 2419 es
290 2385 405 2419 selbst
431 2385 663 2428 unfreiwillig
689 2385 725 2418 in
751 2384 885 2418 diesem
914 2383 1031 2417 Briefc
1058 2382 1193 2427 gethan
1219 2382 1301 2416 hat“
1335 2381 1371 2425 (l.
1401 2394 1429 2416 c.
1457 2394 1489 2427 p.
1520 2382 1616 2426 140).

344 2473 443 2507 Haec
477 2472 631 2517 epistula
666 2474 792 2506 notatu
828 2471 935 2515 digna
971 2474 1027 2505 est
1061 2471 1169 2505 etiam
1196 2472 1342 2515 propter
1375 2481 1436 2511 ea,
1473 2481 1564 2514 quae
1599 2469 1635 2503 in
1671 2481 1714 2504 ea
1748 2470 1915 2504 dicuntur
1949 2470 1992 2504 de

229 2525 345 2569 ,tristi
380 2526 480 2560 exitu
506 2526 555 2560 M.
582 2525 775 2570 Stephani“
806 2525 997 2568 Agricolae
1032 2524 1200 2566 iunioris,
1237 2523 1298 2568 qui
1333 2523 1487 2568 primum
1523 2523 1746 2557 contionator
1779 2523 1992 2558 lutheranus

223 2579 354 2620 fuerat,
381 2579 518 2620 deinde,
538 2578 671 2613 Canisii
690 2578 911 2622 aliorumque
930 2577 1111 2612 Sociorum
1130 2588 1237 2622 opera
1256 2576 1478 2622 interposita,
1505 2576 1550 2610 ad
1568 2575 1782 2610 catholicam
1800 2576 1991 2611 ecclesiam

223 2633 381 2667 redierat
406 2634 442 2666 et
468 2634 621 2666 exeunte
648 2643 680 2665 3.
701 2631 792 2666 1560
819 2631 962 2665 Ottonis
989 2630 1181 2665 cardinalis
1199 2629 1425 2664 Truchsessii
1452 2629 1609 2663 invitatu
1628 2629 1777 2663 Romam
1803 2630 1847 2664 ad
1873 2629 1991 2674 ipsum

223 2688 374 2720 venerat
401 2685 508 2729 (Can.
536 2685 623 2730 Epp.
651 2685 699 2726 II,
727 2685 934 2726 909—914,
962 2687 998 2719 et
1024 2695 1131 2729 supra
1157 2695 1190 2728 p.
1219 2683 1300 2727 22);
1327 2682 1384 2717 his
1410 2683 1502 2716 enim
1531 2681 1666 2716 Canisii
1693 2682 1815 2717 verbis
1841 2694 1883 2717 ea
1909 2694 1990 2717 con-

223 2739 423 2780 firmantur,
449 2750 541 2783 quae
567 2738 606 2772 P.
630 2740 804 2773 oliverius
829 2739 1028 2772 Manareus
1054 2738 1088 2772 S.
1108 2738 1130 2772 J
1134 2765 1153 2778 .,
1180 2736 1240 2781 qui
1267 2747 1358 2770 anno
1387 2736 1477 2770 1562
1503 2735 1646 2779 collegii
1672 2735 1849 2770 lauretani
1873 2738 1991 2770 rector

223 2793 353 2834 fuerat,
379 2793 445 2827 sub
472 2804 502 2826 a.
526 2792 615 2826 1600
641 2791 676 2825 111
695 2803 759 2825 5110
781 2791 853 2834 „De
870 2791 978 2825 rebus
996 2790 1186 2825 Societatis
1204 2790 1286 2824 Iesu
1304 2789 1577 2823 commentari0“
1602 2788 1820 2833 (Florentiae
1845 2801 1876 2824 a.
1899 2789 1988 2824 1886

222 2845 305 2880 libri
323 2857 431 2880 manu
449 2845 573 2890 scripti
591 2845 707 2879 instar
724 2843 872 2888 excuso)
897 2856 931 2889 p.
952 2844 1138 2878 143—144
1164 2842 1346 2877 narravit:
1377 2841 1549 2884 „Quidam
1580 2842 1790 2885 cognomine
1807 2841 1989 2885 Agricola,

225 2899 428 2934 Germanus
453 2899 618 2940 natione,
645 2897 707 2942 qui
732 2898 923 2942 aliquando
950 2898 1070 2932 fuerat
1094 2896 1259 2931 minister
1284 2895 1385 2930 verbi
1411 2896 1447 2929 in
1473 2895 1627 2930 ecclesia
1651 2895 1927 2939 malignantium
1953 2897 1990 2930 et

341 3017 356 3032 ³
382 3011 516 3045 Tamiri
543 3012 598 3053 A;
622 3011 695 3044 tam
722 3009 803 3043 miri
828 3010 869 3042 B.

345 3122 354 3141 ¹
381 3120 520 3154 Labrai.
619 3119 633 3140 ²
657 3121 739 3153 Act.
766 3119 822 3160 21,
851 3118 904 3153 14.
955 3117 1087 3152 Matth.
1114 3118 1144 3160 6,
1174 3118 1228 3152 10.

343 3175 356 3194 ³
383 3173 436 3208 Cf.
463 3173 593 3207 Matth.
621 3173 675 3215 20,
704 3172 836 3213 1—16;
863 3172 895 3214 9,
922 3171 966 3206 38
993 3173 1059 3206 etc.
1158 3173 1171 3191 ⁴
1198 3170 1289 3205 Vide
1314 3169 1419 3212 infra,
1444 3180 1600 3204 monum.
1627 3169 1706 3204 329.
1805 3169 1818 3189 ⁵
1842 3167 1951 3213 Voyt.

2055 3168 2067 3182 ‘⁴

2056 3195 2067 3207 'u

2054 3208 2067 3250 ³5

2040 3253 2068 3444 l
