2093 3444
404 207 572 250 Augusta
598 206 865 241 Vindelicorum
893 207 986 241 inter
1013 208 1043 241 5.
1072 211 1107 241 et
1137 208 1189 242 19.
1217 206 1426 242 Decembris
1456 209 1555 242 1562.
1783 211 1867 252 553

104 325 210 367 haec
242 325 374 376 ratio,'
401 340 486 367 non
509 325 634 368 video
658 325 760 378 quid
792 326 988 368 adferam
1022 326 1138 368 aliud
1170 325 1442 380 purgationis
1475 327 1582 377 loco,
1617 326 1793 369 liberius
1825 326 1869 368 in

104 404 150 432 re
183 390 338 441 aliena,
373 404 501 444 quam
533 391 709 445 propria
741 390 895 441 iudico,
930 391 1155 444 Deumque
1187 405 1340 445 precor
1372 394 1421 434 vt
1454 391 1496 433 in
1529 406 1652 434 suam
1685 392 1868 445 gloriam

103 458 250 498 vertat
282 469 401 498 meos
434 458 629 498 conatus.

220 521 450 563 Curabitur
482 523 530 563 vt
561 520 713 563 literas
745 521 789 562 in
820 521 1009 575 patriam
1042 521 1115 564 det
1144 522 1301 564 Frater
1332 525 1482 564 noster
1504 522 1779 564 Ρο111111111531
1805 520 1866 577 [P]

103 586 462 639 quemadmodum
503 585 778 628 admonuisti.
845 586 1090 628 Gaudemus
1132 601 1262 628 sanos
1300 586 1527 641 transijsse
1567 587 1729 629 fratres
1763 601 1869 640 quos

104 651 242 693 Roma
273 651 391 693 misit
404 651 433 694 2.
483 651 739 704 Catalogum
772 651 1035 692 lectionum3
1067 652 1113 695 P.
1140 652 1292 694 Natali
1324 652 1711 695 transmittendum
1744 666 1869 694 cura-

102 716 242 759 uimus
276 751 284 760 .
318 716 513 759 fortunet
544 717 662 758 Deus
694 716 921 770 praeclara
954 715 1061 758 haec
1095 717 1240 759 studia
1272 720 1443 768 vestra,
1479 732 1588 771 quae
1621 717 1870 760 Catholicae

103 781 327 825 doctrinae
368 782 509 823 lucem
550 796 601 823 ac
642 781 773 823 robur
814 780 986 823 adferre
1018 781 1223 825 videntur
1256 783 1409 826 ‚Vnde
1447 797 1532 825 non
1564 785 1747 838 possunt
1784 797 1870 824 non

102 847 260 889 offendi
292 846 494 889 veritatis
527 846 788 900 aduersarij,
833 845 905 899 qui
937 846 1060 888 vobis
1102 850 1145 889 et
1177 848 1300 889 nobis
1333 848 1485 890 offensi
1517 852 1561 891 et
1593 848 1742 891 infesti
1775 862 1870 890 esse

102 914 302 966 pergunt.

221 977 444 1019 Vellemus
491 979 639 1019 autem
687 976 773 1018 cito
821 975 1030 1030 scriptum
1079 977 1267 1027 absolui,
1322 979 1436 1032 quod
1482 979 1671 1022 facultas
1719 981 1869 1021 vestra

102 1042 314 1097 Kemnicij
363 1046 407 1085 et
451 1042 634 1096 Artopei
681 1041 910 1084 virulentis
958 1041 1130 1096 scriptis
1178 1043 1334 1086 statuit
1382 1058 1621 1099 opponere,
1671 1044 1870 1098 quodque

101 1123 141 1163 p.
176 1107 504 1150 Commissarius
537 1108 620 1149 11110
653 1107 774 1149 breui
806 1106 1065 1150 mittendum
1098 1108 1283 1161 putauit.
1346 1108 1463 1152 Ante
1496 1110 1737 1152 Mercatum
1770 1123 1869 1164 pro—

101 1173 265 1215 ximum
297 1173 378 1215 1100
411 1172 612 1227 quicquid
646 1175 714 1215 est
747 1172 889 1227 operis
922 1172 1078 1215 excudi
1110 1172 1167 1216 sit
1200 1187 1331 1228 opere
1363 1175 1554 1228 precium
1571 1177 1599 1220 4.

219 1239 399 1282 Rectius
431 1253 544 1280 nunc
565 1238 699 1281 habet
730 1241 881 1280 noster
912 1241 999 1292 pet.
1025 1238 1333 1282 00101110115155.
1384 1240 1468 1282 Sed
1500 1240 1608 1283 satis
1630 1254 1869 1295 propensus

101 1304 157 1346 ad
187 1303 269 1346 hoc
300 1303 439 1346 morbi
471 1304 536 1345 sui
569 1318 720 1357 genus,
755 1303 828 1357 qui
861 1303 914 1345 ad
949 1303 1231 1346 concionandi
1263 1304 1529 1348 functionem
1561 1305 1739 1360 aspirat.

220 1369 432 1411 Audimus
485 1383 541 1411 ex
587 1370 763 1411 Decano
812 1369 977 1412 factum
1024 1368 1267 1424 Archiepis.
1313 1370 1663 1421 Coloniensemss,
1717 1384 1871 1425 precor

101 1436 261 1485 Deum,
304 1438 354 1477 vt
394 1434 520 1476 huius
553 1434 778 1477 Ecclesiae
811 1434 999 1477 Sanctae
1040 1435 1098 1478 sit
1138 1435 1318 1477 idoneus
1358 1439 1510 1490 pastor
1551 1450 1690 1490 neque
1730 1436 1871 1478 minus

101 1503 250 1543 nostro
303 1500 455 1543 faueat
506 1500 721 1543 instituto.
785 1500 914 1541 Nunc
967 1500 1058 1543 abit
1113 1503 1241 1555 pater
1295 1501 1466 1543 Natalis
1519 1516 1575 1544 ex
1628 1501 1870 1556 Oeniponto

101 1565 315 1607 Viennam
363 1565 553 1607 Hiemali
605 1579 709 1607 sane
761 1568 958 1620 tempore
975 1566 1003 1608 7.
1067 1565 1235 1619 Dignus
1284 1569 1351 1609 est
1397 1567 1470 1609 ille
1517 1567 1637 1609 cuius
1685 1567 1871 1609 salutem

100 1630 272 1673 domino
312 1631 439 1673 enixe
478 1631 850 1682 commendemus,
898 1634 942 1673 et
988 1631 1059 1685 qui
1092 1631 1143 1673 de
1177 1632 1380 1687 Collegijs
1424 1632 1585 1675 nostris
1625 1634 1775 1675 sancte
1821 1646 1871 1674 ac

102 1696 341 1750 prudenter
380 1696 558 1747 statuit,
602 1698 651 1738 vt
691 1696 913 1738 meliorem
956 1699 1109 1751 optare
1141 1696 1414 1740 visitatorem
1456 1712 1541 1740 non
1584 1698 1869 1740 debuerimus.

222 1762 462 1804 Versamur
493 1762 733 1816 Augustae,
767 1764 817 1804 vt
848 1762 1005 1814 nostis,
1039 1763 1092 1804 in
1124 1763 1301 1805 medio
1334 1764 1584 1818 luporum
1597 1765 1626 1815 8,
1661 1767 1706 1806 et
1738 1765 1871 1816 auget

103 1826 299 1870 Christus
340 1842 464 1869 suum
497 1841 676 1881 gregem
715 1827 854 1881 magis
895 1842 946 1870 ac
987 1827 1128 1882 magis
1163 1863 1171 1871 .
1208 1829 1289 1871 Sed
1331 1829 1393 1871 ita
1434 1831 1483 1871 vt
1523 1829 1744 1872 fructus
1787 1829 1871 1871 ad-

104 1892 327 1935 feratur
358 1893 411 1934 in
443 1892 768 1947 patientia9.
814 1893 1040 1947 pulchrum
1075 1896 1141 1936 est
1173 1893 1323 1936 videre
1355 1908 1479 1937 sacre
1511 1894 1795 1937 confessionis
1828 1896 1871 1936 et

104 1958 415 2001 communionis
448 1973 573 2000 Vsum
606 1959 721 2013 apud
763 1973 837 2001 eos
870 1958 1142 2012 frequentem
1182 1959 1226 2001 in
1258 1959 1333 2014 ijs,
1378 1959 1450 2013 qui
1481 1959 1587 2001 nihil
1618 1960 1708 2003 tale
1741 1962 1871 2002 antea

104 2023 441 2074 meditabantur,
475 2024 603 2066 Nunc
635 2024 814 2066 crebrae
847 2024 1075 2066 conciones
1107 2024 1209 2066 mihi
1242 2025 1467 2067 habendae
1500 2027 1601 2067 sunt
1632 2026 1714 2068 hoc
1747 2039 1871 2067 sacro

103 2091 312 2143 tempore,
346 2103 426 2131 vos
458 2103 565 2142 rogo
599 2092 648 2132 vt
680 2089 839 2144 Canisij
873 2103 1094 2143 nunquam
1128 2090 1323 2132 obliuisci
1356 2090 1515 2133 velitis.
1563 2091 1720 2132 Frater
1751 2104 1871 2132 meus

104 2167 199 2195 cum
232 2155 345 2196 bona
377 2157 504 2208 parte
527 2155 706 2209 Collegij
741 2154 805 2196 sui
829 2154 1148 2197 Monachiensis
1180 2158 1230 2198 vt
1261 2155 1398 2210 pestis
1426 2155 1590 2198 vitaret
1622 2155 1872 2208 contagium

104 2219 188 2261 alio
225 2233 271 2262 se
307 2220 542 2274 recepit10,
589 2220 831 2274 scripturus
876 2220 931 2262 ad
975 2234 1053 2262 vos
1097 2221 1240 2271 breui,
1290 2223 1340 2263 vt
1382 2221 1503 2262 illum
1548 2220 1870 2270 commonefeci,

104 2285 313 2327 Dominus
354 2299 432 2340 per
476 2289 675 2328 sanctum
719 2285 955 2329 aduentum
999 2300 1124 2327 suum
1164 2300 1242 2328 nos
1284 2287 1531 2329 consoletur
1571 2286 1783 2339 gubernet
1828 2289 1870 2328 et

105 2351 329 2393 confirmet
360 2350 404 2392 in
435 2351 559 2393 bonis
592 2350 913 2406 spiritualibus,
954 2351 1107 2404 quibus
1140 2351 1342 2393 instructi
1374 2365 1477 2393 vere
1508 2351 1590 2406 ipsi
1622 2352 1794 2406 placere
1827 2353 1871 2393 et

103 2415 301 2470 proximo
334 2416 502 2459 Vtiliter
532 2416 743 2459 inseruire
775 2416 1003 2471 possimus

223 2481 374 2523 Saluto
406 2496 447 2536 p.
471 2481 543 2524 Le.
567 2482 619 2524 D.
643 2481 922 2524 Franciscum
937 2482 970 2509 1¹
994 2481 1040 2523 P.
1065 2481 1270 2524 Rethium
1294 2484 1337 2524 et
1360 2481 1596 2535 Collegium
1621 2482 1870 2524 vniuersum

105 2546 218 2599 quod
258 2546 363 2588 mihi
403 2561 488 2588 non
529 2549 675 2601 potest
716 2561 801 2588 non
843 2559 938 2588 esse
980 2546 1158 2587 charum
1203 2546 1245 2587 in
1287 2546 1367 2588 hac
1410 2549 1564 2589 sancta
1609 2550 1653 2590 et
1697 2546 1872 2589 amabili

222 2697 235 2711 Π
265 2691 457 2724 Obscurius
482 2692 663 2734 scriptum.
715 2690 928 2724 Renninus?

226 2826 234 2845 ¹
262 2823 367 2857 Hunc
393 2835 463 2857 non
489 2823 583 2857 novi.
683 2824 696 2844 ²
722 2823 814 2857 Vide
840 2835 950 2868 supra
976 2835 1010 2868 p.
1037 2824 1119 2858 525.

225 2878 238 2896 3
265 2876 450 2922 Gymnasii
482 2876 609 2918 „trium
637 2878 867 2910 coronarum*
898 2876 1111 2911 coloniensis
1139 2877 1299 2919 (Hansen
1329 2876 1351 2911 l.
1380 2888 1408 2910 c.
1436 2888 1469 2921 p.
1495 2877 1576 2911 446.
1605 2876 1703 2919 455).

224 2931 237 2950 4
264 2930 315 2963 De
341 2929 408 2963 hac
433 2941 471 2963 re
498 2929 580 2963 vide
606 2941 716 2974 supra
742 2941 776 2974 p.
804 2930 882 2964 5⁶26.
910 2930 989 2964 538.
1090 2931 1103 2950 ⁵
1128 2930 1168 2965 P.
1194 2929 1327 2964 Petrus
1354 2929 1488 2975 Haupt.

225 2984 238 3003 ⁶
263 2982 484 3017 Fridericum
510 2982 552 3016 de
578 2982 714 3023 Weda;
741 2982 824 3016 vide
849 2995 958 3027 supra
985 2995 1018 3028 p.
1046 2983 1114 3018 539
1128 2984 1147 3017 ¹.

225 3037 237 3056 7
262 3035 415 3076 Natalis,
441 3037 580 3069 mutato
607 3035 765 3076 consilio,
792 3048 884 3070 anno
910 3036 1073 3081 proximo
1100 3036 1350 3071 Vindobonam
1367 3036 1487 3071 'venit

225 3091 237 3107 ⁹
263 3089 393 3123 Matth.
423 3089 477 3129 10,
507 3089 559 3123 16.
660 3090 673 3109 ⁰
700 3089 783 3124 Luc.
811 3089 842 3131 8,
873 3089 926 3123 15.

213 3144 238 3163 ¹⁰
264 3143 303 3177 P.
323 3141 564 3176 Theodoricus
584 3142 749 3176 Canisius
774 3143 811 3177 in
836 3142 1094 3177 monasterium
1113 3142 1249 3187 Biburg
1267 3143 1460 3187 migravit;
1487 3143 1569 3178 vide
1587 3155 1696 3189 supra
1716 3155 1749 3189 p.
1769 3143 1838 3178 539
1848 3144 1870 3178 ³³.

212 3197 238 3217 ¹¹
264 3195 335 3230 PP.
363 3195 587 3229 Leonardum
613 3195 741 3230 Kessel
768 3198 803 3230 et
828 3196 1061 3230 Franciscum
1089 3195 1289 3230 Costerum.
