2093 3444
228 219 312 259 650
366 216 524 249 Monum.
553 214 729 258 (august.)
757 214 837 248 266.
868 214 981 256 (Inter
1007 216 1198 249 exeuntem
1225 227 1256 250 a.
1278 215 1365 250 1561
1398 218 1434 250 et
1459 218 1650 251 exeuntem
1677 228 1708 251 a.
1730 217 1847 260 1562)

224 331 463 375 cognitionem
489 330 578 364 haec
604 330 757 364 fortasse
785 329 880 363 haud
906 342 1052 374 prorsus
1077 331 1212 365 fuerint
1236 331 1395 373 inutilia,
1432 343 1522 376 quae
1550 333 1584 366 in
1611 333 1813 367 contionum
1839 345 1869 368 a.
1899 334 1985 369 1561

225 387 260 418 et
289 385 378 418 1562
406 384 592 427 Augustae
626 383 663 417 in
695 383 846 417 ecclesia
872 383 1071 418 cathedrali
1105 384 1180 428 (vel
1212 385 1247 418 in
1273 385 1406 429 templo
1433 385 1466 419 S.
1495 385 1636 420 loannis
1663 386 1777 420 eidem
1803 388 1986 430 contiguo)

226 450 245 471 a
274 437 417 472 03111510
444 436 647 470 habitarum
674 435 940 470 commentariis
967 436 1011 470 ab
1038 436 1114 482 ipso
1141 438 1336 480 recognitis
1363 441 1573 473 occurrunt:

347 522 381 561 1.
428 520 627 562 Canisius
670 521 737 561 atie
771 522 838 561 10.
872 521 1056 574 Anqusti
1088 523 1224 574 1561,
1267 536 1374 576 qnae
1411 523 1536 563 simul
1577 526 1613 563 et
1650 522 1874 564 Domtnica
1906 523 1987 565 XI.

215 590 311 639 post
332 585 597 626 Pentecosten
633 590 667 626 et
700 586 789 626 (ties
819 584 953 638 festus
977 586 1019 628 S.
1043 586 1270 628 Laurentii
1298 587 1500 641 martyris
1539 591 1640 640 erat,
1674 589 1901 629 contionem
1932 590 1992 630 sic

223 664 395 691 exorsus
429 655 510 692 est:
542 649 714 704 Duplex
747 649 1033 702 Euangelium
1066 653 1240 692 vestrae
1273 650 1514 693 Charitatia
1544 651 1750 704 praelegi.
1799 652 1991 694 Primum

221 714 397 756 Lucae1
429 715 620 768 pertinet
652 715 727 756 ad*
740 714 1008 765 dominicam,
1044 717 1082 758 2.
1110 715 1315 757 Ioannis2
1348 715 1596 769 pertinensb
1630 714 1691 770 [P]
1726 717 1780 758 ad
1813 717 1985 760 festum.

220 780 388 821 Deinde
421 781 471 821 de
506 785 677 835 utroque
709 781 831 822 dizit.
896 780 951 821 Et
990 781 1057 821 die
1087 783 1158 823 21.
1193 781 1445 835 Septembris
1479 783 1614 834 1561,
1658 796 1766 836 qnae
1798 783 1922 824 simut
1954 788 1990 824 et

221 846 445 887 Domintca
479 845 622 887 XVII.
653 850 745 900 post
786 845 1049 887 Pentecosten
1093 851 1127 887 et
1164 847 1206 888 S.
1242 847 1456 888 Matthaeo
1498 849 1679 900 apostolo
1719 861 1846 889 sacra
1889 854 1988 899 erat,

225 912 266 951 tn
301 911 473 952 exordio
506 911 732 952 contionis:
764 910 927 951 Breues
960 909 1178 952 doctrinas
1210 911 1432 952 trahemus
1466 924 1520 952 ex
1553 911 1717 953 duobus
1751 913 1991 967 euangelijs

225 989 335 1028 quae
368 974 494 1016 hodie
526 975 731 1028 leguntur
763 977 807 1017 et
840 977 1085 1017 cantantur.

346 1041 383 1082 2.
429 1041 479 1081 In
525 1042 711 1081 contione
751 1039 867 1093 feria
909 1038 983 1083 IV.
1027 1041 1222 1082 Cinerum
1268 1043 1355 1092 (11.
1399 1041 1648 1088 Februarii)
1692 1044 1805 1084 1562
1848 1043 1992 1084 habita

230 1105 429 1147 Canisins
462 1110 749 1146 commemorat
782 1104 857 1146 illa
884 1105 1017 1146 uerba
1041 1105 1286 1147 Sacerdotis
1311 1103 1516 1159 [cineres]
1542 1106 1837 1160 aspergentis:
1878 1108 1992 1156 „Me-

229 1172 375 1212 mento
397 1170 523 1211 1101110
548 1169 647 1223 quia
670 1169 807 1212 cinis3
831 1173 898 1211 es“
929 1172 1010 1212 etc.
1048 1206 1054 1212 .
1083 1206 1088 1212 .
1117 1206 1124 1211 .
1168 1169 1235 1211 Ab
1268 1170 1348 1212 hoc
1371 1170 1469 1213 die.
1491 1206 1498 1213 .
1521 1206 1528 1213 .
1553 1173 1761 1224 teguntur
1781 1171 1993 1226 imagines

230 1238 274 1277 et
315 1235 494 1284 altaria,
542 1235 667 1289 niger
708 1235 826 1276 color
867 1235 1095 1277 adhibetur
1140 1236 1416 1278 ornamentis.
1486 1238 1541 1278 Et
1582 1238 1757 1279 iterum:
1797 1237 1993 1280 Ecclesia

229 1299 390 1342 claudit
423 1299 614 1342 altaria4
656 1303 700 1342 et
730 1300 843 1354 tegit
874 1300 1106 1353 imagines,
1150 1303 1199 1342 ut
1231 1301 1410 1353 quisque
1443 1301 1606 1354 cogitet
1642 1316 1689 1344 se
1720 1305 1992 1356 peccatorem

229 1367 272 1407 et
303 1364 548 1418 indignum,
591 1364 737 1407 uidere
770 1365 849 1407 Dei
881 1364 1037 1406 faciem
1071 1368 1271 1419 apertam
1304 1368 1347 1407 et
1382 1369 1631 1408 sanctorum
1663 1367 1868 1420 gloriam,
1911 1367 1992 1409 nisi

227 1430 512 1484 penitentiam
546 1433 662 1483 agat.
690 1466 697 1472 .
725 1466 731 1472 .
758 1466 765 1473 .
816 1429 1012 1472 Ecclesia
1052 1431 1254 1485 proponit
1287 1431 1474 1472 colorem
1514 1431 1684 1484 nigrum
1718 1435 1761 1475 et
1792 1433 1992 1486 lugubria

228 1495 410 1538 cantica.

348 1562 385 1603 3.
429 1561 655 1602 Dominica
697 1562 918 1603 Passionis
951 1561 1040 1612 (15.
1076 1562 1250 1615 Martii)
1289 1576 1327 1603 a.
1366 1563 1480 1603 1562
1525 1562 1725 1603 Canistus
1768 1564 1819 1604 de
1858 1564 1992 1605 sacris

232 1626 383 1667 ritibus
423 1627 643 1681 „temporis
677 1626 923 1668 Passe‘onis“
962 1642 980 1667 e
1011 1632 1202 1681 suwestu
1237 1628 1472 1668 disserens:
1503 1626 1559 1668 Jn
1594 1626 1740 1669 multis
1772 1627 1992 1681 Ecdesijs,

229 1692 375 1746 inquit,
412 1694 478 1733 est
510 1690 554 1732 in
585 1705 666 1732 vsu
700 1691 813 1744 apud
846 1691 998 1740 altare,
1034 1691 1101 1733 die
1133 1694 1228 1733 rote
1260 1692 1466 1733 blutfarb.

1044 1825 1174 1867 266.

670 1914 773 1951 Inter
800 1916 993 1950 exeuntem
1019 1925 1051 1951 a.
1078 1914 1154 1951 1561
1180 1916 1217 1951 et
1243 1917 1433 1952 exeuntem
1461 1926 1493 1952 a.
1520 1915 1616 1952 1562.

347 1997 401 2031 Ex
426 1997 628 2031 contionum
648 1997 914 2031 commentariis
940 2009 961 2031 a
980 1996 1121 2032 Canisio
1148 1998 1224 2043 ipso
1242 1998 1448 2041 recognitis.
1485 1999 1568 2033 Cod.
1592 1998 1698 2041 „Can
1719 1999 1760 2034 X.
1781 1999 1838 2033 Τ.“
1871 2000 1894 2034 f.
1918 2001 1991 2034 lssb.

229 2051 307 2092 351³,
334 2052 371 2085 et
397 2050 479 2085 Cod.
512 2049 616 2093 „Cam
644 2049 686 2085 X.
715 2050 765 2084 U'‘
798 2051 820 2084 f.
852 2051 950 2085 144³.

353 2122 518 2155 Cam'sc'ns
544 2123 725 2164 Auyustae
750 2133 766 2154 e
790 2132 893 2155 sacro
919 2126 1079 2165 seeyqestu
1114 2124 1292 2156 cantiones
1319 2125 1542 2165 germanicas
1576 2135 1598 2157 a
1626 2125 1759 2166 populo
1795 2126 1833 2157 in
1858 2125 1994 2168 templis

233 2177 382 2208 usitatas
407 2176 631 2208 commendat.

356 2258 390 2298 1.
436 2258 634 2298 Canisius
678 2259 721 2298 in
761 2258 947 2298 contione
988 2258 1055 2298 (tie
1095 2259 1232 2299 natali
1271 2258 1428 2299 Christi
1458 2257 1549 2309 (25.
1583 2259 1845 2311 Decembris)
1878 2261 1990 2301 1561

235 2323 277 2363 e'n
310 2322 545 2363 cathedrali
575 2323 722 2377 tempto
755 2326 988 2376 scchnstano
1020 2321 1189 2363 habita:
1222 2319 1481 2376 [Ecclesia],
1520 2324 1677 2378 inquit,
1711 2324 1807 2377 plus
1838 2324 1882 2365 in
1913 2323 1994 2365 hoc

232 2385 345 2427 festo
379 2385 546 2427 cantari
578 2385 685 2427 facit
719 2400 845 2438 quam
878 2388 971 2428 toto
1005 2399 1137 2435 anno,
1179 2400 1264 2428 non
1297 2387 1435 2429 solum
1473 2388 1526 2429 ab
1560 2388 1877 2431 Ecclesiasticis
1917 2387 1994 2430 sed

231 2449 362 2492 etiam
395 2450 673 2501 secularibus,
705 2465 789 2492 non
824 2453 994 2493 tantum
1027 2464 1053 2492 a
1083 2450 1316 2493 maioribus
1354 2452 1429 2493 sed
1462 2452 1593 2494 etiam
1627 2467 1652 2495 a
1682 2453 1917 2495 minoribus
1949 2455 1994 2495 et

230 2514 406 2569 puellis,
446 2515 557 2557 Hinc
587 2515 664 2557 illa
695 2515 873 2569 pulchra
906 2518 951 2557 et
983 2515 1162 2568 antiqua
1194 2516 1366 2559 cantica
1398 2516 1441 2558 in
1474 2518 1635 2572 templo
1670 2521 1713 2561 et
1746 2518 1858 2560 domi
1892 2532 1992 2560 can—

229 2582 347 2630 tata,
392 2580 573 2622 Gelobet
613 2583 761 2634 seyest
794 2580 848 2621 du
880 2580 985 2622 Jesu
1018 2580 1161 2623 Christ
1200 2581 1277 2623 das
1319 2581 1374 2623 du
1415 2583 1591 2624 mensch
1631 2583 1821 2636 geboren
1862 2582 1947 2625 bist
1962 2584 1990 2625 5.

349 2707 362 2721 ³
389 2700 574 2735 Charitate
599 2702 720 2744 script.
865 2701 880 2722 ¹³
908 2702 967 2735 Sic
991 2703 1111 2746 script.
1124 2715 1138 2745 ,·
1172 2704 1231 2736 sect
1257 2708 1319 2737 ant
1345 2704 1401 2737 hic
1428 2705 1584 2749 pertinet
1609 2709 1672 2738 aut
1691 2706 1804 2748 paulo
1829 2707 1993 2749 sewerizcs

229 2753 413 2799 pertinens
440 2765 574 2799 qnoque
599 2755 781 2798 leyendzmt
806 2765 875 2788 esse
899 2755 1047 2789 videtur.

353 2869 359 2887 ¹
388 2866 472 2900 Luc.
502 2867 554 2907 19,
580 2867 732 2900 41—47.
831 2866 844 2886 2
870 2866 918 2900 Io.
949 2866 1001 2907 12,
1028 2866 1178 2901 24—26.

349 2920 361 2940 3
387 2919 456 2954 Sic.
500 2920 552 2954 Cf.
581 2919 669 2954 Gen.
696 2919 727 2960 3,
757 2919 816 2959 193
848 2919 901 2960 18,
927 2919 983 2953 27.
1026 2919 1135 2953 Eccli.
1165 2920 1218 2960 17,
1246 2920 1288 2953 31
1317 2923 1384 2954 etc.

348 2975 361 2993 ⁴
387 2972 540 3007 Gothica
564 2972 627 3006 illa
653 2972 791 3013 altaria,
819 2983 910 3016 quae
938 2971 1072 3014 „alata“
1096 2971 1372 3017 (Fliigelaltare)
1394 2984 1574 3015 vocamus,
1603 2972 1768 3008 Canisius
1785 2972 1989 3016 significare

229 3025 384 3060 videtur.

349 3080 362 3098 ⁵
388 3078 575 3113 Canticum
600 3078 668 3113 hoc
692 3078 812 3123 posuit
833 3077 991 3123 (praeter
1009 3078 1113 3121 alios)
1135 3079 1226 3112 Phil.
1246 3080 1507 3124 Wackernagel,
1533 3079 1608 3113 Das
1626 3078 1799 3114 deutsche
1816 3078 1988 3112 Kirchen—

229 3131 300 3165 lied
328 3143 397 3166 von
423 3132 485 3166 der
511 3132 666 3166 altesten
692 3132 768 3165 Zeit
793 3131 848 3165 bis
873 3142 916 3165 zu
945 3131 1088 3174 Anfang
1114 3131 1176 3165 des
1202 3131 1315 3165 XVII.
1342 3132 1606 3166 Jahrhunderts
1632 3132 1665 3166 II
1692 3132 1852 3176 (Leipzig
1873 3131 1991 3174 1867),

231 3183 319 3224 7033
354 3184 387 3218 V
414 3184 577 3229 (Leipzig
607 3184 733 3227 1877),
761 3184 959 3218 931—941.
1011 3183 1147 3225 Quibus
1183 3187 1302 3218 autem
1339 3185 1491 3219 modulis
1527 3187 1712 3219 cantatum
1746 3184 1812 3227 sit,
1851 3184 1991 3229 quando

2091 500 2093 570 l
