2093 3444
399 189 480 223 513.
517 189 670 222 Ioannes
697 189 739 223 de
766 188 921 223 Polanco
950 187 1103 222 Canisio.
1146 188 1262 222 Roma
1288 188 1345 222 25.
1372 188 1528 222 Ianuarii
1557 188 1657 223 1561.
1859 191 1913 232 27

257 307 402 361 Hoggi
436 307 471 348 si
506 308 528 348 e
561 306 759 349 riceuuta
792 307 935 360 quella
977 307 1018 348 di
1062 307 1112 349 V.
1147 307 1199 349 R.
1243 306 1285 348 di
1328 308 1411 348 .11.
1457 306 1524 347 del
1567 308 1770 360 presente
1806 341 1812 349 .
1847 306 1912 347 in-

138 372 271 415 sieme
314 387 394 414 con
435 371 464 413 li
506 371 615 414 anisi
658 372 769 413 delle
812 386 910 414 cose
953 371 994 413 di
1038 371 1303 414 Germanial
1348 371 1449 413 delli
1487 371 1621 424 qualli
1665 372 1785 413 uolse
1827 386 1913 414 una

139 438 262 493 copia
317 437 347 479 il
395 437 596 479 Cardinal
649 437 689 478 di
738 438 910 490 Agusta
960 451 1037 491 per
1087 440 1277 479 mostrar
1334 437 1375 478 al
1426 437 1558 491 Papa.
1632 436 1713 478 Dio
1762 436 1817 480 N.
1870 437 1911 480 S.

137 503 203 546 usi
244 502 540 545 misericordia
584 517 709 544 uerso
756 502 887 555 quelli
931 502 1076 556 paessi
1121 503 1198 544 che
1245 503 1397 544 dentro
1443 504 1488 544 et
1528 502 1654 544 fuora
1697 502 1732 543 ci
1777 516 1912 543 sonno

139 568 345 621 trauagli.

261 639 341 682 Gia
373 639 408 680 si
440 639 579 681 hebbe
612 639 681 681 dal
715 639 835 692 Papa
869 639 967 691 quel
1001 639 1078 681 che
1111 639 1147 681 si
1179 639 1402 681 ricerca-ua
1444 638 1557 681 circa
1590 639 1821 680 dellectum
1855 638 1914 680 ci-

139 705 291 747 borum
324 718 403 746 con
444 704 608 746 faculta
642 703 684 745 di
717 703 972 745 reconciliar
1004 704 1246 758 Apostatas
1287 719 1313 746 a
1345 705 1428 746 fide
1461 704 1694 746 redeuntes
1732 704 1786 745 ad
1818 718 1914 757 gre-

140 770 273 812 mium
306 770 551 820 Ecclesiae,
586 783 706 811 come
739 769 774 810 si
807 769 967 811 uedera
998 784 1075 824 per
1106 769 1137 811 il
1169 769 1322 812 scritto
1336 771 1364 812 2.
1429 769 1652 812 Domando
1686 769 1740 811 N.
1775 769 1914 811 Padre

139 836 183 878 la
214 835 445 877 reducione
488 835 530 876 di
563 835 662 888 quel
694 833 847 876 Jndice
891 835 991 876 delli
1024 834 1121 876 libri
1163 835 1366 889 prohibiti
1401 835 1456 876 ad
1493 835 1560 876 ius
1594 836 1827 885 comune3,
1871 837 1917 876 et

140 901 172 943 il
203 915 318 955 papa
360 900 395 942 si
428 903 592 943 mostro
635 901 715 941 ben
756 899 964 942 inclinato
1008 914 1033 942 a
1075 900 1208 951 farlo,
1252 915 1324 942 ma
1363 900 1477 942 disse
1519 900 1675 942 uoleua
1712 900 1780 941 far
1814 914 1915 941 con-

141 965 403 1020 gregacione
436 980 567 1020 sopra
609 965 672 1007 cio
715 965 831 1007 nella
873 965 999 1018 quale
1032 965 1321 1008 interuenessi
1352 966 1407 1008 N.
1442 966 1605 1016 Padre,
1649 979 1768 1007 come
1803 965 1914 1007 altro

142 1032 375 1074 haueremo
409 1031 445 1072 si
477 1031 583 1073 dara
616 1030 748 1073 auiso.

266 1120 579 1161 Colonfiensz‘bus
614 1119 749 1160 denuo
782 1120 1005 1173 scribetur,
1048 1125 1093 1161 ut
1118 1121 1348 1174 pecuniam
1390 1121 1506 1162 illam
1546 1119 1665 1162 nobis
1703 1121 1915 1161 mittanffl.

263 1203 311 1244 P.
343 1202 622 1244 Hermamzus
654 1200 929 1257 [Thyraeus]
959 1202 1148 1244 Treveris
1185 1204 1224 1244 in
1252 1204 1531 1244 Germaniam
1563 1203 1821 1257 superiorem
1856 1216 1917 1242 re-

145 1269 373 1309 mittendus
407 1273 475 1309 est.

264 1453 379 1488 Hodie
406 1453 447 1487 R.
474 1453 517 1488 V.
545 1453 689 1487 litterae
717 1453 772 1487 die
801 1453 855 1487 11.
882 1453 989 1487 huius
1024 1454 1159 1487 mensis
1186 1453 1290 1487 datae
1326 1453 1427 1487 nobis
1463 1452 1596 1486 allatae
1631 1454 1715 1486 sunt
1741 1464 1812 1486 una
1838 1463 1919 1486 cum

145 1507 318 1542 relatione
345 1507 388 1541 de
415 1507 521 1541 rebus
540 1507 753 1542 Germaniae.
779 1506 960 1551 scripta¹;
987 1506 1088 1541 cuius
1113 1506 1305 1541 cardinalis
1324 1507 1561 1550 Augustanus
1580 1506 1685 1551 petiit
1703 1505 1919 1550 exemplum,

146 1561 239 1606 quod
266 1572 405 1595 summo
423 1560 585 1606 pontifici
612 1560 828 1595 ostenderet.
868 1560 964 1594 Deus
991 1563 1027 1594 et
1053 1560 1218 1595 dominus
1244 1563 1366 1594 noster
1391 1560 1658 1594 misericordem
1685 1571 1723 1594 se
1750 1559 1922 1605 praebeat

147 1626 235 1659 erga
260 1616 378 1649 terras
404 1614 505 1656 istas,
533 1625 624 1658 quae
651 1616 688 1648 et
713 1613 863 1648 internis
891 1616 927 1647 et
954 1614 1114 1648 externis
1141 1614 1408 1648 calamitatibus
1435 1615 1656 1658 premuntur.

267 1674 323 1708 Ex
347 1674 501 1719 scripto,
529 1674 623 1718 quod
650 1673 854 1719 accipietis,
890 1673 1130 1717 intellegetis,
1156 1686 1221 1708 nos
1248 1686 1268 1707 a
1294 1686 1433 1708 summo
1459 1673 1647 1718 pontifice,
1675 1684 1767 1717 quae
1794 1673 1836 1706 de
1863 1672 1920 1706 de·

147 1728 244 1763 lectu
271 1728 431 1763 ciborum
457 1728 689 1773 petieramus,
716 1728 786 1761 iam
814 1727 1028 1772 impetrasse
1056 1739 1135 1762 cum
1162 1728 1337 1762 facultate
1364 1739 1435 1768 eos,
1463 1727 1522 1772 qui
1549 1739 1569 1761 a
1595 1727 1665 1761 fide
1692 1726 1919 1767 defecissent,

146 1782 178 1816 si
204 1782 248 1816 ad
274 1781 451 1825 gremium
478 1781 653 1815 ecclesiae
681 1781 849 1822 redirent,
877 1781 990 1815 eidem
1017 1781 1269 1815 reconciliandi
1281 1782 1304 1815 2.
1345 1781 1434 1815 Cum
1460 1783 1563 1826 pater
1587 1783 1721 1822 noster,
1748 1782 1788 1814 ut
1814 1779 1922 1813 index

148 1836 208 1870 ille
234 1835 408 1870 librorum
435 1835 695 1880 prohibitorum
723 1835 766 1868 ad
794 1835 849 1869 ius
877 1846 1064 1869 commune
1089 1835 1322 1869 reduceretur
1334 1836 1356 1876 3,
1384 1834 1546 1880 petisset,
1573 1834 1736 1879 pontifex
1763 1833 1920 1867 animum

147 1889 293 1934 quidem
319 1888 363 1923 ad
390 1889 425 1922 id
452 1888 680 1922 efficiendum
707 1889 797 1922 satis
824 1899 1041 1933 propensum
1067 1900 1152 1933 prae
1179 1900 1217 1922 se
1243 1888 1342 1930 tulit,
1370 1888 1432 1922 sed
1460 1888 1542 1922 huic
1567 1888 1619 1921 rei
1644 1887 1856 1921 tractandae
1882 1897 1921 1919 se

147 1942 397 1977 instituturum
417 1942 744 1986 congregationem,
773 1943 829 1976 cui
849 1944 951 1987 pater
969 1944 1091 1976 noster
1110 1942 1313 1983 interesset,
1341 1942 1443 1976 dixit.
1479 1942 1549 1976 Ubi
1568 1943 1687 1975 autem
1706 1941 1810 1986 plura
1829 1951 1920 1974 com-

147 1996 358 2041 pererimus,
385 1996 429 2030 ad
458 2007 521 2029 vos
547 1995 757 2030 referemus.

268 2061 536 2095 Coloniensibus
560 2061 657 2105 [etc.,
683 2065 723 2094 ut
747 2061 892 2104 supra]

267 2126 306 2160 P.
333 2127 567 2160 Hern'zawms
591 2125 686 2169 [etc.,
716 2130 751 2158 ut
776 2125 922 2168 schraJ.

271 2263 281 2283 ¹
310 2262 412 2297 Hanc
438 2262 651 2296 relationem
679 2263 760 2296 vide
788 2274 897 2307 supra
924 2275 956 2308 p.
987 2263 1138 2297 11-12.
1188 2262 1397 2297 Familiares
1429 2264 1549 2297 autem
1584 2262 1669 2297 illae
1697 2261 1832 2296 Canisii
1863 2261 1920 2295 lit-

150 2317 250 2350 terae
277 2316 414 2361 perisse
441 2316 620 2350 videntur.

271 2370 285 2390 ²
312 2370 364 2404 Cf.
394 2370 501 2412 infra,
530 2370 677 2404 Polanci
703 2370 846 2404 litteras
874 2370 927 2404 11.
955 2369 1079 2403 Martii
1107 2370 1194 2404 1561
1225 2370 1268 2404 ad
1297 2369 1481 2404 canisium
1506 2370 1621 2404 datas.

271 2423 285 2443 ³
311 2425 487 2458 Pozancus
512 2423 654 2457 nomine
680 2422 795 2457 Lainii
822 2423 935 2457 Roma
964 2424 1017 2457 16.
1046 2422 1231 2457 Februarii
1260 2423 1347 2458 1561
1376 2423 1415 2457 P.
1443 2423 1662 2469 Hieronymo
1688 2422 1812 2457 Natali
1835 2422 1868 2457 S.
1888 2423 1921 2457 J.

152 2476 195 2511 de
221 2477 345 2512 eodem
363 2476 486 2511 Lainio
512 2477 677 2522 scripsit:
708 2476 836 2519 „Estos
863 2476 941 2510 dias
966 2475 1074 2510 hablo
1101 2478 1247 2510 nuestro
1264 2477 1381 2511 Padre
1407 2476 1442 2511 al
1460 2488 1552 2522 papa
1569 2478 1674 2511 sobre
1693 2477 1726 2511 el
1744 2477 1860 2511 indice
1879 2477 1922 2510 de

150 2530 204 2565 los
230 2531 341 2565 libros
366 2530 583 2576 prohibidos,
611 2542 675 2564 con
703 2541 772 2574 que
798 2541 837 2563 se
863 2529 1062 2564 enlazauan
1083 2530 1232 2564 muchas
1251 2530 1390 2564 animas
1407 2542 1431 2575 y
1450 2542 1559 2575 pocas
1577 2542 1616 2564 se
1634 2530 1922 2576 aprouechauan,

151 2584 410 2630 specialmente
435 2584 538 2618 fuera
565 2584 607 2618 de
633 2583 757 2618 Italia“
789 2583 991 2628 (Epistolae
1016 2583 1055 2617 P.
1075 2584 1197 2617 Nadaz
1216 2584 1241 2625 I,
1267 2583 1345 2625 388,
1372 2596 1406 2618 n.
1425 2584 1475 2628 2).
1514 2585 1723 2628 Onnphrius
1748 2584 1808 2617 ille
1829 2585 1923 2618 Pan-

155 2639 270 2672 vim’us
288 2637 329 2672 O.
351 2637 409 2673 Er.
429 2636 463 2671 S.
483 2638 589 2681 Aug„
615 2649 736 2671 rerum
762 2648 991 2671 romanarum
1018 2637 1271 2682 peritissimus,
1299 2649 1329 2671 a.
1351 2637 1442 2671 1562
1468 2639 1625 2672 testatus
1645 2640 1710 2679 est,
1738 2638 1841 2671 Pium
1860 2637 1921 2671 IV.

151 2691 285 2733 multa,
312 2702 404 2735 quae
429 2690 567 2725 Paulus
592 2690 654 2725 IV.
687 2693 850 2735 „praeter
874 2690 1043 2734 vulgatos
1071 2690 1347 2725 Ecclesiasticos
1373 2702 1546 2731 canones,
1582 2693 1619 2725 et
1644 2692 1715 2725 iam
1741 2692 1921 2735 receptam

154 2756 175 2779 a
199 2744 444 2790 superioribus
462 2743 697 2778 Pontificibus
723 2744 1037 2778 consuetudinem“
1068 2745 1172 2778 novis
1189 2744 1331 2787 legibus
1349 2744 1549 2787 statuisset,
1576 2744 1621 2778 ad
1652 2744 1869 2786 ⁷,communis
1888 2745 1925 2777 et

153 2798 319 2843 vsurpati
345 2797 434 2832 iuris
459 2797 632 2832 rationem
663 2825 669 2831 .
698 2825 705 2831 .
734 2825 740 2831 .
769 2797 942 2842 paulatim
977 2799 1188 2832 reuocasse“
1223 2798 1324 2843 (Bap.
1353 2798 1520 2832 Platinae
1554 2809 1644 2843 opus
1680 2798 1723 2831 de
1758 2797 1843 2831 vitis
1881 2808 1923 2831 ac

154 2851 269 2895 gestis
305 2851 531 2885 Summorum
565 2851 815 2885 Pontificum.
845 2878 851 2884 .
881 2879 887 2885 .
927 2851 1142 2896 locupletius
1176 2851 1355 2885 redditum
1391 2850 1574 2895 [Coloniae
1612 2850 1716 2895 1562]
1753 2862 1786 2895 p.
1823 2850 1922 2893 341).

155 2904 269 2946 Quam
295 2904 482 2946 rationem,
510 2908 684 2948 quantum
712 2904 756 2938 ad
782 2904 954 2938 librorum
982 2904 1175 2938 editionem
1200 2905 1463 2949 lectionemque
1489 2904 1688 2949 spectabat,
1715 2915 1755 2938 eo
1780 2903 1923 2948 quidem

154 2961 316 3004 tempore
342 2958 418 2992 fere
437 2957 701 2993 Constitutione
729 2957 869 2992 concilii
895 2957 1135 2992 lateranensis
1162 2958 1277 3002 quinti
1298 2958 1408 3002 (Acta
1428 2958 1677 2998 Conciliorum,
1704 2958 1757 2991 ed.
1778 2959 1805 2991 Ι.
1826 2958 1923 2991 Har-

155 3014 290 3047 dumus
325 3012 358 3047 S.
386 3012 418 3047 J.
454 3011 504 3045 IX
541 3011 708 3056 [Parisiis
735 3010 859 3055 1714],
900 3011 1155 3052 1779—1781;
1190 3013 1399 3048 Bullarimn
1423 3013 1625 3045 Romanum
1651 3011 1684 3044 V
1720 3010 1923 3054 [Augustae

155 3066 392 3100 Taurinorum
421 3064 547 3110 18601,
583 3065 785 3108 623—624)
816 3067 852 3099 et
876 3064 983 3099 Bulla
1010 3064 1168 3106 Coenae,
1203 3067 1310 3110 prout
1336 3077 1357 3099 a
1381 3064 1495 3099 Paulo
1520 3065 1583 3099 III.
1611 3064 1834 3098 conformata
1868 3065 1924 3098 est

159 3119 257 3164 (vide
287 3121 372 3154 Can.
399 3119 488 3164 Epp.
516 3119 542 3159 Ι,
569 3119 637 3154 309
648 3119 689 3160 ³),
716 3129 926 3164 expressam
951 3118 1064 3152 fuisse
1090 3118 1225 3163 opinor.

277 3174 290 3193 4
315 3173 408 3208 Vide
435 3183 545 3217 supra
571 3184 604 3217 p.
632 3172 663 3206 7.
694 3173 747 3206 16.
777 3172 830 3206 18.
858 3171 914 3206 25.
