2093 3444
183 212 342 247 Monum.
373 212 548 257 (august.)
578 214 659 249 230.
689 214 778 258 (Sub
804 215 881 251 init.
907 228 953 250 m.
980 217 1087 251 Mart.
1117 217 1235 261 1561.)
1264 218 1344 252 231.
1376 218 1440 263 (Μ.
1468 219 1552 264 Apr.
1583 219 1702 263 1561.)
1760 221 1842 263 591

191 329 240 371 P.
287 329 469 371 Ioannes
515 331 566 372 dc
610 331 793 374 Polanco
839 334 881 375 S.
927 335 969 376 J.
1019 337 1187 377 nomine
1230 336 1373 377 Iacobi
1417 337 1569 378 Lciiiziz'
1610 339 1846 392 praepositi

70 395 282 450 yeneralis
314 395 450 437 Roma
492 397 532 437 3.
567 396 721 437 Martii·
764 399 875 439 1561
924 399 983 438 acl
1015 399 1062 440 P.
1097 400 1406 455 Hieronymum
1438 401 1657 455 Natalem,
1704 403 1845 443 visita-

76 465 204 502 torem
237 460 280 502 S.
313 459 356 501 J.
391 461 436 501 'in
471 460 691 515 Hispania
723 467 972 516 versantem,
1006 464 1119 517 hacc,
1150 470 1322 519 praeter
1354 467 1455 519 alia,
1490 468 1683 521 scripsit:
1714 466 1846 509 Estos

76 525 170 566 dias
203 524 302 566 uino
337 524 440 577 aqui
469 538 611 566 nueua
645 526 696 566 de
738 540 795 566 un
836 527 1093 580 predicador
1137 543 1219 582 que
1261 529 1382 572 dizen
1425 545 1500 572 era
1539 531 1749 585 principa]
1793 546 1844 574 en

73 589 288 642 Augusta,
321 604 351 643 y
373 603 419 631 se
452 589 553 631 auia
576 590 826 632 conuertido
861 606 913 633 en
946 607 1001 633 un
1026 596 1198 635 sermon
1221 595 1290 636 del
1312 595 1527 646 Canissio;
1561 611 1590 650 y
1612 597 1845 651 recocijose

72 658 198 698 tanto
232 655 270 696 el
303 669 430 709 papa,
466 669 548 708 que
571 655 672 696 dixo
707 670 830 697 cosas
862 658 1051 709 grandes
1085 659 1137 700 de
1169 660 1210 701 lo
1234 674 1316 713 que
1350 662 1500 714 queria
1531 661 1661 704 hazer
1693 676 1772 716 por
1802 662 1845 704 la

74 720 332 774 Compaffia,
380 723 542 773 quanto
586 721 611 762 a
653 720 824 773 gracias
867 722 1116 776 spirituales
1151 760 1158 766 .
1193 725 1399 767 Hemosle
1445 726 1554 768 dado
1600 741 1686 769 una
1729 727 1844 777 11313,

74 785 384 840 specialmente
427 785 479 827 de
521 799 645 827 cosas
679 799 760 838 que
800 788 929 828 tocan
971 789 996 829 a
1028 787 1295 842 Alemagna,
1338 805 1367 844 y
1400 805 1498 834 creo
1540 806 1619 834 nos
1659 793 1700 834 lo
1743 806 1845 834 con-

77 850 234 893 cedera
265 851 406 904 luego.

195 932 325 967 Confer
349 944 459 978 supra·
485 945 518 978 p.
546 932 603 967 87.

896 1015 1016 1057 231.

740 1098 860 1135 Mense
886 1099 1008 1146 Aprili
1034 1110 1067 1137 a.
1094 1099 1180 1137 1561.

195 1183 249 1217 Ex
277 1182 486 1227 apographo
512 1182 658 1216 maioris
685 1182 812 1217 harum
838 1183 1040 1218 litterarum
1067 1185 1191 1229 partis,
1219 1186 1342 1220 eodem
1369 1187 1444 1220 fere
1462 1189 1622 1232 tempore
1641 1187 1676 1221 in
1695 1188 1845 1231 collegio

75 1236 109 1272 S.
137 1237 168 1271 J.
197 1236 391 1270 coloniensi
418 1247 439 1270 a
464 1235 504 1270 P.
531 1237 724 1270 Leonem-do
750 1238 872 1270 Kessel
897 1240 1036 1271 rectore
1063 1239 1196 1283 scripto
1224 1240 1259 1272 et
1285 1239 1337 1273 sic
1369 1239 1560 1285 inscripto:
1602 1243 1723 1285 „pater
1749 1242 1846 1276 Guil-

73 1290 215 1324 helmus
242 1290 396 1324 Elderen
422 1290 466 1324 27
495 1289 663 1334 Aprilis“.
716 1290 875 1324 Litteras
910 1291 976 1325 has
1012 1303 1043 1325 a.
1073 1292 1160 1325 1561
1200 1292 1303 1327 datas
1339 1304 1418 1326 esse
1446 1296 1481 1327 et
1506 1305 1584 1335 res,
1624 1306 1715 1338 quae
1742 1295 1777 1328 in
1803 1295 1847 1329 iis

74 1345 277 1386 narrantur,
304 1346 341 1378 et
366 1343 477 1385 10033,
505 1355 574 1387 quo
600 1343 667 1377 hoc
693 1344 941 1389 apographum
967 1344 1006 1378 in·
1022 1345 1177 1378 Kesselii
1196 1345 1316 1380 codice
1335 1346 1488 1391 positum
1509 1349 1574 1388 est,
1601 1349 1846 1383 manifestant.

76 1397 159 1432 Cod.
188 1397 299 1432 colon.
332 1397 476 1439 „Kess.“
506 1397 531 1431 f.
559 1397 745 1431 88¹³—892
773 1396 824 1441 (in
852 1409 883 1431 a.
913 1398 999 1431 1561
1030 1398 1054 1432 f.
1081 1398 1289 1442 QOb—212).

194 1450 343 1485 Litteris
368 1450 468 1484 hisce
494 1460 583 1485 usus
609 1452 666 1484 est
691 1452 840 1484 Hansen
865 1450 888 1484 1.
917 1463 945 1484 0.
974 1463 1007 1495 p.
1035 1451 1135 1485 3812.

196 1523 377 1564 Auyustae
402 1523 506 1555 multi
531 1522 578 1555 ad
604 1523 780 1555 eeclesiam
806 1523 965 1566 reducti,
1000 1528 1223 1556 sacramenta
1255 1524 1502 1568 frequentata,
1539 1526 1704 1558 exercitia
1739 1525 1848 1568 spiri-

75 1576 192 1609 tualia
219 1577 323 1608 etiam
347 1576 555 1619 proceribus
581 1576 718 1608 tradita
744 1580 836 1609 sunt.
889 1576 998 1608 Multi
1023 1577 1173 1620 sinyulis
1199 1577 1426 1610 hebdomadis
1450 1578 1498 1610 ad
1521 1589 1662 1611 sacram
1694 1589 1846 1611 mensam

76 1630 256 1663 accedunt.
308 1625 545 1663 Protestantes
569 1630 739 1671 fremunt.
784 1630 822 1663 P.
852 1629 1079 1663 Sterordiccni
1105 1631 1290 1664 contiones.
1335 1631 1432 1664 Socii
1456 1633 1578 1675 mayni
1604 1632 1847 1665 aestimantur.

195 1713 244 1755 P.
291 1713 541 1755 Guilielmus
584 1714 771 1756 Eldcren
813 1714 856 1755 S.
899 1713 941 1755 J.
988 1715 1183 1768 Aityzcsta
1224 1714 1534 1756 Vindelicorum
1577 1716 1648 1756 27.
1682 1715 1848 1769 Apo-ilis

82 1779 196 1821 1561
231 1779 365 1821 Sociis
399 1779 704 1820 coloniensibus
737 1779 851 1830 haec,
882 1784 1052 1833 praeter
1085 1780 1186 1833 alio,
1220 1781 1412 1834 scripsit:

197 1860 426 1914 Augustae
458 1874 644 1902 messem
678 1860 976 1902 admirabilem
1008 1859 1126 1902 hisce
1158 1860 1404 1914 pascalibus
1437 1860 1589 1915 ferijs1
1620 1861 1848 1903 habuimus

76 1927 168 1968 Deo
202 1926 370 1979 gratia,
415 1928 458 1969 et
496 1926 643 1980 plures
680 1928 762 1968 100
805 1926 859 1967 ad
892 1925 1115 1967 Ecclesiae
1156 1925 1324 1968 reducti
1365 1928 1468 1968 sunt
1504 1926 1713 1980 gremium
1749 1962 1756 1969 .
1790 1927 1848 1969 Et

78 1994 284 2033 constans
316 1991 435 2033 fama
466 1991 535 2033 hic
568 1995 647 2042 est,
682 1991 935 2044 longissimo
968 1994 1165 2045 tempore
1196 1993 1264 2033 tot
1296 1993 1474 2044 tamque
1508 1991 1663 2034 deuote
1694 1991 1848 2034 Sacra-

76 2059 224 2099 menta
266 2056 551 2099 confessionis
593 2059 637 2099 et
679 2056 990 2098 communionis
1032 2054 1158 2110 [non]
1201 2056 1461 2098 accessisse²²
1494 2054 1555 2111 [P]
1597 2059 1728 2110 atque
1768 2057 1850 2099 hoc

77 2137 203 2165 anno,
254 2122 557 2164 Confessiones
580 2125 682 2164 sunt
704 2121 880 2164 auditae
907 2136 1068 2172 eorum,
1104 2121 1176 2174 qui
1197 2124 1293 2163 tota
1315 2121 1408 2163 vita
1440 2136 1525 2163 non
1549 2121 1735 2164 confessi
1770 2157 1776 2164 .

75 2187 211 2230 fuere.
276 2187 501 2230 Exercitia
546 2190 699 2230 nostra
741 2187 845 2229 data
886 2187 1008 2228 fuere
1052 2201 1139 2228 non
1180 2186 1344 2241 plebeis
1388 2187 1536 2237 modo,
1582 2187 1658 2229 sed
1701 2187 1848 2241 magni

76 2253 261 2295 nominis
294 2253 423 2301 viris,
466 2255 515 2296 vt
547 2253 784 2295 Comitibus
826 2255 869 2294 et
912 2252 1173 2295 0011111133132
1216 2251 1287 2305 qui
1329 2251 1625 2294 admirabilem
1669 2266 1725 2294 ex
1763 2252 1849 2294 illis

76 2318 268 2361 fructum
311 2318 575 2369 hauserunt,
620 2317 825 2372 permulti
871 2320 972 2359 sunt
1016 2317 1088 2371 qui
1130 2316 1392 2371 Septimanis
1436 2317 1618 2371 singulis
1662 2320 1706 2360 et
1747 2332 1848 2359 con-

77 2385 257 2426 fitentur
290 2386 334 2426 et
356 2398 528 2426 sacram
551 2383 739 2438 synaxin
769 2383 988 2437 accipiunt
1022 2397 1117 2424 cum
1141 2396 1289 2424 eorum
1312 2382 1606 2425 consolatione
1639 2386 1683 2426 et
1704 2382 1849 2425 fructu

77 2463 164 2491 non
197 2448 357 2502 exiguo
392 2484 400 2492 .
435 2449 626 2504 Crepant
656 2449 830 2490 interim
864 2448 1103 2502 aduersarij
1147 2450 1190 2489 et
1222 2447 1369 2489 ferunt
1402 2448 1636 2501 egerrime,
1678 2450 1848 2490 tantam

78 2528 134 2556 ex
166 2528 315 2556 eorum
347 2514 545 2557 faucibus
567 2515 775 2568 praedam
810 2513 929 2567 eripi,
964 2513 1040 2555 sed
1073 2513 1201 2566 quid
1233 2512 1344 2554 luci
1378 2513 1441 2554 ad
1473 2514 1761 2564 tenebras,
1797 2516 1850 2556 et

78 2579 301 2622 Christo
334 2579 398 2622 ad
429 2579 676 2622 Βο1131ἓ)3
724 2579 885 2621 Dicunt
916 2578 1015 2620 hinc
1048 2581 1211 2632 aperte,
1245 2578 1296 2620 D.
1321 2578 1538 2620 Canisium
1560 2578 1849 2621 hereticorum

79 2644 410 2687 concionatores
443 2644 583 2698 virgis
613 2645 894 2699 expulsurum
927 2644 1008 2685 hac
1042 2657 1064 2685 e
1092 2643 1290 2693 Ciuitate,
1326 2643 1396 2685 diu
1428 2643 1465 2685 si
1496 2643 1564 2685 hic
1596 2643 1847 2687 manserit4.

82 2745 89 2751 .
118 2745 124 2751 .
153 2745 159 2750 .
194 2709 246 2752 D.
281 2709 498 2751 Canisium
531 2708 781 2764 propediem
814 2709 1076 2762 Ingolstatio
1118 2709 1431 2763 expectamus5
1470 2708 1513 2750 in
1556 2708 1676 2750 cuius
1707 2709 1849 2750 locum

198 2826 212 2840 ²¹
239 2821 298 2854 Sic
323 2821 384 2863 K,·
409 2819 623 2864 accepisse?

202 2932 211 2951 ¹
244 2930 448 2973 „Dominica
474 2929 685 2963 Paschatis“
716 2930 748 2964 6.
775 2929 911 2974 Aprilis
936 2929 1066 2963 fuerat.

200 2984 214 3005 2
239 2984 267 3018 E
294 2983 421 3017 horum
456 2994 605 3017 numero
640 2982 791 3016 Iacobus
826 2994 945 3016 comes
981 2982 1023 3016 de
1049 2981 1226 3016 Montfort
1260 2984 1297 3015 et
1323 2981 1517 3016 Catharina
1552 2981 1737 3025 Fuggera,
1773 2982 1850 3017 eius

78 3050 179 3081 uxor,
207 3049 248 3072 ac
275 3036 415 3082 Sibylla
441 3036 626 3071 comitissa
652 3036 695 3070 de
720 3035 911 3070 Eberstein
938 3037 1060 3076 erant;
1088 3035 1170 3069 vide
1196 3046 1306 3080 supra
1331 3046 1364 3080 p.
1391 3035 1448 3070 20.
1476 3035 1531 3069 72.
1558 3035 1614 3069 81.
1644 3064 1651 3075 ,

201 3092 214 3112 ³
239 3091 260 3125 2
287 3090 365 3125 Cor.
394 3091 424 3132 6,
454 3089 508 3124 14.
538 3089 592 3124 15.
691 3090 704 3109 ⁴
731 3088 784 3123 Of.
813 3100 922 3134 supra
947 3100 981 3133 p.
1010 3089 1162 3123 74—75.

200 3146 213 3165 ⁵
240 3143 407 3179 Canisius
433 3144 589 3177 exeunte
615 3154 661 3176 m.
681 3142 798 3187 Aprili
823 3154 887 3187 per
911 3143 987 3176 tres
1013 3142 1089 3176 fere
1107 3141 1183 3176 dies
1203 3141 1417 3185 Ingolstadii
1434 3141 1471 3175 in
1489 3140 1679 3176 Societatis
1697 3141 1849 3186 collegio

79 3200 248 3233 versatus
274 3199 350 3239 est;
376 3196 459 3231 vide
485 3207 595 3242 supra
620 3207 655 3241 p.
684 3195 881 3230 132—133.
