2093 3444
201 162 288 202 314
488 158 567 193 636.
603 158 774 193 Nicolaus
801 158 957 193 Lanoius
982 158 1085 193 iussu
1111 157 1245 194 Canisii
1272 131 1457 205 Alphonso
1483 159 1693 197 Salmeroni.

198 277 378 331 general
411 276 641 319 visitatore
678 312 685 318 .
721 290 745 317 o
777 275 807 317 il
830 276 876 318 P.
911 278 1060 318 nostro
1085 276 1298 319 Generale
1330 279 1547 331 passando
1574 277 1690 320 forse
1723 277 1765 319 di
1787 278 1976 322 Ffranza
2039 267 2047 300 ³³

199 356 275 397 per
308 342 556 396 allemagna
578 341 824 396 imperoche
856 340 1009 382 alhora
1041 340 1076 382 si
1098 343 1314 395 potranno
1343 343 1502 396 meglio
1525 343 1751 386 intendere
1782 343 1813 385 li
1845 358 1975 398 argu-

197 407 333 450 menti
375 406 647 450 concorrenti
687 421 765 461 pro
809 409 853 449 et
894 408 1047 449 contra
1064 407 1092 450 1.
1155 406 1256 449 Non
1299 407 1336 449 ci
1377 408 1682 462 persuadiamo
1724 408 1802 450 che
1845 409 1976 462 quelli

197 472 434 515 academici
467 472 509 514 di
532 472 703 514 Vienna
725 486 943 513 vorranno
976 471 1063 513 mai
1086 471 1352 514 essaminare
1375 476 1420 516 et
1452 473 1556 516 dare
1583 473 1708 527 gradi
1731 473 1804 516 alli
1837 474 1976 518 nostri

197 553 283 580 non
315 538 514 580 hauendo
547 538 707 580 sentite
748 537 788 579 le
820 537 887 578 lor
918 536 1102 579 lettioni.
1166 537 1209 579 Jl
1251 538 1486 581 medesimo
1528 553 1613 581 non
1644 539 1788 581 hanno
1820 542 1975 594 potuto

197 604 433 658 impetrare
465 603 495 645 li
537 602 719 645 maestri
761 602 873 644 delle
905 602 1155 656 prouintie2
1195 617 1272 657 per
1312 602 1623 646 intercessione
1665 604 1869 647 etiamdio
1908 605 1977 647 del

197 669 262 711 Re
295 669 361 711 de'
386 669 462 711 Bo.
481 669 497 696 3
530 668 711 710 essendo
744 671 892 710 tamen
924 668 967 709 la
999 667 1065 710 lor
1097 681 1229 710 causa
1261 668 1333 722 piu
1366 668 1608 711 fauorabile
1640 683 1666 711 a
1697 669 1789 712 loro
1823 670 1901 712 0110
1932 671 1977 713 la
2050 720 2052 726 Ι

197 737 361 777 nostra.
425 734 550 788 Dopo
591 733 776 786 bisogna
818 732 859 775 di
891 733 1051 775 vedere
1093 733 1134 775 di
1174 736 1338 786 quanta
1378 734 1650 788 impert-anza
1690 737 1792 777 sara
1830 749 1976 778 essere

197 799 385 854 promoti
417 799 531 841 nelle
564 798 650 841 arti
681 798 711 840 li
743 798 882 842 nostri
913 798 956 840 in
991 798 1107 840 virtu
1140 799 1181 840 di
1215 799 1356 853 questi
1389 799 1604 854 priuilegij
1639 800 1845 843 concessi.
2035 796 2053 803 1

317 864 495 907 Pareria
527 864 718 906 anchora
758 865 901 906 buono
935 863 976 905 di
1009 878 1094 905 non
1127 864 1290 906 andare
1333 864 1476 907 inanzi
1517 866 1633 907 nella
1666 880 1768 908 casa
1801 866 1843 908 di
1875 880 1976 921 pro-

197 930 373 973 batione
405 930 518 972 insin
551 944 577 972 a
608 932 734 972 tanto
763 930 840 971 che
873 929 990 971 fosse
1022 932 1225 983 presente
1249 944 1333 972 vno
1357 944 1461 972 ouer
1492 930 1681 973 ambidoi
1713 931 1823 974 detti
1845 931 1977 974 Padri

199 996 412 1038 Generale
445 998 490 1039 et
523 995 785 1046 Visitatore,
828 994 985 1049 perche
1027 994 1054 1035 l’
1079 994 1172 1037 aria
1203 995 1277 1049 piu
1318 1010 1426 1038 sana
1467 995 1497 1037 il
1538 996 1667 1050 luogo
1706 996 1914 1050 megliore
1946 996 1977 1038 il

197 1061 310 1104 vitto
344 1060 386 1102 di
418 1075 573 1103 manco
606 1074 759 1114 prezzo
793 1062 837 1102 et
869 1060 911 1101 la
944 1059 1161 1110 ceruoisa‚
1196 1063 1238 1103 et
1272 1060 1314 1102 la
1346 1060 1545 1115 maggior
1578 1061 1724 1115 quiete
1755 1061 1798 1103 in
1832 1062 1977 1116 Praga

199 1126 278 1168 che
319 1141 404 1168 non
445 1126 489 1168 in
522 1126 692 1168 Vienna
725 1126 841 1167 forse
883 1125 1251 1179 persuaderianno
1294 1126 1371 1168 che
1410 1129 1565 1180 questa
1605 1141 1708 1170 casa
1749 1128 1785 1169 si
1818 1127 1977 1170 facessi

197 1191 271 1246 piu
303 1194 449 1246 presto
483 1191 526 1233 in
560 1192 706 1244 Praga
737 1192 819 1233 ben
852 1190 931 1232 che
963 1190 1340 1245 multiplicandose
1372 1192 1402 1233 li
1428 1192 1592 1247 Collegj
1625 1193 1669 1234 in
1701 1193 1843 1246 quelle
1875 1207 1976 1247 pro-

198 1257 354 1308 uintie‚
398 1256 571 1311 pareria
603 1256 848 1299 necessario
883 1255 961 1298 che
994 1256 1036 1297 in
1070 1256 1286 1311 ainbiduoj
1322 1260 1473 1311 queste
1512 1257 1643 1313 citadj
1676 1258 1843 1301 fossero
1877 1272 1976 1301 case

201 1322 253 1365 (10
284 1322 547 1377 probationj.

315 1388 370 1430 Jo
402 1388 457 1430 ho
490 1388 662 1443 parlato
696 1387 737 1429 al
771 1387 812 1429 S.
846 1386 1013 1440 Legato
1048 1387 1116 1429 del
1149 1388 1213 1430 Re
1247 1387 1288 1429 di
1310 1388 1491 1430 Polonia
1519 1389 1709 1432 Martino
1743 1389 1974 1432 Ohromero

198 1453 335 1496 amico
379 1454 492 1496 della
525 1452 792 1508 Compagnia
824 1455 975 1495 nostra
1018 1452 1132 1495 della
1173 1453 1495 1507 permutatione
1537 1454 1578 1496 di
1612 1454 1753 1509 Oybin
1784 1454 1829 1496 in
1861 1455 1978 1498 altra

196 1518 378 1569 intrata,
415 1522 459 1562 et
491 1519 548 1561 mi
582 1518 695 1560 disse
729 1517 806 1560 che
835 1518 869 1572 jl
892 1518 1083 1571 Collegio
1107 1518 1328 1572 Pragense
1361 1519 1504 1573 potria
1536 1520 1785 1562 facilmente
1817 1520 1977 1562 hauere

199 1657 401 1701 generalis,
438 1658 494 1692 vel
521 1660 625 1703 pater
658 1661 782 1692 noster
809 1658 1036 1703 praepositus
1071 1657 1271 1701 generalis,
1308 1658 1368 1702 qui
1394 1658 1550 1692 fortasse
1586 1670 1631 1693 ex
1658 1658 1777 1694 Gallia
1802 1671 1866 1704 per
1892 1658 1977 1694 Ger-

199 1712 356 1746 maniam
394 1711 582 1753 transibit,
622 1711 691 1746 huc
717 1711 901 1752 venerint;
937 1714 1022 1745 tunc
1059 1711 1151 1745 enim
1188 1712 1346 1746 rationes
1382 1711 1417 1745 in
1453 1714 1644 1756 utramque
1671 1714 1810 1757 partem
1848 1711 1978 1746 melius

200 1765 419 1799 considerari
446 1766 651 1810 poterunt¹.
701 1765 774 1799 Nos
801 1777 870 1798 non
897 1776 1088 1810 possumus
1114 1765 1330 1810 persuadere
1357 1765 1470 1806 nobis,
1497 1765 1723 1800 academicos
1749 1765 1830 1800 illos
1855 1765 1977 1800 vindo-

198 1818 375 1853 bonenses
409 1830 580 1863 umquam
615 1818 673 1852 vel
710 1820 932 1859 nostrorum,
972 1818 1032 1863 qui
1068 1819 1226 1864 ipsorum
1265 1818 1410 1853 scholas
1447 1830 1517 1852 non
1552 1819 1750 1860 audierint,
1789 1818 1977 1853 scientiam

198 1874 401 1907 tentaturos
428 1872 486 1906 vel
513 1872 648 1916 gradus
674 1871 719 1906 iis
745 1871 940 1906 collaturos
967 1884 1057 1906 esse.
1098 1872 1195 1906 Idem
1223 1871 1487 1917 provinciarum
1515 1872 1680 1916 magistri
1695 1872 1718 1914 ²,
1746 1872 1854 1906 etiam
1880 1872 1978 1915 regis

200 1924 464 1960 ΒοΙιο11101-111113
498 1925 665 1970 precibus
692 1925 932 1970 interpositis,
972 1925 1109 1959 frustra
1135 1926 1253 1960 conati
1289 1927 1374 1959 sunt
1400 1925 1612 1970 impetrare,
1648 1926 1815 1970 quamvis
1850 1925 1976 1960 horum

199 1989 308 2013 causa
335 1978 423 2024 ipsis
450 1979 665 2013 commodior
691 1979 994 2024 opportuniorque
1018 1981 1115 2013 03301
1141 1990 1248 2023 quam
1274 1981 1406 2013 nostra.
1458 1978 1594 2013 Deinde
1614 1979 1800 2013 videamus
1827 1981 1976 2024 oportet,

198 2031 323 2077 quanti
349 2032 520 2066 momenti
538 2033 698 2066 futurum
717 2032 775 2073 sit,
802 2034 944 2067 nostros
970 2032 1005 2066 in
1024 2032 1162 2067 artibus
1180 2032 1390 2067 liberalibus
1415 2044 1460 2066 ex
1479 2032 1680 2078 privilegiis
1705 2033 1756 2067 ita
1774 2033 1977 2077 impetratis

200 2085 244 2120 ad
270 2086 405 2129 gradus
432 2086 645 2131 promoveri.

320 2139 520 2173 Convenire
547 2139 654 2173 etiam
682 2138 826 2173 videtur
850 2150 916 2173 nos
942 2138 978 2172 in
1004 2139 1068 2179 iis,
1096 2150 1186 2183 quae
1213 2139 1257 2173 ad
1285 2139 1428 2173 domum
1455 2139 1676 2184 probationis
1702 2141 1879 2185 spectant,
1905 2150 1975 2174 non

197 2193 381 2238 progredi,
416 2195 612 2237 antequam
648 2192 707 2227 vel
732 2192 825 2226 alter
851 2204 869 2226 e
896 2192 1059 2237 patribus
1086 2193 1158 2227 illis
1185 2193 1241 2227 vel
1270 2195 1422 2237 uterque
1448 2192 1563 2227 adsit:
1599 2193 1849 2238 praepositus,
1885 2192 1974 2235 dico,

197 2245 378 2290 generalis
404 2248 440 2280 et
466 2246 655 2287 visitator;
681 2245 774 2290 quod
802 2245 895 2280 enim
923 2248 959 2280 et
985 2250 1046 2280 a'cr
1072 2245 1213 2290 Pragae
1239 2246 1418 2281 salubrior
1444 2248 1500 2280 est
1526 2257 1634 2290 quam
1660 2246 1912 2287 Vindobonae,
1940 2248 1977 2280 et

196 2300 297 2334 locus
322 2299 448 2334 melior
483 2302 520 2334 et
545 2300 665 2334 victus
691 2299 837 2334 minoris
864 2299 990 2344 pretii,
1029 2299 1194 2344 quodque
1230 2299 1406 2334 cerevisia
1440 2299 1515 2334 illic
1542 2301 1685 2345 praesto
1711 2301 1768 2334 est
1801 2301 1838 2334 et
1862 2299 1976 2334 maior

198 2355 254 2388 est
271 2353 529 2397 tranquillitas,
556 2353 591 2388 id
609 2353 766 2388 fortasse
785 2352 922 2387 valebit
947 2353 992 2387 ad
1012 2353 1309 2398 persuadendum,
1338 2355 1377 2387 ut
1394 2353 1520 2388 domus
1539 2353 1601 2387 illa
1619 2353 1738 2398 potius
1762 2352 1975 2387 instituatur

197 2405 359 2450 Pragae3
395 2417 633 2450 quamquam,
661 2417 742 2440 cum
769 2406 1002 2449 collegiorum
1029 2418 1200 2441 numerus
1227 2407 1261 2440 in
1288 2406 1485 2451 provinciis
1511 2406 1583 2441 illis
1609 2409 1737 2441 auctus
1763 2406 1849 2447 erit,
1885 2417 1975 2451 opus

196 2459 273 2494 fore
299 2459 453 2501 videtur,
480 2460 516 2494 in
542 2462 696 2504 utraque
723 2459 810 2494 urbe
837 2460 981 2494 domum
1008 2460 1229 2505 probationis
1255 2461 1410 2495 exstare.

317 2512 467 2547 Domino
493 2512 649 2547 Martino
676 2513 863 2554 Crnmero,
899 2513 996 2557 regis
1023 2514 1192 2548 Poloniae
1218 2514 1351 2548 oratori
1387 2515 1423 2547 et
1449 2512 1641 2548 Societatis
1675 2515 1821 2547 nostrae
1847 2512 1972 2555 amico,

197 2566 240 2601 de
266 2565 395 2601 Oibino
431 2578 511 2601 cum
537 2566 652 2600 altero
676 2566 794 2600 reditu
820 2567 1072 2601 commutando
1098 2567 1240 2601 locutus
1276 2578 1375 2608 sum;
1411 2567 1472 2611 qui
1505 2566 1590 2600 mihi
1617 2566 1728 2608 dixit,
1762 2565 1869 2601 facile
1894 2565 1973 2600 fieri

196 2631 321 2665 posse,
358 2622 398 2654 ut
423 2620 510 2654 stati
536 2620 673 2654 reditus
699 2620 888 2654 civitatum
918 2621 1022 2664 regni
1048 2620 1199 2663 collegio
1225 2620 1396 2665 pragensi
1422 2620 1652 2661 obvenirent,
1688 2619 1876 2654 dnmmodo
1903 2618 1972 2654 col-

320 2720 329 2739 ¹
356 2719 409 2753 De
436 2719 631 2754 eorundem
657 2720 950 2765 privilegiorum,
979 2720 1033 2754 19.
1060 2720 1219 2763 Augusti
1247 2721 1335 2755 1561
1364 2731 1385 2754 a
1411 2719 1477 2754 Pio
1503 2720 1564 2755 IV.
1592 2731 1845 2755 concessorum
1872 2719 1972 2763 (vide

196 2783 307 2817 supra
333 2784 367 2817 p.
394 2772 492 2817 306),
519 2784 588 2807 usu
614 2773 652 2807 P.
681 2774 925 2817 Hieronynms
949 2774 1093 2807 Natalis
1120 2775 1150 2808 1.
1178 2773 1363 2807 Februarii
1391 2773 1494 2815 1562,
1521 2784 1602 2808 cum
1628 2773 1820 2808 Societatis
1845 2772 1971 2807 visita·

197 2828 310 2860 torem
336 2826 372 2859 in
390 2825 567 2871 Hispania
593 2828 630 2861 et
646 2825 834 2861 Lusitania
860 2828 996 2870 ageret,
1023 2826 1171 2861 statuit:
1203 2826 1360 2869 „Podese
1386 2838 1471 2860 uero
1498 2837 1567 2870 que
1585 2826 1746 2861 suauiter
1771 2837 1810 2861 se
1836 2826 1971 2871 podera

196 2879 306 2919 fazer,
333 2891 351 2913 e
377 2879 431 2913 asi
457 2890 496 2914 se
522 2880 614 2925 faca,
642 2891 660 2914 e
686 2891 765 2914 00111
791 2879 1020 2925 contradicao
1045 2891 1128 2914 nom
1154 2891 1194 2914 se
1220 2880 1300 2925 saca
1327 2891 1436 2914 cousa
1461 2879 1590 2921 nehfia,
1629 2882 1738 2914 senao
1765 2879 1809 2913 do
1835 2890 1904 2923 que
1931 2889 1970 2913 se

198 2932 346 2977 offrecer
371 2932 508 2967 auisem
535 2944 577 2967 ao
602 2932 720 2967 Padre
745 2932 864 2976 geral“
899 2932 1099 2978 (Epistolae
1125 2933 1165 2966 P.
1191 2933 1314 2966 Nadal
1337 2933 1362 2974 I,
1390 2932 1486 2976 631).
1524 2932 1692 2967 Ceterum
1718 2932 1851 2974 confer,
1877 2943 1970 2976 quae

198 2985 317 3030 posita
342 2988 428 3020 sunt
452 2997 562 3031 supra
587 2998 622 3032 p.
651 2987 729 3021 144.

318 3038 332 3059 ²
356 3039 545 3083 Magistri,
584 3040 646 3084 qui
680 3039 717 3073 in
752 3039 893 3084 Styria,
930 3038 1136 3081 Carinthia,
1172 3038 1358 3081 Carniola,
1394 3039 1544 3074 Austria
1578 3050 1687 3084 supra
1723 3038 1874 3073 Anisum
1900 3040 1968 3073 etc.

197 3091 342 3126 scholas
366 3092 552 3136 regebant.

319 3145 332 3165 ⁸
357 3144 513 3180 Lanoius
537 3145 826 3179 Maximilianum
852 3145 896 3180 ΙΙ.
922 3145 1116 3190 significat.
