2093 3444
488 225 645 259 Monuni.
675 223 909 267 (augustana)
937 224 1017 258 255.
1047 224 1093 267 (2.
1121 224 1306 258 Februarii
1333 224 1452 267 1562.)
1765 226 1847 267 637

85 344 180 398 quis
221 342 446 396 sectarijsa
479 341 540 396 [P]
584 341 750 392 hausit,
798 341 910 383 510111
951 341 1092 383 5010111
1133 342 1308 395 sectarij
1350 341 1534 383 libenter
1571 341 1729 383 facere.
1793 342 1852 384 Et

83 422 294 464 ponamus
317 421 412 449 esse
434 407 599 461 scripta
622 407 848 460 quaedam,
883 406 994 449 sicut
1016 406 1109 460 ipse
1132 406 1314 448 alicubib
1347 409 1542 456 annotat,
1577 406 1670 459 quis
1693 406 1851 450 Catho-

82 474 190 516 licus
212 474 340 516 fidem
364 487 486 514 suam
518 472 562 514 in
593 472 647 526 ijs
668 471 904 521 fundauit⁰‚
939 485 989 513 ea
1014 471 1218 523 defendit,
1254 471 1553 526 approbauitd‚
1587 471 1695 513 mori
1722 486 1852 526 super

83 538 136 593 ijs
168 538 306 581 uoluit
346 540 390 580 01
421 552 498 592 pro
541 537 765 579 credendis
804 536 956 578 habuit
989 551 1099 589 quae
1136 537 1297 590 ignoti,
1342 537 1533 591 obscurj,
1577 537 1766 591 suspecti
1808 540 1852 579 01

84 604 242 646 1111111115
275 603 458 645 nominis
500 603 569 645 uel
610 602 761 656 incertj
796 603 1016 644 finxerunt
1055 604 1098 643 et
1139 602 1447 656 scripseruntl.
1513 602 1614 652 Quis
1655 605 1851 645 nostrum

84 682 273 722 unquam
316 667 482 710 audiuit
522 668 593 710 uel
635 667 742 720 legit
785 665 854 721 [ut
896 666 1217 721 011011001111111]θ
1258 668 1414 709 librum
1447 667 1607 710 dictum
1643 668 1694 709 de
1734 668 1852 710 scala

85 734 173 787 Celj
188 734 217 777 2.
283 735 328 775 25³
361 734 573 776 Jacobum
606 733 658 774 de
690 732 900 774 uictriaco
914 733 943 782 3,
979 734 1024 773 35>
1057 731 1211 774 librum
1244 747 1373 786 apum
1386 733 1414 774 4.
1479 734 1525 774 45³
1560 731 1763 787 [aliquid]
1797 747 1853 775 ex

83 798 186 841 uitis
218 799 527 841 monachorum
560 797 686 840 huius
727 797 797 839 uel
828 797 943 838 illius
985 797 1169 839 ordinis‘
1207 800 1250 839 et
1292 798 1401 840 actis
1439 798 1852 840 franciscanorum?

84 864 240 906 Nonne
273 864 384 906 tales
417 863 513 906 libri
546 868 791 916 nunquamg
831 876 908 917 pro
948 863 1174 916 euangelio
1213 865 1314 904 sunt
1346 863 1505 917 habiti,
1552 864 1622 905 uel
1663 863 1718 905 ad
1760 877 1853 905 cre-

85 930 271 972 dendum
313 929 535 984 praeceptj
571 963 579 971 .
613 942 699 970 non
741 928 870 970 credo
912 928 1025 981 quod
1067 930 1215 970 nostro
1251 926 1487 983 [tempore]
1531 942 1585 970 ex
1626 928 1711 970 illis
1753 943 1854 970 con·

203 1062 217 1076 ²²
243 1057 279 1090 V.
307 1056 452 1089 obscure
477 1057 660 1099 scriptum.
758 1055 773 1075 b
799 1056 836 1089 V.
864 1066 886 1088 α
916 1055 952 1089 C.
983 1056 1055 1098 ipso
1084 1057 1265 1088 insertmn.

207 1115 218 1129 ⁰
246 1110 305 1143 Sic
335 1109 370 1144 C.
398 1111 471 1152 ipse
496 1110 654 1143 correxit
680 1109 759 1142 libr.
788 1120 858 1142 mu:
884 1108 964 1152 quis
992 1108 1198 1142 Catholicus
1226 1110 1282 1142 est
1307 1110 1381 1142 tam
1408 1107 1594 1152 imperitus
1621 1119 1789 1152 unquam.

203 1162 218 1182 d
245 1165 266 1196 4
294 1174 340 1196 cv.
366 1174 438 1206 sqq.
465 1174 488 1195 α
517 1162 553 1196 0.
581 1164 657 1205 ipso
683 1163 809 1195 addita
835 1166 928 1195 sunt.

205 1222 216 1236 Β
242 1217 302 1249 Vel
326 1216 410 1249 haec
438 1217 486 1249 cel
509 1217 644 1249 similia
669 1216 866 1259 supplenda
893 1227 979 1258 esse,
1007 1227 1085 1248 011111
1112 1226 1200 1259 qnae
1219 1217 1386 1258 prom'me
1412 1216 1635 1257 mztecedmzt,
1665 1219 1739 1248 tum
1766 1226 1855 1258 quae

84 1270 248 1313 proxime
273 1273 482 1313 sequuntur,
510 1270 707 1303 ostendunt.
752 1270 805 1302 Ac
825 1280 1019 1312 perperam
1044 1280 1130 1302 sane
1159 1269 1195 1302 C.
1224 1272 1386 1311 1109033οί,
1414 1279 1620 1311 quemquam
1649 1279 1691 1301 eoe
1716 1269 1854 1302 secedite—

85 1323 188 1356 ribus
203 1325 290 1365 suis,
316 1324 412 1356 inter
429 1334 515 1367 quos
533 1327 622 1356 certe
640 1323 837 1365 complures
853 1324 941 1356 satis
959 1323 1093 1355 eruditi
1110 1323 1324 1365 litteramque
1342 1325 1456 1365 erant,
1484 1322 1603 1364 libro-5¹,
1633 1325 1669 1354 ut
1688 1322 1854 1365 „Scalam

89 1374 202 1410 Coeli“
231 1381 261 1410 et
287 1377 463 1420 „Librum
488 1374 631 1420 apum“,
671 1378 732 1419 qui
757 1377 833 1419 ipso
859 1377 999 1409 saeculo
1025 1376 1102 1409 XV.
1132 1377 1168 1408 in
1199 1375 1395 1409 Germania
1426 1375 1636 1418 compluries
1670 1377 1762 1419 typis
1798 1386 1852 1408 013-

84 1431 211 1473 3οΜμί
237 1434 350 1474 erant,
376 1440 535 1473 unquam
560 1430 690 1473 Zeyisse.
789 1429 799 1448 s
825 1431 845 1461 3
871 1441 920 1462 zv.
947 1440 1019 1473 sqq.
1047 1440 1069 1462 α
1098 1429 1133 1462 G.
1163 1431 1237 1471 ipso
1263 1429 1387 1461 addita
1413 1432 1505 1460 sunt.

205 1488 219 1508 ἔ
242 1494 401 1526 unquam
427 1484 533 1525 libr.,·
558 1484 596 1516 id
623 1484 716 1527 quod
740 1483 875 1525 falsum
902 1493 970 1516 esse
996 1494 1038 1515 ece
1065 1487 1136 1515 tota
1166 1482 1306 1515 Coenz'sii
1333 1482 1492 1514 oratione.
1516 1485 1621 1524 patet.

208 1607 216 1626 ¹
244 1606 295 1640 De
323 1606 537 1641 Sanctorum
572 1606 794 1650 aliorumque
829 1605 1013 1639 miraculis
1049 1607 1084 1639 et
1119 1603 1400 1638 revelationibus
1433 1605 1519 1644 etc,
1556 1613 1647 1646 quae
1683 1601 1719 1636 in
1753 1602 1854 1636 libris

87 1659 308 1703 quibuslibet
324 1662 527 1701 narrantur,
558 1661 725 1694 Canisius
751 1660 786 1693 in
804 1659 967 1702 margine
988 1670 1053 1692 sua
1072 1670 1178 1692 manu
1197 1656 1402 1691 adnotavit:
1435 1655 1525 1698 „Nos
1545 1654 1642 1700 [non]
1662 1655 1855 1690 fundamus

85 1713 193 1747 fidem
219 1725 327 1758 super
352 1713 616 1759 apparitiones,
642 1712 901 1754 reuelationes,
929 1711 1120 1753 miracula,
1153 1711 1217 1745 sed
1244 1709 1384 1754 quando
1410 1709 1499 1743 talia
1524 1709 1631 1750 fiunt,
1658 1708 1854 1753 accipimus

86 1778 149 1811 pro
175 1767 392 1813 testimonijs
411 1767 503 1809 fidei,
531 1770 567 1801 et
593 1767 845 1801 confirmamur
871 1766 907 1800 in
933 1766 1002 1799 fide
1030 1765 1172 1809 agnita3
1200 1776 1268 1808 que
1293 1763 1421 1797 nititur
1448 1762 1556 1796 uerbo
1583 1761 1638 1796 dei
1664 1762 1766 1796 nobis
1792 1773 1855 1807 per

86 1820 303 1865 scripturam
330 1824 366 1855 et
392 1820 591 1855 Ecclesiam
617 1820 809 1854 reuelato.“

207 1873 220 1893 ²
245 1873 298 1908 De
324 1873 469 1908 Ioannis
496 1874 617 1916 Gobii,
654 1874 764 1918 vulgo
796 1872 1001 1915 „Iunioris“,
1039 1871 1079 1906 O.
1108 1871 1165 1905 Pr.
1195 1870 1276 1914 (sub
1310 1881 1340 1903 a.
1371 1869 1497 1912 1350),
1540 1868 1664 1910 „Scala
1695 1868 1785 1902 coeli
1811 1869 1853 1902 de

87 1926 242 1961 diversis
268 1927 460 1971 generibus
487 1927 752 1972 exemplorum“
784 1926 969 1960 Lubeccae
998 1925 1098 1964 1476,
1126 1924 1253 1958 Ulmae
1282 1923 1382 1963 1480,
1410 1922 1641 1966 Argentorati
1670 1921 1760 1956 1483
1787 1924 1854 1956 etc.

90 1979 277 2025 (Graesse,
311 1980 441 2015 Tresor
466 1981 536 2023 ΙΙΙ,
571 1980 657 2024 466)
696 1981 792 2015 0(1110
820 1981 967 2014 Iacobus
996 1979 1116 2021 Qece'tif
1139 1978 1179 2012 O.
1206 1977 1264 2011 Pr.
1302 1978 1337 2010 et
1362 1977 1511 2010 Iacobus
1536 1976 1682 2009 Echard
1708 1975 1747 2010 O.
1777 1975 1855 2010 Pr.:

91 2033 211 2079 „Opus
229 2034 390 2069 historiis
417 2062 424 2069 .
445 2063 452 2069 .
473 2062 480 2069 .
508 2036 663 2075 constat,
690 2045 779 2078 quas
805 2033 1043 2078 simpliciores
1070 2031 1161 2065 alias
1187 2042 1267 2065 cum
1286 2030 1473 2074 voluptate
1499 2031 1535 2063 et
1552 2029 1673 2063 fructu
1690 2028 1856 2072 legerint,

87 2087 150 2121 sed
177 2099 267 2131 quas
302 2100 372 2122 non
398 2088 506 2122 facile
541 2088 745 2122 sustineant
771 2087 840 2121 viri
876 2086 1023 2121 acrioris
1053 2084 1179 2130 judicii
1215 2095 1256 2118 ac
1283 2083 1435 2117 criterii“
1469 2082 1686 2127 (Scriptores
1713 2081 1857 2116 Ordinis

87 2139 383 2175 Praedicatorum
412 2142 427 2176 Ι
455 2141 635 2186 [Lutetiae
662 2141 882 2175 Parisiorum
912 2138 1027 2183 1719]‚
1055 2138 1151 2181 633).

210 2195 222 2214 ³
248 2195 398 2230 Iacobus
416 2195 458 2229 de
473 2194 634 2229 Vitriaco
656 2194 714 2238 (de
728 2193 864 2239 vitry),
883 2193 1002 2237 gallus
1020 2191 1079 2226 vel
1097 2191 1214 2234 belga,
1242 2189 1433 2224 canonicus
1451 2188 1629 2232 regularis
1649 2188 1689 2223 O.
1709 2188 1743 2223 S.
1762 2189 1856 2232 Aug.

89 2247 316 2291 ogniacensis
345 2248 549 2293 (Oignies),
586 2248 775 2293 episcopus
802 2246 991 2281 aconensis
1019 2245 1148 2289 (Acre,
1185 2242 1418 2286 Ptolemais),
1454 2244 1579 2287 postea
1606 2241 1798 2276 cardinalis
1825 2243 1860 2276 et

89 2301 279 2346 episcopus
304 2302 517 2337 tusculanus
552 2301 587 2346 (†
617 2302 744 2344 1240),
781 2300 928 2345 scripsit
960 2298 1175 2341 „Historiam
1211 2296 1442 2331 orientalem“
1480 2295 1559 2330 sive
1595 2294 1859 2340 „hierosolymi-

89 2356 247 2396 tanam“,
267 2355 485 2398 „Historiam
499 2353 921 2395 occidentaleni“,Vita1n
936 2353 974 2387 B.
988 2352 1125 2386 Mariae
1140 2349 1379 2395 Ogniacensis
1394 2351 1461 2384 etc.
1477 2349 1535 2393 (R.
1551 2350 1692 2383 Cez‘llz'er
1706 2348 1747 2383 O.
1759 2348 1792 2383 S.
1807 2349 1859 2390 B„

90 2408 249 2442 Histoire
276 2409 445 2453 generale
471 2409 534 2443 des
561 2410 710 2443 auteurs
737 2409 859 2442 sacres
886 2409 922 2440 01
948 2405 1252 2448 ecclesiastiques.
1292 2403 1407 2437 Nouv.
1427 2402 1480 2437 ed.
1500 2402 1585 2436 XIII
1604 2401 1721 2446 [Paris
1743 2401 1859 2446 1863]‚

210 2517 223 2535 4
248 2515 404 2550 Thomas
431 2516 473 2550 de
501 2515 747 2560 Cant-imprato
778 2514 856 2548 sive
884 2511 1189 2557 Cantipratensis,
1225 2509 1363 2544 Leewis
1390 2508 1424 2543 S.
1451 2509 1550 2542 Petri
1578 2507 1858 2552 (Leeuw-Saint—

89 2568 228 2612 Pierre)
257 2581 367 2614 prope
387 2568 578 2603 Bruxellas
595 2570 713 2609 natus,
741 2567 893 2613 primum
914 2565 1105 2600 canonicus
1122 2564 1301 2608 regularis
1319 2562 1359 2597 O.
1380 2562 1413 2596 S.
1433 2562 1537 2605 Aug„
1565 2562 1691 2596 deinde
1712 2561 1859 2596 domini-

92 2634 203 2657 canus
224 2622 260 2667 (†
278 2623 372 2657 inter
391 2635 422 2657 a.
444 2623 533 2657 1263
554 2624 589 2656 01
609 2621 729 2664 1293),
756 2621 791 2654 in
818 2620 907 2654 libro
931 2619 1087 2662 „Bonum
1114 2617 1320 2652 universale
1347 2616 1390 2650 de
1415 2615 1696 2661 proprietatibus
1716 2615 1858 2660 apum“,

91 2675 151 2720 qui
169 2676 239 2709 iam
263 2676 408 2710 saeculo
426 2675 504 2710 XV.
533 2675 747 2719 compluries
768 2673 961 2715 (Coloniae,
988 2671 1231 2715 Argentorati,
1257 2670 1487 2711 Daventriae,
1515 2668 1674 2712 Svollae)
1704 2680 1859 2703 excusus

92 2731 157 2770 est,
185 2729 299 2763 multa
324 2729 499 2763 miracula
523 2729 661 2762 mil-ave
688 2728 794 2769 facta,
822 2738 914 2771 quae
940 2738 1004 2760 suo
1030 2728 1190 2770 tempore
1217 2723 1422 2764 evenerint,
1450 2722 1575 2757 critica
1600 2722 1738 2756 ratione
1764 2722 1860 2756 haud

92 2794 234 2827 semper
259 2784 415 2823 servata,
442 2782 554 2816 refert
582 2781 883 2824 (Qudtif-Echard
907 2780 930 2813 l.
951 2791 980 2813 c.
1001 2780 1024 2820 I,
1052 2778 1250 2813 250—252.
1294 2779 1453 2820 Graesse,
1479 2776 1612 2810 Tresor
1637 2775 1680 2817 II,
1708 2775 1859 2810 58—59.

92 2837 201 2870 Rern.
239 2837 291 2869 De
325 2837 463 2879 Jonyhe
501 2835 541 2869 O.
578 2835 655 2875 Pr.‚
695 2834 860 2877 Belgium
898 2832 1170 2867 Dominicanum
1210 2830 1406 2875 [Bruxellis
1444 2828 1549 2873 1719]
1592 2841 1625 2873 p.
1664 2829 1860 2863 146—149.

96 2891 140 2924 Η.
167 2890 308 2932 Denifle
342 2888 382 2923 O.
412 2889 468 2922 Pr.
505 2888 542 2922 in
582 2887 736 2930 „Archiv
770 2887 829 2921 fiir
855 2886 1067 2921 Litteratur-
1103 2885 1176 2919 und
1201 2882 1594 2918 Kirchen-Geschichte
1630 2882 1693 2916 des
1727 2881 1861 2916 Mittel-

94 2943 225 2977 alters“
257 2942 289 2976 Il
326 2941 462 2986 [Berlin
499 2940 623 2986 1886],
659 2941 738 2975 227.
790 2941 892 2974 Alex.
919 2941 1154 2983 Kaufmann,
1189 2937 1347 2972 Thomas
1382 2948 1452 2970 von
1485 2935 1717 2980 Chantimpre
1753 2935 1861 2979 [Koln

215 3051 228 3070 ⁵
253 3049 285 3082 A
321 3048 564 3093 compluribus
597 3046 801 3082 huiusmodi
835 3046 955 3086 libris,
990 3048 1030 3080 ut
1068 3044 1236 3088 „Fioretti
1271 3043 1307 3078 di
1341 3043 1412 3078 San
1437 3042 1654 3077 Franoesc0“
1688 3041 1861 3086 (Vicenza

98 3103 188 3138 1476
224 3102 329 3145 etc.),
369 3101 581 3147 „Speculum
608 3100 753 3135 Ordinis
778 3100 975 3134 Minorum“
1008 3097 1187 3144 (Venetiis
1215 3097 1307 3132 1504
1341 3095 1447 3140 ete),
1482 3095 1648 3130 Ubertini
1679 3107 1700 3129 a
1732 3094 1860 3129 Casale

99 3156 236 3200 „Arbor
261 3156 359 3190 vitae
386 3154 576 3189 Crucifixi“
609 3153 788 3198 (Venetiis
816 3153 905 3188 1485
932 3152 1033 3195 010),
1069 3151 1239 3186 historias
1264 3151 1383 3184 minus
1408 3149 1578 3195 probatas
1603 3148 1698 3183 haud
1733 3149 1859 3184 abesse

94 3210 231 3245 iudicat
256 3208 485 3244 doctissimus
511 3208 567 3242 vir
593 3209 667 3252 Iyn.
695 3209 808 3242 Jeiler
833 3206 874 3241 O.
900 3206 986 3240 Min.
1016 3204 1340 3250 (Kirchenlexikon
1365 3203 1425 3245 IV,
1455 3202 1574 3246 1813).
