2093 3444
219 196 304 237 380
394 193 474 227 666.
512 191 678 227 Oanisius
703 191 889 237 Alphonso
916 191 1126 226 Salmeroni.
1165 191 1259 235 Aug.
1286 191 1394 226 Vind.
1421 191 1476 226 22.
1503 191 1688 227 Februarii
1716 194 1818 229 1562.
2040 203 2052 232 ⁸,

1087 310 1115 362 Ἰ.-

300 405 395 446 Pax
436 403 594 446 Christi
633 403 855 446 nobiscum
897 403 1127 445 admodum
1169 403 1423 445 Reuerende
1463 403 1506 445 in
1548 404 1717 447 Christo
1758 406 1902 450 Pater.

333 497 466 540 Venit
496 497 639 540 isthuc
670 498 867 540 Doctor1
900 499 944 538 et
975 496 1187 551 Principis
1219 497 1468 540 Bauariae2
1501 498 1556 540 ad
1587 499 1712 543 Pont.
1746 500 1985 543 Maximum

213 564 429 616 Legatus,
483 563 556 616 qui
603 563 656 605 de
709 562 1020 615 collegiorum3
1072 561 1317 613 dotatione,
1368 565 1412 605 et
1459 563 1639 606 alterius
1687 566 1984 619 straubingen.
2046 558 2059 606 ἒτ

216 628 434 671 erectione
486 628 616 670 isthic
669 627 892 670 tractabit.
966 627 1107 677 Quare
1151 627 1302 670 literas
1343 627 1405 669 illi
1446 628 1682 683 adiungere
1722 630 1863 672 uisum
1903 633 1984 682 est,

213 694 374 748 partim
406 696 455 736 ut
487 693 733 736 uolentibus
764 693 827 735 ita
859 692 1116 746 consiliarijs
1157 692 1347 735 facerem
1379 694 1509 736 satis:
1552 694 1714 748 partim
1747 698 1795 738 ut
1826 696 1985 738 bonum
2047 692 2060 746 ἒ

214 759 355 801 uirum
386 759 612 800 redderem
645 758 1077 808 commendatiorem,
1121 757 1186 800 cui
1221 758 1336 800 haud
1370 758 1497 801 dubie
1528 759 1800 802 Reuerendia
1830 761 1984 804 Patres
2052 751 2059 810 Ξ

214 838 469 877 quacunque
501 824 671 866 ratione
693 823 852 874 licebit,
886 838 963 877 pro
997 837 1075 865 sua
1098 823 1314 866 charitate
1336 824 1711 877 gratificabuntur‚
1746 828 1794 867 ut
1823 826 1986 869 sentiat
2032 825 2060 870 ⁴,

213 889 418 944 Princeps
452 889 585 931 etiam
607 903 708 931 suos
740 889 783 930 in
805 888 946 943 pretio
969 887 1140 930 habitos
1163 902 1271 931 esse.
1318 888 1416 930 Non
1439 892 1635 943 repetam
1658 904 1768 943 quae
1791 891 1899 934 alias
1933 891 1985 933 de
2057 896 2060 901 “

212 954 505 1008 superioribus
528 953 680 1008 scripsi
703 953 903 1007 negotijs.
948 953 1158 995 Dominus
1179 954 1206 996 J
1211 968 1309 996 esus
1334 954 1524 1007 gratiam
1555 955 1680 997 nobis
1702 958 1746 998 et
1768 956 1985 998 Bauariae
2047 950 2051 957 ’

212 1034 325 1062 nunc
357 1020 589 1061 admodum
620 1018 885 1074 periclitanti
907 1033 984 1072 per
1007 1018 1056 1061 R.
1082 1019 1128 1061 T.
1158 1021 1202 1062 et
1224 1019 1410 1061 fratrum
1433 1019 1623 1062 omnium
1645 1020 1984 1075 supplicationes

213 1085 410 1127 conferre
444 1087 488 1128 et
521 1098 682 1138 augere
715 1084 928 1137 dignetur.

331 1178 534 1232 Augusta
568 1180 621 1219 22
656 1178 878 1232 Februarij
912 1178 968 1220 M.
1003 1178 1054 1220 D.
1089 1177 1207 1231 LXij.

1162 1271 1321 1314 Seruus
1353 1271 1397 1314 in
1429 1272 1600 1315 Christo
1632 1273 1679 1316 P.
1714 1273 1921 1316 Canisius.

334 1371 361 1422 ἢ
393 1370 449 1412 Al
488 1371 622 1412 molto
664 1371 917 1413 Reuerendo
959 1371 1001 1413 in
1044 1371 1213 1414 Christo
1246 1371 1409 1423 Padre,
1452 1372 1495 1415 «ΙΙ
1531 1372 1671 1414 Padre
1711 1373 1768 1416 M.
1802 1373 1982 1416 Jacomo

215 1436 402 1490 Laynez,
436 1436 645 1490 Prepos'to
681 1436 893 1479 Generale
927 1437 1039 1479 della
1071 1437 1337 1492 Compagnia
1369 1437 1410 1479 di
1442 1438 1560 1480 JeSu.

1680 1503 1737 1545 Jn
1769 1503 1921 1547 Roma.

335 1600 410 1634 Has
436 1600 578 1634 litteras
604 1600 752 1634 Romam
778 1611 900 1634 secum
927 1600 1052 1634 attulit
1068 1599 1128 1634 Dr.
1149 1599 1369 1644 Sigmundus
1384 1600 1585 1635 Viehauser
1605 1600 1849 1644 (Vieheuser),
1876 1612 1982 1646 quem

214 1655 389 1697 Kno'ijer
425 1653 462 1695 (l.
490 1665 519 1688 c.
547 1665 579 1698 p.
607 1654 667 1697 99)
697 1653 886 1688 Monachio
922 1654 977 1688 23.
1006 1653 1192 1688 Februarii
1221 1654 1310 1688 1562
1337 1654 1547 1688 discessisse
1581 1654 1707 1689 scribit
1742 1666 1823 1689 cum
1849 1654 1982 1700 triplici

214 1706 353 1741 Alberti
371 1707 414 1741 V.
442 1707 630 1741 mandato:
658 1707 707 1741 Ut
733 1707 775 1741 de
807 1707 1007 1749 „decimis“,
1035 1707 1076 1741 de
1103 1707 1430 1741 ecclesiasticorum
1461 1707 1732 1749 „beneficiorum
1758 1707 1981 1751 collatione“‚

213 1761 257 1794 de
283 1772 386 1795 sacro
423 1760 532 1794 calice
568 1760 670 1795 laicis
696 1761 910 1805 porrigendo
937 1761 1112 1805 quaedam
1150 1772 1169 1794 a
1196 1760 1260 1794 Pio
1286 1760 1346 1795 IV.
1374 1761 1585 1805 impetraret
1622 1761 1683 1805 (cf.
1710 1762 1761 1795 Le
1787 1762 1868 1796 Plat
1900 1761 1923 1796 l.
1951 1774 1981 1797 c.

213 1813 256 1854 V,
294 1814 367 1857 92).
418 1813 511 1848 Num
547 1816 668 1848 autem
695 1814 737 1848 de
772 1814 879 1848 tertia
915 1814 1020 1848 huius
1055 1813 1214 1848 mandati
1240 1816 1360 1859 parte,
1397 1825 1488 1858 quae
1521 1814 1565 1848 ad
1600 1814 1748 1849 calicem
1782 1815 1981 1860 spectabat,

213 1866 380 1911 Canisius
417 1867 547 1902 certior
580 1867 700 1902 factus
735 1867 800 1907 sit,
837 1867 923 1901 mihi
950 1867 1114 1912 quidem,
1151 1879 1231 1901 curn
1266 1867 1358 1901 hanc
1393 1867 1506 1912 ipsius
1539 1867 1730 1912 epistulam
1756 1868 1856 1912 lego,
1891 1868 1982 1903 satis

213 1920 360 1954 dubium
396 1921 563 1955 efficitur.
615 1921 666 1955 Ac
705 1921 900 1963 „decimas“
936 1920 1018 1954 illas
1045 1921 1216 1954 Albertus
1242 1920 1306 1961 V.‚
1342 1923 1382 1955 ut
1408 1919 1600 1955 Societatis
1635 1921 1787 1965 collegia
1812 1921 1982 1956 bavarica

213 1973 336 2008 dotare
364 1976 503 2019 posset,
540 1975 674 2019 petisse
701 1974 863 2015 videtur,
899 1974 1065 2009 similiter
1091 1976 1200 2018 atque
1227 1974 1330 2008 annis
1360 1974 1449 2008 1548
1485 1976 1521 2008 et
1548 1975 1635 2009 1551
1671 1986 1691 2009 a
1717 1974 1830 2009 Paulo
1857 1975 1918 2010 III.
1946 1976 1982 2009 et

213 2027 300 2062 Iulio
327 2028 387 2062 III.
417 2027 609 2062 Guilielmo
636 2027 695 2062 IV.
725 2027 805 2062 duci
841 2030 948 2072 atque
984 2028 1053 2073 ipsi
1079 2027 1227 2062 Alberto
1254 2039 1317 2072 pro
1353 2027 1590 2062 universitate
1626 2028 1898 2071 ingolstadiensi
1924 2028 1981 2063 de-

210 2092 336 2115 cumae
355 2081 512 2115 omnium
529 2081 605 2115 fere
623 2081 801 2115 Bavariae
820 2081 1054 2116 ecclesiarum
1075 2092 1265 2115 concessae
1284 2082 1387 2114 erant
1408 2081 1587 2124 (Mederer
1611 2081 1634 2116 l.
1654 2093 1683 2116 c.
1702 2082 1763 2123 IV,
1782 2081 1982 2117 270-282,

210 2135 341 2168 Prantl
366 2134 388 2169 l.
417 2146 446 2168 c.
475 2136 508 2175 Ι,
548 2135 754 2176 182-186ς
791 2135 842 2175 ΙΙ,
879 2134 1092 2178 187-193).
1144 2134 1264 2178 Atque
1290 2134 1367 2179 ipse
1396 2135 1607 2169 Cardinalis
1633 2136 1864 2179 Anyustanus
1890 2146 1981 2170 com-

209 2187 373 2233 pluribus
399 2188 531 2222 litteris
558 2188 671 2222 Roma
698 2191 852 2222 exeunte
879 2200 909 2222 a.
940 2189 1027 2222 1561
1058 2190 1094 2222 et
1120 2188 1265 2222 ineunte
1298 2199 1329 2222 a.
1359 2188 1448 2222 1562
1476 2188 1569 2222 datis
1596 2188 1743 2223 Alberto
1769 2200 1869 2234 spem
1895 2188 1983 2223 fecit

215 2241 428 2283 „decimam‘
460 2244 497 2276 et
521 2241 604 2283 alia,
630 2242 660 2276 si
686 2241 848 2284 legatum
875 2242 1024 2276 Romam
1050 2241 1221 2283 mitteret,
1247 2240 1462 2286 impetrandi
1490 2241 1626 2285 (Goetz,
1653 2241 1822 2286 Beitr'age
1847 2254 1881 2288 p.
1900 2242 1981 2277 226.

209 2294 308 2338 244).
360 2294 485 2339 Neque
511 2306 659 2340 prorsus
686 2295 821 2329 frustra
847 2295 1068 2337 Viehauser,
1105 2306 1211 2339 quem
1237 2306 1258 2329 a
1284 2294 1397 2329 Sociis
1432 2294 1590 2329 romanis
1624 2295 1786 2329 adiutum
1821 2306 1901 2330 esse
1936 2307 1982 2330 ex

208 2348 336 2382 horum
362 2348 494 2383 litteris
524 2348 621 2392 (vide
647 2348 742 2382 infra
768 2360 801 2393 p.
828 2348 914 2392 400)
942 2350 1094 2391 constat,
1120 2348 1310 2383 laboravit.
1348 2347 1440 2382 Nam
1467 2349 1604 2382 caesari
1631 2349 1786 2393 Prosper
1811 2350 1854 2383 ab
1872 2350 1980 2394 Areo,

211 2403 331 2435 orator
357 2402 433 2435 eius
459 2412 638 2443 romanus,
665 2401 779 2435 Roma
808 2402 861 2436 13.
880 2401 968 2435 Maii
989 2401 1078 2436 1562
1105 2402 1267 2446 scripsit:
1299 2401 1410 2444 „Duci
1428 2401 1616 2443 Bavariae,
1642 2404 1684 2436 ut
1709 2401 1866 2437 decimas
1891 2402 1981 2438 duas

209 2465 231 2488 a
257 2453 352 2488 clero
378 2455 525 2497 exigere
551 2456 683 2499 posset,
710 2454 875 2499 permisit
900 2454 1042 2499 [papa];
1073 2466 1155 2488 cum
1181 2454 1249 2489 hac
1274 2456 1396 2488 tamen
1422 2454 1623 2489 conditione
1650 2456 1690 2489 ut
1714 2455 1782 2490 hae
1807 2455 1981 2501 pecuniae

209 2506 246 2541 in
273 2507 505 2550 collegiorum
532 2519 636 2542 usum
663 2511 699 2542 et
724 2520 793 2541 non
819 2507 856 2541 in
882 2507 992 2541 alium
1019 2507 1163 2549 cedant,
1191 2510 1227 2542 et
1251 2508 1321 2542 nisi
1347 2507 1548 2550 sufficiant,
1576 2508 1754 2542 concessit
1779 2511 1820 2542 ut
1845 2508 1981 2543 eisdem

211 2559 373 2604 collegiis
399 2563 521 2606 posset
539 2561 696 2595 tribuere
722 2563 920 2606 proventus
947 2560 1052 2595 unius
1078 2560 1306 2601 monasterii3
1332 2560 1586 2595 beneficiorum
1611 2560 1838 2596 collationem
1865 2562 1981 2596 eidem

209 2614 419 2659 permittere
444 2613 577 2648 noluit‘
611 2614 762 2658 (Sic-luel,
798 2613 922 2648 Trient
948 2626 980 2659 p.
1009 2613 1105 2657 300).
1156 2614 1259 2648 Anno
1285 2616 1406 2648 tamen
1436 2614 1524 2648 1563
1551 2614 1675 2648 alteris
1700 2614 1833 2649 litteris
1867 2615 1980 2660 ponti-

210 2667 302 2701 ficiis
328 2667 408 2702 duci
436 2667 556 2702 missis
580 2666 637 2701 ius
662 2667 824 2701 homines
855 2667 899 2701 ad
933 2667 1108 2701 beneficia
1142 2667 1391 2702 ecclesiastica
1417 2667 1437 2701 6
1463 2667 1536 2701 illis
1572 2667 1755 2702 mensibus
1791 2667 1980 2713 papalibus

215 2720 509 2766 „praesentandi“
538 2721 657 2754 ratum
682 2720 846 2754 habitum
873 2722 938 2754 est.
990 2720 1042 2754 De
1069 2720 1181 2755 calice
1206 2731 1293 2755 vero
1328 2720 1471 2764 legatus
1497 2720 1632 2755 Romae
1668 2721 1806 2756 animos
1840 2721 1892 2756 ita
1928 2721 1980 2756 in·

211 2777 362 2808 venerat
388 2776 590 2819 occupatos,
621 2775 662 2808 ut
687 2785 762 2807 rem
789 2785 833 2808 ne
859 2785 1056 2819 proponere
1083 2773 1226 2818 quidem
1253 2773 1402 2808 auderet
1429 2773 1585 2817 (Riezler
1609 2773 1632 2808 l.
1660 2785 1689 2808 c.
1716 2774 1777 2816 IV,
1804 2775 1978 2811 99—100.

212 2827 292 2861 512.
335 2828 488 2871 Poyiani
511 2826 696 2872 Epistolae
721 2826 783 2868 ΙΙΙ,
811 2828 853 2861 57
864 2827 906 2870 b).

332 2972 346 2987 ²
370 2965 601 3001 Reuerendos
627 2967 713 3000 AB.

337 3112 346 3132 ¹
373 3111 625 3155 Sigismundus
650 3111 870 3152 Viehauser;
898 3111 979 3145 vide
1006 3122 1097 3156 quae
1122 3111 1188 3146 sub
1214 3111 1329 3156 ipsam
1355 3109 1447 3145 hanc
1473 3109 1666 3155 epistulam
1691 3109 1869 3144 dicuntur.

336 3165 350 3185 ²
376 3165 516 3199 Alberti
540 3164 584 3199 V.
612 3165 724 3200 ducis.
870 3165 883 3185 ³
907 3164 1206 3209 Ingolstadiensis
1232 3166 1269 3198 et
1293 3164 1530 3199 monacensis.
