2093 3444
210 179 291 220 126
699 176 777 210 550.
815 175 1019 210 Fridericus
1046 176 1088 210 de
1115 176 1306 221 Vssirsberg
1333 177 1488 212 Canisio.

206 298 250 337 et
294 294 393 336 boni
434 293 642 346 Authori,
693 295 728 337 si
773 309 958 350 possono
1003 296 1182 349 leggere
1226 310 1312 338 non
1357 298 1560 340 obstante
1607 298 1647 340 le
1691 297 1977 349 annotationi,

206 359 514 414 comentarij1‚
557 363 626 403 etc
661 395 668 403 .
703 364 747 403 et
778 361 936 414 perche
970 375 1055 403 non
1087 361 1123 402 si
1155 363 1291 404 mette
1325 364 1409 415 qua
1448 365 1602 416 questa
1634 363 1894 406 limitatione
1926 363 1979 405 de

206 425 447 467 cancellare
480 424 511 466 li
542 425 658 467 nomi
692 428 789 468 .etc.
822 440 907 468 non
940 429 963 468 e
996 426 1240 468 necessario
1275 427 1442 476 usarlo;
1486 430 1556 470 ma
1588 428 1631 470 la
1662 429 1894 483 prudentia
1927 428 1978 470 de

206 489 274 531 chi
307 490 362 532 da
394 491 457 532 tal
500 490 822 545 dispensatione
856 491 1017 533 douera
1051 491 1326 535 considerare
1359 493 1501 546 quello
1535 493 1613 536 che
1652 508 1843 536 conuene
1876 508 1979 536 can-

206 555 364 597 cellare
398 559 421 597 ὸ
455 570 539 598 non
574 557 828 606 cancellare,
864 560 908 599 et
940 557 1028 599 cosi
1062 557 1214 600 faccia.

325 620 447 663 Circa
479 622 522 663 la
555 621 705 675 quinta
737 622 903 665 faculta
935 623 971 665 si
1004 623 1086 664 ben
1127 623 1163 665 si
1197 625 1218 665 e
1252 623 1325 678 piu
1357 623 1558 667 ristretta
1591 627 1663 678 qui
1695 639 1780 667 non
1813 625 1849 666 si
1880 625 1980 668 leua

205 686 362 728 alcuna
403 688 517 729 altra
558 687 697 742 prima
739 690 952 730 ottenuta.
1021 689 1148 730 Orate
1184 704 1262 744 pro
1306 689 1422 731 nobis
1464 690 1615 733 Deum.
1682 689 1735 732 Di
1771 689 1909 732 Roma
1950 689 1981 732 li

208 752 540 807 .26.‹Y.Aprsse
576 754 718 796 .1561.

325 831 435 867 Nota:
464 832 629 868 Canisius
656 833 779 868 Lainio
806 834 993 880 rescripsit
1023 835 1075 870 10.
1102 835 1189 869 Maii
1220 836 1320 870 1561.

206 980 378 1014 bonorum
405 983 592 1015 auctorum
619 980 730 1015 libros
756 981 877 1024 legere
903 981 1008 1022 licet,
1035 994 1282 1027 quaecumque
1310 982 1579 1024 adnotationes,
1614 983 1884 1018 commentarii¹
1912 985 1980 1018 etc.

206 1033 250 1068 iis
277 1033 397 1068 addita
424 1034 515 1075 sint3
553 1037 588 1068 et
615 1034 697 1078 quia
724 1035 811 1069 haec
839 1034 996 1069 facultas
1022 1048 1091 1070 non
1119 1039 1175 1070 est
1200 1047 1372 1070 concessa
1400 1048 1441 1070 ea
1467 1036 1692 1079 condicione,
1730 1039 1769 1072 ut
1795 1037 1981 1072 deleantur

207 1087 349 1121 nomina
376 1089 463 1128 eto,
500 1099 540 1121 oa
568 1087 676 1122 deleri
712 1100 858 1122 necesse
895 1101 963 1123 non
991 1092 1064 1129 est;
1102 1090 1178 1124 01113
1204 1092 1343 1129 tamen,
1379 1091 1440 1134 qui
1477 1090 1650 1125 eiusmodi
1677 1090 1980 1136 dispensationem

206 1141 396 1180 concedet,
423 1141 492 1175 erit
518 1153 580 1186 pro
607 1142 797 1186 prudentia
825 1154 890 1176 sua
917 1143 1138 1187 expendere,
1173 1143 1257 1187 quid
1284 1143 1414 1183 deleri,
1448 1144 1533 1188 quid
1560 1156 1629 1178 non
1656 1144 1767 1178 deleri
1793 1144 1981 1189 expediat:

207 1197 316 1239 atque
342 1195 392 1228 ita
419 1198 515 1238 agat.

326 1248 426 1289 Quod
453 1248 496 1282 ad
516 1248 679 1292 quintani
698 1249 909 1283 facultatem
930 1250 1069 1291 attinet,
1097 1249 1183 1284 licet
1201 1250 1289 1284 haec
1312 1250 1500 1294 angustior
1525 1251 1585 1292 sit,
1612 1250 1710 1285 nulla
1727 1253 1848 1285 tamen
1867 1251 1982 1286 altera

207 1301 364 1336 facultas
382 1301 481 1346 prius
508 1303 699 1347 impetrata
728 1314 769 1336 ea
788 1303 961 1337 aufertur.
1010 1306 1114 1337 Orate
1135 1304 1323 1347 ,ῥυ-01101113
1342 1306 1465 1338 Deum.
1509 1304 1621 1339 Roma
1648 1304 1702 1340 26.
1724 1304 1858 1350 Aprilis
1879 1305 1980 1339 1561.

1029 1426 1159 1468 550.

580 1525 1026 1569 FRIDERICUS
1060 1526 1158 1568 DE
1193 1526 1610 1580 WIRSBERG„

547 1608 737 1653 episcopus
764 1607 1026 1653 herbipolensis
1054 1611 1090 1642 et
1116 1608 1288 1643 Franciae
1316 1608 1502 1643 orientalis
1529 1608 1601 1643 dux
1618 1608 1640 1650 ²,

955 1699 1084 1747 CAN
1089 1699 1232 1748 ISIO.

858 1807 1047 1854 Herbipoli
1075 1808 1106 1844 3.
1134 1807 1218 1844 Maii
1245 1807 1330 1844 1561.

327 1887 383 1922 Ex
419 1888 540 1923 libello
578 1888 662 1930 „Die
690 1889 890 1933 Grt'mdung
923 1890 985 1924 des
1013 1889 1271 1935 Gymnasiums
1307 1902 1348 1924 zu
1377 1889 1583 1933 XViirzburg
1617 1889 1730 1924 durch
1766 1890 1833 1924 den
1860 1890 1982 1925 Fiirst-

208 1942 351 1977 bischof
374 1942 557 1976 Friedrich
586 1955 655 1976 von
671 1943 871 1987 Wirsbcrg.
913 1943 1123 1987 Programm
1152 1956 1230 1977 zum
1250 1943 1419 1978 Schlusse
1447 1943 1509 1978 des
1528 1943 1800 1989 Studienjahres
1829 1944 1983 1987 1849s50

208 2008 277 2030 von
304 1995 365 2030 Dr.
389 1998 504 2039 Geory
531 1997 661 2040 Joseph
687 1997 819 2039 Keller,
847 1996 980 2041 konigl.
1007 1996 1278 2032 Studicnlehrer
1304 2009 1346 2031 zu
1365 1997 1591 2041 W'iirzburg‘
1623 1997 1846 2042 (Wi'irzburg
1874 1997 1979 2042 1850)

206 2061 240 2095 p.
267 2049 324 2084 22.
376 2048 442 2090 Qui
469 2049 563 2083 unde
591 2050 782 2094 epistulam
811 2050 903 2084 hanc
931 2051 1203 2095 deprompserit,
1231 2062 1299 2085 non
1325 2051 1546 2085 manifestat.

327 2102 487 2136 Eandem
527 2103 739 2147 epistulam,
779 2116 823 2138 ex
862 2103 997 2138 Kelleri
1037 2104 1126 2138 libro
1165 2104 1441 2149 transcriptam,
1481 2104 1601 2149 posuit
1637 2105 1680 2139 F.
1706 2104 1752 2138 X.
1785 2116 1814 2138 v.
1842 2105 1981 2149 Weyele,

209 2155 424 2191 Geschichte
460 2156 522 2190 der
549 2156 775 2191 Universitat
800 2156 996 2201 WVirzburg
1023 2158 1055 2192 II
1089 2157 1300 2201 (XVirzburg
1329 2157 1457 2202 1882),
1493 2158 1644 2192 33-34.
1696 2157 1861 2203 Epistula
1895 2169 1982 2192 usus

208 2212 263 2244 est
294 2210 327 2244 C.
355 2211 505 2253 Braem,
542 2210 759 2245 Geschichte
797 2210 859 2244 der
894 2210 1168 2255 Heranbildung
1204 2211 1266 2246 des
1299 2211 1430 2246 Klerus
1466 2211 1528 2246 der
1562 2211 1713 2245 Dibcese
1739 2210 1933 2255 Wirzburg
1966 2211 1983 2245 I

211 2263 422 2307 (Wirzburg
452 2263 569 2307 1889),
600 2263 796 2298 105—107.

328 2341 372 2374 Se
407 2341 447 2374 ob
479 2341 650 2383 pecuniae
686 2342 845 2384 inopiam
880 2342 1060 2385 colleqizcm
1089 2343 1273 2376 Soeietatis
1306 2344 1430 2386 (quam
1463 2341 1607 2382 laudat)
1644 2342 1791 2376 condere
1824 2342 1982 2376 nondum

206 2395 378 2437 potuisse,
410 2394 555 2426 interim
580 2398 696 2427 tamen
716 2395 975 2438 paedayoyium
1004 2396 1181 2439 quoddam
1208 2396 1396 2439 Herbipoli
1420 2396 1624 2429 instituisse.
1675 2395 1782 2429 Modo
1807 2400 1922 2428 autem
1947 2405 1983 2428 se

208 2459 230 2480 a
260 2448 405 2482 Canis—co
426 2452 564 2490 petere,
600 2452 637 2480 ut
665 2448 808 2481 Socium
835 2449 1008 2492 aliquem,
1044 2450 1106 2492 qui
1133 2450 1167 2481 ἰη
1197 2450 1338 2482 ecclesia
1364 2448 1562 2482 cathedrali
1588 2450 1862 2483 contionatorem
1888 2453 1980 2492 aqat,

206 2501 275 2535 sibi
299 2502 424 2534 wm'ttat.

333 2635 342 2654 ¹
368 2633 511 2667 Erasmi
537 2635 573 2667 et
599 2633 791 2675 similium;
819 2634 901 2669 vide
927 2646 1037 2680 supra
1063 2647 1096 2680 p.
1127 2636 1324 2670 114—115.

330 2687 343 2707 ²
369 2686 573 2721 Fridericus
599 2698 619 2720 a
647 2687 849 2732 WVirsberg,
876 2699 894 2722 e
922 2688 1120 2723 Franconia
1146 2688 1330 2733 superiore
1356 2688 1423 2722 sub
1451 2699 1482 2722 a.
1511 2689 1602 2723 1505
1629 2690 1740 2730 ortus,
1767 2687 1811 2722 ab
1838 2698 1868 2721 a.
1891 2686 1981 2722 1558

209 2741 254 2775 ad
279 2741 381 2782 1573,
409 2751 478 2784 quo
505 2742 656 2774 mortem
683 2741 782 2783 obiit,
810 2741 1058 2787 episcopatum
1084 2742 1371 2787 herbipolensem
1398 2741 1503 2783 rexit,
1531 2742 1588 2776 vir
1613 2742 1693 2787 pius
1720 2743 1757 2775 et
1782 2740 1981 2775 catholicae

208 2794 291 2828 fidei
317 2794 587 2828 conservandae
615 2794 772 2838 clerique
800 2794 844 2828 ad
870 2806 1010 2829 morum
1036 2796 1232 2840 puritatem
1259 2795 1452 2829 reducendi
1479 2794 1670 2829 admodum
1689 2794 1891 2834 studiosus;
1919 2793 1981 2838 qui

210 2858 230 2881 a
257 2846 450 2881 Guilielmo
477 2846 719 2881 Grumbachio
755 2848 876 2892 equite
911 2850 1136 2893 protestante
1172 2851 1280 2892 atque
1317 2847 1398 2882 aliis
1433 2847 1672 2893 praedonibus
1709 2847 1980 2891 latronibusque

209 2900 364 2945 publicis
391 2899 625 2934 vehementer
651 2901 830 2942 afflictus,
866 2901 1068 2936 iuventutis
1095 2901 1138 2935 ad
1165 2901 1308 2935 litteras
1334 2903 1371 2935 et
1396 2901 1568 2946 pietatem
1593 2900 1836 2935 instituendae
1861 2899 1981 2943 gratia

209 2953 395 2998 Herbipoli
433 2965 464 2988 a.
506 2954 593 2988 1561
635 2954 899 2998 paedagogium
937 2955 1136 2998 quoddam,
1173 2966 1204 2989 a.
1243 2955 1331 2989 1567
1369 2953 1560 2988 Societatis
1596 2953 1787 2997 collegium
1822 2953 1981 2987 instituit

213 3007 383 3049 (Janssen
409 3006 432 3040 l.
459 3018 489 3040 0.
516 3007 578 3047 IV,
606 3007 804 3042 240—245.
855 3009 933 3052 Iyn.
964 3009 1089 3052 Gropp
1115 3007 1156 3042 Ο.
1184 3007 1218 3042 S.
1246 3008 1298 3049 B„
1327 3007 1499 3042 Collectio
1525 3006 1732 3042 Novissima
1757 3005 1979 3051 Scriptorum

204 3062 246 3093 >et
280 3059 411 3093 Rerum
447 3059 807 3104 VVirceburgensium
833 3060 1074 3104 [Francofurti
1107 3059 1213 3105 1741]
1249 3072 1282 3105 p.
1310 3060 1510 3095 383—409.
1560 3061 1691 3094 Braun
1726 3059 1747 3093 l.
1776 3070 1805 3094 0.
1841 3059 1875 3100 Ι,
1913 3059 1978 3093 106

210 3112 255 3146 ad
284 3113 360 3147 162.
411 3114 477 3147 Fr.
503 3113 550 3147 X.
576 3113 842 3157 Himmelstein,
881 3113 1120 3157 Reihenfolge
1146 3113 1208 3147 der
1235 3113 1404 3147 Eischufe
1430 3125 1501 3147 von
1526 3112 1733 3155 Wiirzburg
1760 3111 1979 3155 [Wiirzburg
