<?xml version="1.0" encoding="UTF-8"?>
<!DOCTYPE html PUBLIC "-//W3C//DTD XHTML 1.0 Transitional//EN"
    "http://www.w3.org/TR/xhtml1/DTD/xhtml1-transitional.dtd">
<html xmlns="http://www.w3.org/1999/xhtml" xml:lang="en" lang="en">
 <head>
  <title>
</title>
<meta http-equiv="Content-Type" content="text/html;charset=utf-8" />
  <meta name='ocr-system' content='tesseract 3.04.00' />
  <meta name='ocr-capabilities' content='ocr_page ocr_carea ocr_par ocr_line ocrx_word'/>
</head>
<body>
  <div class='ocr_page' id='page_1' title='image "beatipetricanisi03cani_0195.png"; bbox 0 0 2093 3444; ppageno 0'>
   <div class='ocr_carea' id='block_1_1' title="bbox 220 193 1854 241">
    <p class='ocr_par' dir='ltr' id='par_1_1' title="bbox 220 193 1854 241">
     <span class='ocr_line' id='line_1_1' title="bbox 220 193 1854 241; baseline 0.003 -14"><span class='ocrx_word' id='word_1_1' title='bbox 220 193 299 228; x_wconf 85' lang='lat'>547.</span> <span class='ocrx_word' id='word_1_2' title='bbox 335 194 488 228; x_wconf 85' lang='lat' dir='ltr'>Ioannes</span> <span class='ocrx_word' id='word_1_3' title='bbox 515 194 558 228; x_wconf 88' lang='lat' dir='ltr'>de</span> <span class='ocrx_word' id='word_1_4' title='bbox 585 194 740 228; x_wconf 88' lang='lat' dir='ltr'>Polanco</span> <span class='ocrx_word' id='word_1_5' title='bbox 769 194 922 230; x_wconf 82' lang='lat' dir='ltr'>Canisio.</span> <span class='ocrx_word' id='word_1_6' title='bbox 967 195 1079 229; x_wconf 85' lang='lat' dir='ltr'>Roma</span> <span class='ocrx_word' id='word_1_7' title='bbox 1109 196 1161 229; x_wconf 83' lang='lat'>19.</span> <span class='ocrx_word' id='word_1_8' title='bbox 1189 195 1326 240; x_wconf 82' lang='lat' dir='ltr'><strong>Aprilis</strong></span> <span class='ocrx_word' id='word_1_9' title='bbox 1356 196 1442 231; x_wconf 83' lang='lat'>1561</span> <span class='ocrx_word' id='word_1_10' title='bbox 1475 196 1544 241; x_wconf 90' lang='lat' dir='ltr'>(ep.</span> <span class='ocrx_word' id='word_1_11' title='bbox 1573 197 1717 241; x_wconf 86' lang='lat' dir='ltr'>altera).</span> <span class='ocrx_word' id='word_1_12' title='bbox 1773 200 1854 240; x_wconf 83' lang='lat'>119</span> 
     </span>
    </p>
   </div>
   <div class='ocr_carea' id='block_1_2' title="bbox 80 311 1857 629">
    <p class='ocr_par' dir='ltr' id='par_1_2' title="bbox 80 311 1857 484">
     <span class='ocr_line' id='line_1_2' title="bbox 81 311 1856 368; baseline 0.002 -15"><span class='ocrx_word' id='word_1_13' title='bbox 81 314 125 354; x_wconf 91' lang='lat' dir='ltr'>et</span> <span class='ocrx_word' id='word_1_14' title='bbox 157 312 307 354; x_wconf 84' lang='lat' dir='ltr'>fauore</span> <span class='ocrx_word' id='word_1_15' title='bbox 341 312 419 354; x_wconf 90' lang='lat' dir='ltr'>che</span> <span class='ocrx_word' id='word_1_16' title='bbox 451 312 497 354; x_wconf 79' lang='lat' dir='ltr'>fa</span> <span class='ocrx_word' id='word_1_17' title='bbox 519 311 593 354; x_wconf 93' lang='lat' dir='ltr'>alli</span> <span class='ocrx_word' id='word_1_18' title='bbox 626 312 763 355; x_wconf 85' lang='lat' dir='ltr'>nostri</span> <span class='ocrx_word' id='word_1_19' title='bbox 787 327 866 354; x_wconf 90' lang='lat' dir='ltr'>con</span> <span class='ocrx_word' id='word_1_20' title='bbox 889 313 929 355; x_wconf 90' lang='lat' dir='ltr'>le</span> <span class='ocrx_word' id='word_1_21' title='bbox 952 314 1114 368; x_wconf 85' lang='lat' dir='ltr'>parole,</span> <span class='ocrx_word' id='word_1_22' title='bbox 1150 315 1194 355; x_wconf 89' lang='lat' dir='ltr'>et</span> <span class='ocrx_word' id='word_1_23' title='bbox 1217 327 1359 368; x_wconf 85' lang='lat' dir='ltr'>opere.</span> <span class='ocrx_word' id='word_1_24' title='bbox 1404 314 1485 356; x_wconf 90' lang='lat' dir='ltr'>Dio</span> <span class='ocrx_word' id='word_1_25' title='bbox 1508 317 1658 357; x_wconf 91' lang='lat' dir='ltr'>nostro</span> <span class='ocrx_word' id='word_1_26' title='bbox 1682 314 1856 368; x_wconf 85' lang='lat' dir='ltr'>signore</span> 
     </span>
     <span class='ocr_line' id='line_1_3' title="bbox 80 377 1857 432; baseline 0.002 -14"><span class='ocrx_word' id='word_1_27' title='bbox 80 377 141 429; x_wconf 87' lang='lat' dir='ltr'>gli</span> <span class='ocrx_word' id='word_1_28' title='bbox 173 377 237 420; x_wconf 90' lang='lat' dir='ltr'>sia</span> <span class='ocrx_word' id='word_1_29' title='bbox 268 378 392 431; x_wconf 88' lang='lat' dir='ltr'>largo</span> <span class='ocrx_word' id='word_1_30' title='bbox 425 380 751 419; x_wconf 74' lang='lat' dir='ltr'>remuneratore</span> <span class='ocrx_word' id='word_1_31' title='bbox 765 383 791 429; x_wconf 68' lang='lat' dir='ltr'>a,</span> <span class='ocrx_word' id='word_1_32' title='bbox 829 380 873 420; x_wconf 92' lang='lat' dir='ltr'>et</span> <span class='ocrx_word' id='word_1_33' title='bbox 906 392 1108 421; x_wconf 88' lang='lat' dir='ltr'>accresca</span> <span class='ocrx_word' id='word_1_34' title='bbox 1140 379 1169 420; x_wconf 92' lang='lat' dir='ltr'>li</span> <span class='ocrx_word' id='word_1_35' title='bbox 1204 378 1304 420; x_wconf 91' lang='lat' dir='ltr'>doni</span> <span class='ocrx_word' id='word_1_36' title='bbox 1337 378 1418 420; x_wconf 89' lang='lat' dir='ltr'>deb</span> <span class='ocrx_word' id='word_1_37' title='bbox 1450 379 1492 421; x_wconf 90' lang='lat' dir='ltr'>la</span> <span class='ocrx_word' id='word_1_38' title='bbox 1525 394 1604 421; x_wconf 91' lang='lat' dir='ltr'>sua</span> <span class='ocrx_word' id='word_1_39' title='bbox 1636 380 1780 432; x_wconf 87' lang='lat' dir='ltr'>gratia</span> <span class='ocrx_word' id='word_1_40' title='bbox 1813 380 1857 421; x_wconf 92' lang='lat' dir='ltr'>in</span> 
     </span>
     <span class='ocr_line' id='line_1_4' title="bbox 80 442 532 484; baseline 0 0"><span class='ocrx_word' id='word_1_41' title='bbox 80 444 198 484; x_wconf 88' lang='lat' dir='ltr'>tutta</span> <span class='ocrx_word' id='word_1_42' title='bbox 230 442 273 484; x_wconf 90' lang='lat' dir='ltr'>la</span> <span class='ocrx_word' id='word_1_43' title='bbox 306 457 384 484; x_wconf 86' lang='lat' dir='ltr'>sua</span> <span class='ocrx_word' id='word_1_44' title='bbox 418 456 532 484; x_wconf 88' lang='lat' dir='ltr'>casa.</span> 
     </span>
    </p>

    <p class='ocr_par' dir='ltr' id='par_1_3' title="bbox 81 507 1857 629">
     <span class='ocr_line' id='line_1_5' title="bbox 198 507 1857 562; baseline 0.001 -14"><span class='ocrx_word' id='word_1_45' title='bbox 198 507 259 549; x_wconf 89' lang='lat' dir='ltr'>Le</span> <span class='ocrx_word' id='word_1_46' title='bbox 298 507 454 562; x_wconf 87' lang='lat' dir='ltr'>pistole</span> <span class='ocrx_word' id='word_1_47' title='bbox 496 507 538 548; x_wconf 89' lang='lat' dir='ltr'>di</span> <span class='ocrx_word' id='word_1_48' title='bbox 579 510 705 550; x_wconf 87' lang='lat' dir='ltr'>santo</span> <span class='ocrx_word' id='word_1_49' title='bbox 741 507 959 550; x_wconf 82' lang='lat' dir='ltr'>Girolamo</span> <span class='ocrx_word' id='word_1_50' title='bbox 999 512 1210 559; x_wconf 88' lang='lat' dir='ltr'>corrette‚</span> <span class='ocrx_word' id='word_1_51' title='bbox 1256 512 1300 551; x_wconf 88' lang='lat' dir='ltr'>et</span> <span class='ocrx_word' id='word_1_52' title='bbox 1341 510 1605 552; x_wconf 85' lang='lat' dir='ltr'>soancellato</span> <span class='ocrx_word' id='word_1_53' title='bbox 1648 510 1747 562; x_wconf 87' lang='lat' dir='ltr'>quel</span> <span class='ocrx_word' id='word_1_54' title='bbox 1780 509 1857 551; x_wconf 91' lang='grc'><strong>0110</strong></span> 
     </span>
     <span class='ocr_line' id='line_1_6' title="bbox 81 572 1857 629; baseline 0.002 -16"><span class='ocrx_word' id='word_1_55' title='bbox 81 574 117 614; x_wconf 91' lang='grc'>0’</span> <span class='ocrx_word' id='word_1_56' title='bbox 142 574 164 613; x_wconf 78' lang='lat' dir='ltr'>e</span> <span class='ocrx_word' id='word_1_57' title='bbox 198 572 239 614; x_wconf 88' lang='lat' dir='ltr'>di</span> <span class='ocrx_word' id='word_1_58' title='bbox 272 573 468 623; x_wconf 53' lang='lat' dir='ltr'>ier-asmo,</span> <span class='ocrx_word' id='word_1_59' title='bbox 503 572 538 614; x_wconf 89' lang='lat' dir='ltr'>si</span> <span class='ocrx_word' id='word_1_60' title='bbox 571 587 757 627; x_wconf 90' lang='lat' dir='ltr'>possono</span> <span class='ocrx_word' id='word_1_61' title='bbox 792 576 1067 628; x_wconf 76' lang='lat' dir='ltr'>stamparelz</span> <span class='ocrx_word' id='word_1_62' title='bbox 1103 577 1147 616; x_wconf 93' lang='lat' dir='ltr'>et</span> <span class='ocrx_word' id='word_1_63' title='bbox 1180 574 1315 616; x_wconf 88' lang='lat' dir='ltr'>anche</span> <span class='ocrx_word' id='word_1_64' title='bbox 1349 575 1459 616; x_wconf 87' lang='lat' dir='ltr'>delle</span> <span class='ocrx_word' id='word_1_65' title='bbox 1493 589 1621 629; x_wconf 89' lang='lat' dir='ltr'>opere</span> <span class='ocrx_word' id='word_1_66' title='bbox 1656 575 1698 616; x_wconf 89' lang='lat' dir='ltr'>di</span> <span class='ocrx_word' id='word_1_67' title='bbox 1730 578 1857 618; x_wconf 87' lang='lat' dir='ltr'>santo</span> 
     </span>
    </p>
   </div>
   <div class='ocr_carea' id='block_1_3' title="bbox 1115 639 1318 650">
    <p class='ocr_par' dir='ltr' id='par_1_4' title="bbox 1115 639 1318 650">
     <span class='ocr_line' id='line_1_7' title="bbox 1115 639 1318 650; baseline 0 -4"><span class='ocrx_word' id='word_1_68' title='bbox 1115 639 1122 646; x_wconf 82' lang='grc'><em>.</em></span> <span class='ocrx_word' id='word_1_69' title='bbox 1178 639 1185 646; x_wconf 78' lang='lat'><strong>·</strong></span> <span class='ocrx_word' id='word_1_70' title='bbox 1244 642 1254 650; x_wconf 59' lang='lat' dir='ltr'>x</span> <span class='ocrx_word' id='word_1_71' title='bbox 1312 640 1318 646; x_wconf 87' lang='lat'>.</span> 
     </span>
    </p>
   </div>
   <div class='ocr_carea' id='block_1_4' title="bbox 78 701 1857 955">
    <p class='ocr_par' dir='ltr' id='par_1_5' title="bbox 80 701 1598 759">
     <span class='ocr_line' id='line_1_8' title="bbox 80 701 1598 759; baseline 0.003 -15"><span class='ocrx_word' id='word_1_72' title='bbox 80 701 192 745; x_wconf 84' lang='lat' dir='ltr'>uiste</span> <span class='ocrx_word' id='word_1_73' title='bbox 207 704 236 745; x_wconf 79' lang='lat'>2.</span> <span class='ocrx_word' id='word_1_74' title='bbox 304 704 430 745; x_wconf 72' lang='lat' dir='ltr'>Orate</span> <span class='ocrx_word' id='word_1_75' title='bbox 455 718 537 759; x_wconf 71' lang='lat' dir='ltr'>pro</span> <span class='ocrx_word' id='word_1_76' title='bbox 572 704 701 745; x_wconf 69' lang='lat' dir='ltr'>nobis.</span> <span class='ocrx_word' id='word_1_77' title='bbox 767 703 821 745; x_wconf 93' lang='lat' dir='ltr'>Di</span> <span class='ocrx_word' id='word_1_78' title='bbox 854 704 993 746; x_wconf 85' lang='lat' dir='ltr'>Roma</span> <span class='ocrx_word' id='word_1_79' title='bbox 1025 704 1054 746; x_wconf 97' lang='grc'>11</span> <span class='ocrx_word' id='word_1_80' title='bbox 1089 706 1171 748; x_wconf 84' lang='grc'><strong>.19.</strong></span> <span class='ocrx_word' id='word_1_81' title='bbox 1208 705 1245 746; x_wconf 83' lang='lat' dir='ltr'>d&#39;</span> <span class='ocrx_word' id='word_1_82' title='bbox 1270 705 1421 759; x_wconf 87' lang='lat' dir='ltr'>Aprile</span> <span class='ocrx_word' id='word_1_83' title='bbox 1456 707 1598 748; x_wconf 84' lang='lat'>.1561.</span> 
     </span>
    </p>

    <p class='ocr_par' dir='ltr' id='par_1_6' title="bbox 78 767 1857 955">
     <span class='ocr_line' id='line_1_9' title="bbox 199 767 1857 823; baseline 0.002 -14"><span class='ocrx_word' id='word_1_84' title='bbox 199 767 368 817; x_wconf 85' lang='lat' dir='ltr'>Quanto</span> <span class='ocrx_word' id='word_1_85' title='bbox 402 770 428 810; x_wconf 78' lang='lat' dir='ltr'>a</span> <span class='ocrx_word' id='word_1_86' title='bbox 460 768 661 823; x_wconf 84' lang='lat' dir='ltr'>Cipriano</span> <span class='ocrx_word' id='word_1_87' title='bbox 704 783 789 822; x_wconf 88' lang='lat' dir='ltr'>qua</span> <span class='ocrx_word' id='word_1_88' title='bbox 823 769 860 811; x_wconf 94' lang='lat' dir='ltr'>si</span> <span class='ocrx_word' id='word_1_89' title='bbox 893 770 1090 811; x_wconf 88' lang='lat' dir='ltr'>desidera</span> <span class='ocrx_word' id='word_1_90' title='bbox 1131 769 1342 812; x_wconf 88' lang='lat' dir='ltr'>intender’</span> <span class='ocrx_word' id='word_1_91' title='bbox 1377 785 1423 812; x_wconf 90' lang='lat' dir='ltr'>se</span> <span class='ocrx_word' id='word_1_92' title='bbox 1457 771 1508 813; x_wconf 92' lang='lat' dir='ltr'>V.</span> <span class='ocrx_word' id='word_1_93' title='bbox 1542 771 1593 814; x_wconf 81' lang='lat' dir='ltr'>R.</span> <span class='ocrx_word' id='word_1_94' title='bbox 1627 771 1654 812; x_wconf 91' lang='lat' dir='ltr'>l’</span> <span class='ocrx_word' id='word_1_95' title='bbox 1678 771 1735 813; x_wconf 91' lang='lat' dir='ltr'>ha</span> <span class='ocrx_word' id='word_1_96' title='bbox 1768 771 1857 812; x_wconf 91' lang='lat' dir='ltr'>col-</span> 
     </span>
     <span class='ocr_line' id='line_1_10' title="bbox 78 832 1856 890; baseline 0.002 -16"><span class='ocrx_word' id='word_1_97' title='bbox 78 832 290 875; x_wconf 88' lang='lat' dir='ltr'>lationato</span> <span class='ocrx_word' id='word_1_98' title='bbox 324 836 454 884; x_wconf 86' lang='lat' dir='ltr'>tutto,</span> <span class='ocrx_word' id='word_1_99' title='bbox 489 836 512 875; x_wconf 83' lang='lat' dir='ltr'>o</span> <span class='ocrx_word' id='word_1_100' title='bbox 535 837 674 888; x_wconf 87' lang='lat' dir='ltr'>parte,</span> <span class='ocrx_word' id='word_1_101' title='bbox 710 848 790 876; x_wconf 89' lang='grc'><strong>0011</strong></span> <span class='ocrx_word' id='word_1_102' title='bbox 823 835 964 887; x_wconf 86' lang='lat' dir='ltr'>quello</span> <span class='ocrx_word' id='word_1_103' title='bbox 999 835 1067 876; x_wconf 90' lang='lat' dir='ltr'>del</span> <span class='ocrx_word' id='word_1_104' title='bbox 1090 835 1304 877; x_wconf 89' lang='lat' dir='ltr'>Vaticano</span> <span class='ocrx_word' id='word_1_105' title='bbox 1327 850 1405 890; x_wconf 91' lang='lat' dir='ltr'>per</span> <span class='ocrx_word' id='word_1_106' title='bbox 1437 836 1515 877; x_wconf 89' lang='lat' dir='ltr'>che</span> <span class='ocrx_word' id='word_1_107' title='bbox 1539 836 1575 878; x_wconf 88' lang='lat' dir='ltr'>si</span> <span class='ocrx_word' id='word_1_108' title='bbox 1607 850 1691 877; x_wconf 91' lang='lat' dir='ltr'>non</span> <span class='ocrx_word' id='word_1_109' title='bbox 1724 839 1856 887; x_wconf 89' lang='lat' dir='ltr'>tutto,</span> 
     </span>
     <span class='ocr_line' id='line_1_11' title="bbox 79 897 1795 955; baseline 0.002 -15"><span class='ocrx_word' id='word_1_110' title='bbox 79 897 116 939; x_wconf 89' lang='lat' dir='ltr'>si</span> <span class='ocrx_word' id='word_1_111' title='bbox 147 902 275 952; x_wconf 90' lang='lat' dir='ltr'>potra</span> <span class='ocrx_word' id='word_1_112' title='bbox 308 899 590 941; x_wconf 87' lang='lat' dir='ltr'>collationare</span> <span class='ocrx_word' id='word_1_113' title='bbox 622 899 653 941; x_wconf 89' lang='lat' dir='ltr'>il</span> <span class='ocrx_word' id='word_1_114' title='bbox 684 903 816 951; x_wconf 86' lang='lat' dir='ltr'>resto,</span> <span class='ocrx_word' id='word_1_115' title='bbox 851 903 895 943; x_wconf 91' lang='lat' dir='ltr'>et</span> <span class='ocrx_word' id='word_1_116' title='bbox 928 900 999 942; x_wconf 87' lang='lat' dir='ltr'>all’</span> <span class='ocrx_word' id='word_1_117' title='bbox 1024 901 1130 942; x_wconf 90' lang='lat' dir='ltr'>hora</span> <span class='ocrx_word' id='word_1_118' title='bbox 1162 914 1268 955; x_wconf 87' lang='lat' dir='ltr'>pare</span> <span class='ocrx_word' id='word_1_119' title='bbox 1301 901 1409 943; x_wconf 90' lang='lat' dir='ltr'>bene</span> <span class='ocrx_word' id='word_1_120' title='bbox 1445 902 1521 943; x_wconf 90' lang='lat' dir='ltr'>che</span> <span class='ocrx_word' id='word_1_121' title='bbox 1554 901 1590 943; x_wconf 90' lang='lat' dir='ltr'>si</span> <span class='ocrx_word' id='word_1_122' title='bbox 1623 901 1795 955; x_wconf 87' lang='lat' dir='ltr'>stampi.</span> 
     </span>
    </p>
   </div>
   <div class='ocr_carea' id='block_1_5' title="bbox 91 985 1845 994">
    <p class='ocr_par' dir='ltr' id='par_1_7' title="bbox 91 985 1845 994">
     <span class='ocr_line' id='line_1_12' title="bbox 91 985 1845 994; baseline 0 0"><span class='ocrx_word' id='word_1_123' title='bbox 91 985 1845 994; x_wconf 95' lang='lat' dir='ltr'> </span> 
     </span>
    </p>
   </div>
   <div class='ocr_carea' id='block_1_6' title="bbox 79 1037 1859 1512">
    <p class='ocr_par' dir='ltr' id='par_1_8' title="bbox 80 1037 1859 1137">
     <span class='ocr_line' id='line_1_13' title="bbox 80 1037 1859 1084; baseline 0.002 -13"><span class='ocrx_word' id='word_1_124' title='bbox 80 1037 213 1071; x_wconf 87' lang='lat' dir='ltr'>nostris</span> <span class='ocrx_word' id='word_1_125' title='bbox 240 1039 275 1071; x_wconf 87' lang='lat' dir='ltr'>et</span> <span class='ocrx_word' id='word_1_126' title='bbox 301 1038 422 1072; x_wconf 87' lang='lat' dir='ltr'>verbis</span> <span class='ocrx_word' id='word_1_127' title='bbox 448 1041 485 1072; x_wconf 87' lang='lat' dir='ltr'>et</span> <span class='ocrx_word' id='word_1_128' title='bbox 511 1038 618 1072; x_wconf 85' lang='lat' dir='ltr'>factis</span> <span class='ocrx_word' id='word_1_129' title='bbox 645 1038 802 1073; x_wconf 76' lang='lat' dir='ltr'>exhibet.</span> <span class='ocrx_word' id='word_1_130' title='bbox 842 1039 940 1073; x_wconf 89' lang='lat' dir='ltr'>Deus</span> <span class='ocrx_word' id='word_1_131' title='bbox 967 1042 1004 1073; x_wconf 93' lang='lat' dir='ltr'>et</span> <span class='ocrx_word' id='word_1_132' title='bbox 1030 1039 1195 1073; x_wconf 89' lang='lat' dir='ltr'>dominus</span> <span class='ocrx_word' id='word_1_133' title='bbox 1220 1042 1343 1074; x_wconf 89' lang='lat' dir='ltr'>noster</span> <span class='ocrx_word' id='word_1_134' title='bbox 1368 1039 1457 1074; x_wconf 85' lang='lat' dir='ltr'>haec</span> <span class='ocrx_word' id='word_1_135' title='bbox 1483 1039 1585 1084; x_wconf 86' lang='lat' dir='ltr'>large</span> <span class='ocrx_word' id='word_1_136' title='bbox 1611 1042 1859 1075; x_wconf 67' lang='lat' dir='ltr'>remuneretur</span> 
     </span>
     <span class='ocr_line' id='line_1_14' title="bbox 80 1091 1120 1137; baseline 0.003 -13"><span class='ocrx_word' id='word_1_137' title='bbox 80 1093 117 1124; x_wconf 90' lang='lat' dir='ltr'>et</span> <span class='ocrx_word' id='word_1_138' title='bbox 143 1092 282 1134; x_wconf 85' lang='lat' dir='ltr'>gratiae</span> <span class='ocrx_word' id='word_1_139' title='bbox 309 1103 395 1125; x_wconf 87' lang='grc'><strong>51130</strong></span> <span class='ocrx_word' id='word_1_140' title='bbox 423 1091 515 1125; x_wconf 83' lang='lat' dir='ltr'>dona</span> <span class='ocrx_word' id='word_1_141' title='bbox 541 1091 578 1125; x_wconf 88' lang='lat' dir='ltr'>in</span> <span class='ocrx_word' id='word_1_142' title='bbox 603 1093 681 1126; x_wconf 89' lang='lat' dir='ltr'>tota</span> <span class='ocrx_word' id='word_1_143' title='bbox 707 1092 784 1126; x_wconf 86' lang='lat' dir='ltr'>eius</span> <span class='ocrx_word' id='word_1_144' title='bbox 810 1092 950 1126; x_wconf 84' lang='lat' dir='ltr'>familia</span> <span class='ocrx_word' id='word_1_145' title='bbox 977 1094 1120 1137; x_wconf 83' lang='lat' dir='ltr'>augeat.</span> 
     </span>
    </p>

    <p class='ocr_par' dir='ltr' id='par_1_9' title="bbox 80 1143 1859 1352">
     <span class='ocr_line' id='line_1_15' title="bbox 200 1143 1859 1192; baseline 0.002 -15"><span class='ocrx_word' id='word_1_146' title='bbox 200 1143 398 1178; x_wconf 83' lang='lat' dir='ltr'>Licentiam</span> <span class='ocrx_word' id='word_1_147' title='bbox 426 1145 528 1179; x_wconf 88' lang='lat' dir='ltr'>vobis</span> <span class='ocrx_word' id='word_1_148' title='bbox 553 1145 747 1179; x_wconf 72' lang='lat' dir='ltr'>tribuimus</span> <span class='ocrx_word' id='word_1_149' title='bbox 774 1145 950 1190; x_wconf 73' lang='lat' dir='ltr'>epistulas</span> <span class='ocrx_word' id='word_1_150' title='bbox 985 1146 1102 1180; x_wconf 85' lang='lat' dir='ltr'>sancti</span> <span class='ocrx_word' id='word_1_151' title='bbox 1129 1146 1340 1192; x_wconf 83' lang='lat' dir='ltr'>Hieronymi</span> <span class='ocrx_word' id='word_1_152' title='bbox 1367 1149 1567 1188; x_wconf 86' lang='lat' dir='ltr'>correctas,</span> <span class='ocrx_word' id='word_1_153' title='bbox 1603 1148 1729 1188; x_wconf 91' lang='lat' dir='ltr'>rebus,</span> <span class='ocrx_word' id='word_1_154' title='bbox 1767 1158 1859 1192; x_wconf 90' lang='lat' dir='ltr'>quae</span> 
     </span>
     <span class='ocr_line' id='line_1_16' title="bbox 80 1197 1859 1246; baseline 0.002 -15"><span class='ocrx_word' id='word_1_155' title='bbox 80 1197 124 1231; x_wconf 86' lang='lat' dir='ltr'>ab</span> <span class='ocrx_word' id='word_1_156' title='bbox 151 1197 301 1232; x_wconf 88' lang='lat' dir='ltr'>Erasmo</span> <span class='ocrx_word' id='word_1_157' title='bbox 327 1198 378 1232; x_wconf 89' lang='lat' dir='ltr'>eis</span> <span class='ocrx_word' id='word_1_158' title='bbox 405 1210 574 1243; x_wconf 80' lang='lat' dir='ltr'>aspersae</span> <span class='ocrx_word' id='word_1_159' title='bbox 601 1202 702 1239; x_wconf 80' lang='lat' dir='ltr'>sunt,</span> <span class='ocrx_word' id='word_1_160' title='bbox 729 1199 901 1240; x_wconf 86' lang='lat' dir='ltr'>sublatis,</span> <span class='ocrx_word' id='word_1_161' title='bbox 930 1200 1175 1240; x_wconf 80' lang='lat' dir='ltr'>excudendi¹;</span> <span class='ocrx_word' id='word_1_162' title='bbox 1202 1202 1311 1244; x_wconf 85' lang='lat' dir='ltr'>atque</span> <span class='ocrx_word' id='word_1_163' title='bbox 1338 1200 1445 1234; x_wconf 86' lang='lat' dir='ltr'>etiam</span> <span class='ocrx_word' id='word_1_164' title='bbox 1474 1201 1516 1234; x_wconf 87' lang='lat' dir='ltr'>de</span> <span class='ocrx_word' id='word_1_165' title='bbox 1543 1201 1659 1235; x_wconf 84' lang='lat' dir='ltr'>sancti</span> <span class='ocrx_word' id='word_1_166' title='bbox 1688 1201 1859 1246; x_wconf 86' lang='lat' dir='ltr'>Cypriani</span> 
     </span>
     <span class='ocr_line' id='line_1_17' title="bbox 80 1251 1858 1297; baseline 0.002 -13"><span class='ocrx_word' id='word_1_167' title='bbox 80 1251 247 1295; x_wconf 87' lang='lat' dir='ltr'>operibus</span> <span class='ocrx_word' id='word_1_168' title='bbox 273 1251 366 1285; x_wconf 88' lang='lat' dir='ltr'>idem</span> <span class='ocrx_word' id='word_1_169' title='bbox 394 1251 576 1293; x_wconf 75' lang='lat' dir='ltr'>statuitur,</span> <span class='ocrx_word' id='word_1_170' title='bbox 604 1252 654 1286; x_wconf 88' lang='lat' dir='ltr'>ita</span> <span class='ocrx_word' id='word_1_171' title='bbox 680 1255 809 1291; x_wconf 83' lang='lat' dir='ltr'>tamen,</span> <span class='ocrx_word' id='word_1_172' title='bbox 837 1256 878 1287; x_wconf 87' lang='lat' dir='ltr'>ut</span> <span class='ocrx_word' id='word_1_173' title='bbox 896 1253 937 1288; x_wconf 78' lang='lat' dir='ltr'>R.</span> <span class='ocrx_word' id='word_1_174' title='bbox 950 1253 992 1288; x_wconf 89' lang='lat' dir='ltr'>V.</span> <span class='ocrx_word' id='word_1_175' title='bbox 1013 1265 1145 1294; x_wconf 88' lang='lat' dir='ltr'>eorum,</span> <span class='ocrx_word' id='word_1_176' title='bbox 1173 1254 1233 1297; x_wconf 88' lang='lat' dir='ltr'>qui</span> <span class='ocrx_word' id='word_1_177' title='bbox 1261 1265 1302 1287; x_wconf 91' lang='lat' dir='ltr'>ea</span> <span class='ocrx_word' id='word_1_178' title='bbox 1328 1254 1613 1297; x_wconf 82' lang='lat' dir='ltr'>recognoverint,</span> <span class='ocrx_word' id='word_1_179' title='bbox 1641 1255 1858 1288; x_wconf 87' lang='lat' dir='ltr'>sententiam</span> 
     </span>
     <span class='ocr_line' id='line_1_18' title="bbox 80 1305 1214 1352; baseline 0.003 -14"><span class='ocrx_word' id='word_1_180' title='bbox 80 1305 283 1348; x_wconf 45' lang='lat' dir='ltr'>exquirat?</span> <span class='ocrx_word' id='word_1_181' title='bbox 339 1306 446 1340; x_wconf 75' lang='lat' dir='ltr'>Orate</span> <span class='ocrx_word' id='word_1_182' title='bbox 466 1317 539 1348; x_wconf 76' lang='lat' dir='ltr'>pro</span> <span class='ocrx_word' id='word_1_183' title='bbox 566 1307 673 1340; x_wconf 74' lang='lat' dir='ltr'>nobis,</span> <span class='ocrx_word' id='word_1_184' title='bbox 726 1306 840 1340; x_wconf 84' lang='lat' dir='ltr'>Roma</span> <span class='ocrx_word' id='word_1_185' title='bbox 869 1307 921 1341; x_wconf 83' lang='lat'>19.</span> <span class='ocrx_word' id='word_1_186' title='bbox 949 1307 1084 1352; x_wconf 80' lang='lat' dir='ltr'>Aprilis</span> <span class='ocrx_word' id='word_1_187' title='bbox 1114 1307 1214 1341; x_wconf 80' lang='lat'>1561.</span> 
     </span>
    </p>

    <p class='ocr_par' dir='ltr' id='par_1_10' title="bbox 79 1357 1859 1512">
     <span class='ocr_line' id='line_1_19' title="bbox 199 1357 1859 1406; baseline 0.002 -15"><span class='ocrx_word' id='word_1_188' title='bbox 199 1357 252 1392; x_wconf 93' lang='lat' dir='ltr'>De</span> <span class='ocrx_word' id='word_1_189' title='bbox 277 1358 456 1403; x_wconf 86' lang='lat' dir='ltr'>Cypriano</span> <span class='ocrx_word' id='word_1_190' title='bbox 484 1360 655 1393; x_wconf 85' lang='lat' dir='ltr'>certiores</span> <span class='ocrx_word' id='word_1_191' title='bbox 684 1359 763 1393; x_wconf 87' lang='lat' dir='ltr'>fieri</span> <span class='ocrx_word' id='word_1_192' title='bbox 790 1360 964 1405; x_wconf 87' lang='lat' dir='ltr'>cupimus,</span> <span class='ocrx_word' id='word_1_193' title='bbox 991 1363 1112 1394; x_wconf 89' lang='lat' dir='ltr'>utrum</span> <span class='ocrx_word' id='word_1_194' title='bbox 1131 1361 1172 1395; x_wconf 83' lang='lat' dir='ltr'>R.</span> <span class='ocrx_word' id='word_1_195' title='bbox 1188 1360 1231 1394; x_wconf 90' lang='lat' dir='ltr'>V.</span> <span class='ocrx_word' id='word_1_196' title='bbox 1260 1372 1338 1394; x_wconf 89' lang='lat' dir='ltr'>eum</span> <span class='ocrx_word' id='word_1_197' title='bbox 1365 1363 1482 1394; x_wconf 87' lang='lat' dir='ltr'>totum</span> <span class='ocrx_word' id='word_1_198' title='bbox 1508 1372 1553 1394; x_wconf 89' lang='lat' dir='ltr'>an</span> <span class='ocrx_word' id='word_1_199' title='bbox 1579 1364 1718 1406; x_wconf 86' lang='lat' dir='ltr'>partem</span> <span class='ocrx_word' id='word_1_200' title='bbox 1745 1361 1859 1406; x_wconf 90' lang='lat' dir='ltr'>ipsius</span> 
     </span>
     <span class='ocr_line' id='line_1_20' title="bbox 80 1412 1858 1460; baseline 0.002 -15"><span class='ocrx_word' id='word_1_201' title='bbox 80 1422 161 1445; x_wconf 87' lang='lat' dir='ltr'>cum</span> <span class='ocrx_word' id='word_1_202' title='bbox 188 1412 352 1457; x_wconf 87' lang='lat' dir='ltr'>exemplo</span> <span class='ocrx_word' id='word_1_203' title='bbox 379 1413 548 1447; x_wconf 87' lang='lat' dir='ltr'>vaticano</span> <span class='ocrx_word' id='word_1_204' title='bbox 575 1413 787 1455; x_wconf 55' lang='lat' dir='ltr'>contulerim</span> <span class='ocrx_word' id='word_1_205' title='bbox 814 1413 883 1448; x_wconf 90' lang='lat' dir='ltr'>nisi</span> <span class='ocrx_word' id='word_1_206' title='bbox 911 1414 1004 1448; x_wconf 90' lang='lat' dir='ltr'>enim</span> <span class='ocrx_word' id='word_1_207' title='bbox 1030 1416 1147 1448; x_wconf 90' lang='lat' dir='ltr'>totum</span> <span class='ocrx_word' id='word_1_208' title='bbox 1173 1414 1383 1457; x_wconf 80' lang='lat' dir='ltr'>contulerit,</span> <span class='ocrx_word' id='word_1_209' title='bbox 1410 1414 1587 1458; x_wconf 87' lang='lat' dir='ltr'>reliquam</span> <span class='ocrx_word' id='word_1_210' title='bbox 1613 1417 1753 1460; x_wconf 88' lang='lat' dir='ltr'>partem</span> <span class='ocrx_word' id='word_1_211' title='bbox 1779 1426 1858 1449; x_wconf 91' lang='lat' dir='ltr'>con-</span> 
     </span>
     <span class='ocr_line' id='line_1_21' title="bbox 79 1464 983 1512; baseline 0.003 -13"><span class='ocrx_word' id='word_1_212' title='bbox 79 1464 257 1503; x_wconf 85' lang='lat' dir='ltr'>feremus;</span> <span class='ocrx_word' id='word_1_213' title='bbox 285 1477 356 1510; x_wconf 88' lang='lat' dir='ltr'>qua</span> <span class='ocrx_word' id='word_1_214' title='bbox 382 1466 514 1500; x_wconf 85' lang='lat' dir='ltr'>collata</span> <span class='ocrx_word' id='word_1_215' title='bbox 540 1466 669 1501; x_wconf 88' lang='lat' dir='ltr'>librum</span> <span class='ocrx_word' id='word_1_216' title='bbox 698 1467 827 1501; x_wconf 89' lang='lat' dir='ltr'>excudi</span> <span class='ocrx_word' id='word_1_217' title='bbox 853 1467 983 1512; x_wconf 90' lang='lat' dir='ltr'>placet.</span> 
     </span>
    </p>
   </div>
   <div class='ocr_carea' id='block_1_7' title="bbox 81 1541 1860 2015">
    <p class='ocr_par' dir='ltr' id='par_1_11' title="bbox 81 1541 1860 2015">
     <span class='ocr_line' id='line_1_22' title="bbox 200 1541 1860 1590; baseline 0.001 -12"><span class='ocrx_word' id='word_1_218' title='bbox 200 1541 311 1578; x_wconf 78' lang='lat' dir='ltr'>Nota:</span> <span class='ocrx_word' id='word_1_219' title='bbox 350 1544 450 1578; x_wconf 89' lang='grc' dir='ltr'><strong>Η300</strong></span> <span class='ocrx_word' id='word_1_220' title='bbox 489 1544 645 1589; x_wconf 84' lang='lat' dir='ltr'>epistula</span> <span class='ocrx_word' id='word_1_221' title='bbox 683 1547 809 1579; x_wconf 87' lang='lat' dir='ltr'>notatu</span> <span class='ocrx_word' id='word_1_222' title='bbox 848 1545 956 1589; x_wconf 85' lang='lat' dir='ltr'>digna</span> <span class='ocrx_word' id='word_1_223' title='bbox 996 1546 1051 1579; x_wconf 88' lang='lat' dir='ltr'>est</span> <span class='ocrx_word' id='word_1_224' title='bbox 1086 1544 1243 1578; x_wconf 76' lang='lat' dir='ltr'>maxime</span> <span class='ocrx_word' id='word_1_225' title='bbox 1281 1547 1428 1590; x_wconf 88' lang='lat' dir='ltr'>propter</span> <span class='ocrx_word' id='word_1_226' title='bbox 1465 1544 1649 1579; x_wconf 84' lang='lat' dir='ltr'>licentiam</span> <span class='ocrx_word' id='word_1_227' title='bbox 1684 1544 1860 1590; x_wconf 84' lang='lat' dir='ltr'>epistulas</span> 
     </span>
     <span class='ocr_line' id='line_1_23' title="bbox 81 1594 1857 1643; baseline 0.002 -14"><span class='ocrx_word' id='word_1_228' title='bbox 81 1594 116 1629; x_wconf 81' lang='lat' dir='ltr'>S.</span> <span class='ocrx_word' id='word_1_229' title='bbox 135 1595 347 1642; x_wconf 86' lang='lat' dir='ltr'>Hieronymi</span> <span class='ocrx_word' id='word_1_230' title='bbox 374 1597 502 1631; x_wconf 87' lang='lat' dir='ltr'>edendi</span> <span class='ocrx_word' id='word_1_231' title='bbox 522 1597 663 1632; x_wconf 87' lang='lat' dir='ltr'>Canisio</span> <span class='ocrx_word' id='word_1_232' title='bbox 689 1599 873 1632; x_wconf 86' lang='lat' dir='ltr'>tributam.</span> <span class='ocrx_word' id='word_1_233' title='bbox 913 1598 966 1632; x_wconf 93' lang='lat' dir='ltr'>De</span> <span class='ocrx_word' id='word_1_234' title='bbox 993 1610 1063 1642; x_wconf 89' lang='lat' dir='ltr'>qua</span> <span class='ocrx_word' id='word_1_235' title='bbox 1090 1598 1244 1632; x_wconf 86' lang='lat' dir='ltr'>editione</span> <span class='ocrx_word' id='word_1_236' title='bbox 1270 1598 1424 1643; x_wconf 88' lang='lat' dir='ltr'>primum</span> <span class='ocrx_word' id='word_1_237' title='bbox 1452 1598 1529 1643; x_wconf 92' lang='lat' dir='ltr'>ipso</span> <span class='ocrx_word' id='word_1_238' title='bbox 1555 1598 1622 1632; x_wconf 89' lang='grc'><strong>1100</strong></span> <span class='ocrx_word' id='word_1_239' title='bbox 1649 1610 1739 1632; x_wconf 89' lang='lat' dir='ltr'>anno</span> <span class='ocrx_word' id='word_1_240' title='bbox 1769 1598 1857 1633; x_wconf 85' lang='lat'>1561</span> 
     </span>
     <span class='ocr_line' id='line_1_24' title="bbox 81 1649 1860 1697; baseline 0.002 -14"><span class='ocrx_word' id='word_1_241' title='bbox 81 1649 180 1683; x_wconf 87' lang='lat' dir='ltr'>facta</span> <span class='ocrx_word' id='word_1_242' title='bbox 207 1652 242 1684; x_wconf 88' lang='grc'>01</span> <span class='ocrx_word' id='word_1_243' title='bbox 269 1652 394 1695; x_wconf 88' lang='lat' dir='ltr'>postea</span> <span class='ocrx_word' id='word_1_244' title='bbox 421 1663 529 1696; x_wconf 86' lang='lat' dir='ltr'>saepe</span> <span class='ocrx_word' id='word_1_245' title='bbox 556 1651 712 1696; x_wconf 83' lang='lat' dir='ltr'>repetita</span> <span class='ocrx_word' id='word_1_246' title='bbox 737 1651 819 1686; x_wconf 87' lang='lat' dir='ltr'>vide</span> <span class='ocrx_word' id='word_1_247' title='bbox 846 1651 959 1693; x_wconf 85' lang='lat' dir='ltr'>infra,</span> <span class='ocrx_word' id='word_1_248' title='bbox 986 1663 1142 1686; x_wconf 89' lang='lat' dir='ltr'>monum.</span> <span class='ocrx_word' id='word_1_249' title='bbox 1170 1651 1249 1686; x_wconf 77' lang='lat'>392.</span> <span class='ocrx_word' id='word_1_250' title='bbox 1278 1651 1357 1686; x_wconf 79' lang='lat'>393.</span> <span class='ocrx_word' id='word_1_251' title='bbox 1409 1652 1582 1686; x_wconf 86' lang='lat' dir='ltr'>Erasmus</span> <span class='ocrx_word' id='word_1_252' title='bbox 1608 1652 1726 1686; x_wconf 88' lang='lat' dir='ltr'>omnia</span> <span class='ocrx_word' id='word_1_253' title='bbox 1752 1663 1860 1697; x_wconf 87' lang='lat' dir='ltr'>opera</span> 
     </span>
     <span class='ocr_line' id='line_1_25' title="bbox 81 1701 1856 1750; baseline 0.001 -13"><span class='ocrx_word' id='word_1_254' title='bbox 81 1701 116 1737; x_wconf 79' lang='lat' dir='ltr'>S.</span> <span class='ocrx_word' id='word_1_255' title='bbox 144 1702 354 1749; x_wconf 86' lang='lat' dir='ltr'>Hieronymi</span> <span class='ocrx_word' id='word_1_256' title='bbox 390 1705 527 1749; x_wconf 87' lang='lat' dir='ltr'>primus</span> <span class='ocrx_word' id='word_1_257' title='bbox 564 1705 726 1739; x_wconf 84' lang='lat' dir='ltr'>ediderat</span> <span class='ocrx_word' id='word_1_258' title='bbox 760 1705 796 1747; x_wconf 85' lang='lat'>(9</span> <span class='ocrx_word' id='word_1_259' title='bbox 823 1705 1065 1739; x_wconf 88' lang='lat' dir='ltr'>voluminibus</span> <span class='ocrx_word' id='word_1_260' title='bbox 1101 1705 1137 1739; x_wconf 90' lang='lat' dir='ltr'>in</span> <span class='ocrx_word' id='word_1_261' title='bbox 1172 1705 1277 1746; x_wconf 82' lang='lat' dir='ltr'>folio,</span> <span class='ocrx_word' id='word_1_262' title='bbox 1311 1707 1351 1739; x_wconf 91' lang='lat' dir='ltr'>ut</span> <span class='ocrx_word' id='word_1_263' title='bbox 1377 1704 1546 1748; x_wconf 85' lang='lat' dir='ltr'>dicimus,</span> <span class='ocrx_word' id='word_1_264' title='bbox 1583 1705 1856 1750; x_wconf 85' lang='lat' dir='ltr'>comprehensa)</span> 
     </span>
     <span class='ocr_line' id='line_1_26' title="bbox 82 1756 1859 1803; baseline 0.001 -13"><span class='ocrx_word' id='word_1_265' title='bbox 82 1756 248 1791; x_wconf 88' lang='lat' dir='ltr'>Basileae</span> <span class='ocrx_word' id='word_1_266' title='bbox 275 1769 306 1791; x_wconf 87' lang='lat' dir='ltr'>a.</span> <span class='ocrx_word' id='word_1_267' title='bbox 328 1758 583 1799; x_wconf 78' lang='lat'>1516—1520;</span> <span class='ocrx_word' id='word_1_268' title='bbox 611 1769 703 1802; x_wconf 88' lang='lat' dir='ltr'>quae</span> <span class='ocrx_word' id='word_1_269' title='bbox 731 1758 849 1800; x_wconf 82' lang='lat' dir='ltr'>editio,</span> <span class='ocrx_word' id='word_1_270' title='bbox 877 1758 1042 1792; x_wconf 85' lang='lat' dir='ltr'>Basileae</span> <span class='ocrx_word' id='word_1_271' title='bbox 1069 1758 1199 1792; x_wconf 87' lang='lat' dir='ltr'>iterum</span> <span class='ocrx_word' id='word_1_272' title='bbox 1226 1770 1268 1792; x_wconf 89' lang='lat' dir='ltr'>ac</span> <span class='ocrx_word' id='word_1_273' title='bbox 1294 1759 1401 1792; x_wconf 87' lang='lat' dir='ltr'>tertio</span> <span class='ocrx_word' id='word_1_274' title='bbox 1427 1761 1535 1803; x_wconf 89' lang='lat' dir='ltr'>atque</span> <span class='ocrx_word' id='word_1_275' title='bbox 1563 1759 1671 1793; x_wconf 87' lang='lat' dir='ltr'>etiam</span> <span class='ocrx_word' id='word_1_276' title='bbox 1698 1758 1859 1800; x_wconf 88' lang='lat' dir='ltr'>Parisiis,</span> 
     </span>
     <span class='ocr_line' id='line_1_27' title="bbox 82 1809 1859 1857; baseline 0.001 -13"><span class='ocrx_word' id='word_1_277' title='bbox 82 1809 258 1853; x_wconf 83' lang='lat' dir='ltr'>Lugduni,</span> <span class='ocrx_word' id='word_1_278' title='bbox 286 1810 372 1845; x_wconf 87' lang='lat' dir='ltr'>alibi</span> <span class='ocrx_word' id='word_1_279' title='bbox 399 1811 582 1855; x_wconf 81' lang='lat' dir='ltr'>evulgata,</span> <span class='ocrx_word' id='word_1_280' title='bbox 610 1823 762 1855; x_wconf 86' lang='lat' dir='ltr'>magnae</span> <span class='ocrx_word' id='word_1_281' title='bbox 790 1811 932 1856; x_wconf 91' lang='lat' dir='ltr'>quidem</span> <span class='ocrx_word' id='word_1_282' title='bbox 960 1823 1039 1845; x_wconf 88' lang='grc'><strong>011111</strong></span> <span class='ocrx_word' id='word_1_283' title='bbox 1067 1811 1278 1846; x_wconf 89' lang='lat' dir='ltr'>eruditionis</span> <span class='ocrx_word' id='word_1_284' title='bbox 1304 1812 1442 1857; x_wconf 88' lang='lat' dir='ltr'>specie,</span> <span class='ocrx_word' id='word_1_285' title='bbox 1469 1812 1532 1846; x_wconf 89' lang='lat' dir='ltr'>sed</span> <span class='ocrx_word' id='word_1_286' title='bbox 1560 1833 1602 1836; x_wconf 97' lang='lat'><strong>—</strong></span> <span class='ocrx_word' id='word_1_287' title='bbox 1631 1812 1691 1856; x_wconf 89' lang='lat' dir='ltr'>qui</span> <span class='ocrx_word' id='word_1_288' title='bbox 1719 1811 1859 1846; x_wconf 83' lang='lat' dir='ltr'>Erasmi</span> 
     </span>
     <span class='ocr_line' id='line_1_28' title="bbox 82 1862 1859 1911; baseline 0.001 -14"><span class='ocrx_word' id='word_1_289' title='bbox 82 1862 118 1896; x_wconf 90' lang='lat' dir='ltr'>in</span> <span class='ocrx_word' id='word_1_290' title='bbox 144 1865 287 1908; x_wconf 86' lang='lat' dir='ltr'>patrum</span> <span class='ocrx_word' id='word_1_291' title='bbox 313 1865 460 1910; x_wconf 88' lang='lat' dir='ltr'>scriptis</span> <span class='ocrx_word' id='word_1_292' title='bbox 487 1865 634 1899; x_wconf 85' lang='lat' dir='ltr'>edendis</span> <span class='ocrx_word' id='word_1_293' title='bbox 660 1877 737 1899; x_wconf 91' lang='lat' dir='ltr'>mos</span> <span class='ocrx_word' id='word_1_294' title='bbox 764 1868 842 1899; x_wconf 86' lang='lat' dir='ltr'>erat</span> <span class='ocrx_word' id='word_1_295' title='bbox 861 1885 903 1889; x_wconf 84' lang='lat'>-—</span> <span class='ocrx_word' id='word_1_296' title='bbox 931 1865 981 1899; x_wconf 84' lang='lat' dir='ltr'>ita</span> <span class='ocrx_word' id='word_1_297' title='bbox 1008 1865 1106 1899; x_wconf 86' lang='lat' dir='ltr'>facta</span> <span class='ocrx_word' id='word_1_298' title='bbox 1133 1868 1222 1906; x_wconf 84' lang='lat' dir='ltr'>erat,</span> <span class='ocrx_word' id='word_1_299' title='bbox 1249 1867 1289 1899; x_wconf 88' lang='lat' dir='ltr'>ut</span> <span class='ocrx_word' id='word_1_300' title='bbox 1314 1865 1525 1911; x_wconf 86' lang='lat' dir='ltr'>Hieronymi</span> <span class='ocrx_word' id='word_1_301' title='bbox 1550 1865 1632 1900; x_wconf 87' lang='lat' dir='ltr'>libri</span> <span class='ocrx_word' id='word_1_302' title='bbox 1658 1866 1783 1900; x_wconf 87' lang='lat' dir='ltr'>multis</span> <span class='ocrx_word' id='word_1_303' title='bbox 1808 1865 1859 1899; x_wconf 90' lang='lat' dir='ltr'>in-</span> 
     </span>
     <span class='ocr_line' id='line_1_29' title="bbox 82 1916 1859 1964; baseline 0.001 -14"><span class='ocrx_word' id='word_1_304' title='bbox 82 1916 209 1952; x_wconf 88' lang='lat' dir='ltr'>anibus</span> <span class='ocrx_word' id='word_1_305' title='bbox 236 1917 453 1953; x_wconf 87' lang='lat' dir='ltr'>coniecturis</span> <span class='ocrx_word' id='word_1_306' title='bbox 480 1920 517 1952; x_wconf 88' lang='lat' dir='ltr'>et</span> <span class='ocrx_word' id='word_1_307' title='bbox 542 1918 745 1952; x_wconf 87' lang='lat' dir='ltr'>temerariis</span> <span class='ocrx_word' id='word_1_308' title='bbox 772 1918 934 1952; x_wconf 85' lang='lat' dir='ltr'>censuris</span> <span class='ocrx_word' id='word_1_309' title='bbox 961 1920 1254 1963; x_wconf 82' lang='lat' dir='ltr'>aspergerentur,</span> <span class='ocrx_word' id='word_1_310' title='bbox 1289 1919 1418 1963; x_wconf 91' lang='lat' dir='ltr'>quibus</span> <span class='ocrx_word' id='word_1_311' title='bbox 1444 1919 1524 1963; x_wconf 87' lang='lat' dir='ltr'>ipsa</span> <span class='ocrx_word' id='word_1_312' title='bbox 1549 1919 1630 1953; x_wconf 90' lang='lat' dir='ltr'>fidei</span> <span class='ocrx_word' id='word_1_313' title='bbox 1658 1919 1797 1964; x_wconf 84' lang='lat' dir='ltr'>puritas</span> <span class='ocrx_word' id='word_1_314' title='bbox 1823 1919 1859 1952; x_wconf 93' lang='lat' dir='ltr'>in</span> 
     </span>
     <span class='ocr_line' id='line_1_30' title="bbox 83 1969 1858 2015; baseline 0.001 -11"><span class='ocrx_word' id='word_1_315' title='bbox 83 1969 275 2005; x_wconf 87' lang='lat' dir='ltr'>discrimen</span> <span class='ocrx_word' id='word_1_316' title='bbox 311 1972 519 2007; x_wconf 86' lang='lat' dir='ltr'>vocabatur.</span> <span class='ocrx_word' id='word_1_317' title='bbox 571 1972 709 2006; x_wconf 91' lang='lat' dir='ltr'>Paulus</span> <span class='ocrx_word' id='word_1_318' title='bbox 735 1971 796 2006; x_wconf 81' lang='lat' dir='ltr'>IV.</span> <span class='ocrx_word' id='word_1_319' title='bbox 832 1972 868 2006; x_wconf 91' lang='lat' dir='ltr'>in</span> <span class='ocrx_word' id='word_1_320' title='bbox 909 1972 1068 2014; x_wconf 48' lang='lat' dir='ltr'>„indiceff</span> <span class='ocrx_word' id='word_1_321' title='bbox 1109 1984 1232 2006; x_wconf 89' lang='lat' dir='ltr'>omnes</span> <span class='ocrx_word' id='word_1_322' title='bbox 1267 1972 1408 2007; x_wconf 79' lang='lat' dir='ltr'>Erasini</span> <span class='ocrx_word' id='word_1_323' title='bbox 1443 1972 1572 2015; x_wconf 86' lang='lat' dir='ltr'>libros,</span> <span class='ocrx_word' id='word_1_324' title='bbox 1608 1972 1763 2013; x_wconf 87' lang='lat' dir='ltr'>scholia,</span> <span class='ocrx_word' id='word_1_325' title='bbox 1800 1972 1858 2006; x_wconf 91' lang='lat' dir='ltr'>ad-</span> 
     </span>
    </p>
   </div>
   <div class='ocr_carea' id='block_1_8' title="bbox 81 2024 1860 2177">
    <p class='ocr_par' dir='ltr' id='par_1_12' title="bbox 81 2024 1860 2177">
     <span class='ocr_line' id='line_1_31' title="bbox 81 2024 1860 2070; baseline 0.001 -12"><span class='ocrx_word' id='word_1_326' title='bbox 81 2024 302 2067; x_wconf 84' lang='lat' dir='ltr'>notationes,</span> <span class='ocrx_word' id='word_1_327' title='bbox 338 2025 515 2070; x_wconf 87' lang='lat' dir='ltr'>epistulas</span> <span class='ocrx_word' id='word_1_328' title='bbox 541 2028 608 2060; x_wconf 88' lang='lat' dir='ltr'>etc.</span> <span class='ocrx_word' id='word_1_329' title='bbox 643 2025 906 2070; x_wconf 84' lang='lat' dir='ltr'>proscripserat</span> <span class='ocrx_word' id='word_1_330' title='bbox 933 2025 1014 2069; x_wconf 82' lang='lat' dir='ltr'>(Fr.</span> <span class='ocrx_word' id='word_1_331' title='bbox 1042 2026 1088 2059; x_wconf 91' lang='lat' dir='ltr'>H.</span> <span class='ocrx_word' id='word_1_332' title='bbox 1117 2027 1274 2070; x_wconf 73' lang='lat' dir='ltr'>Reusclz,</span> <span class='ocrx_word' id='word_1_333' title='bbox 1309 2026 1382 2060; x_wconf 86' lang='lat' dir='ltr'>Der</span> <span class='ocrx_word' id='word_1_334' title='bbox 1408 2026 1520 2060; x_wconf 82' lang='lat' dir='ltr'>Index</span> <span class='ocrx_word' id='word_1_335' title='bbox 1552 2026 1614 2060; x_wconf 89' lang='lat' dir='ltr'>der</span> <span class='ocrx_word' id='word_1_336' title='bbox 1639 2026 1860 2060; x_wconf 85' lang='lat' dir='ltr'>verbotenen</span> 
     </span>
     <span class='ocr_line' id='line_1_32' title="bbox 82 2077 1859 2123; baseline 0.001 -12"><span class='ocrx_word' id='word_1_337' title='bbox 82 2077 224 2112; x_wconf 81' lang='lat' dir='ltr'>Biicher</span> <span class='ocrx_word' id='word_1_338' title='bbox 249 2078 265 2112; x_wconf 86' lang='grc' dir='ltr'>Ι</span> <span class='ocrx_word' id='word_1_339' title='bbox 291 2078 407 2122; x_wconf 88' lang='lat' dir='ltr'>[Bonn</span> <span class='ocrx_word' id='word_1_340' title='bbox 435 2078 552 2123; x_wconf 78' lang='lat'>1883],</span> <span class='ocrx_word' id='word_1_341' title='bbox 579 2079 658 2113; x_wconf 81' lang='lat'>264.</span> <span class='ocrx_word' id='word_1_342' title='bbox 687 2078 784 2122; x_wconf 84' lang='lat'>347).</span> <span class='ocrx_word' id='word_1_343' title='bbox 832 2078 944 2112; x_wconf 88' lang='lat' dir='ltr'>Plura</span> <span class='ocrx_word' id='word_1_344' title='bbox 968 2079 1051 2112; x_wconf 87' lang='lat' dir='ltr'>vide</span> <span class='ocrx_word' id='word_1_345' title='bbox 1078 2078 1182 2120; x_wconf 87' lang='lat' dir='ltr'>infra,</span> <span class='ocrx_word' id='word_1_346' title='bbox 1209 2079 1245 2112; x_wconf 93' lang='lat' dir='ltr'>in</span> <span class='ocrx_word' id='word_1_347' title='bbox 1272 2079 1407 2114; x_wconf 87' lang='lat' dir='ltr'>Canisii</span> <span class='ocrx_word' id='word_1_348' title='bbox 1433 2079 1564 2114; x_wconf 87' lang='lat' dir='ltr'>litteris</span> <span class='ocrx_word' id='word_1_349' title='bbox 1590 2091 1636 2114; x_wconf 87' lang='lat' dir='ltr'>m.</span> <span class='ocrx_word' id='word_1_350' title='bbox 1664 2078 1859 2113; x_wconf 90' lang='lat' dir='ltr'>Novembri</span> 
     </span>
     <span class='ocr_line' id='line_1_33' title="bbox 84 2131 1253 2177; baseline 0.001 -11"><span class='ocrx_word' id='word_1_351' title='bbox 84 2132 172 2166; x_wconf 86' lang='lat'>1561</span> <span class='ocrx_word' id='word_1_352' title='bbox 201 2132 245 2166; x_wconf 84' lang='lat' dir='ltr'>ad</span> <span class='ocrx_word' id='word_1_353' title='bbox 272 2132 468 2167; x_wconf 88' lang='lat' dir='ltr'>Herlenum</span> <span class='ocrx_word' id='word_1_354' title='bbox 495 2132 599 2167; x_wconf 85' lang='lat' dir='ltr'>datis.</span> <span class='ocrx_word' id='word_1_355' title='bbox 652 2132 705 2167; x_wconf 81' lang='lat' dir='ltr'>Of.</span> <span class='ocrx_word' id='word_1_356' title='bbox 733 2131 842 2166; x_wconf 89' lang='lat' dir='ltr'>etiam</span> <span class='ocrx_word' id='word_1_357' title='bbox 872 2133 958 2166; x_wconf 75' lang='lat' dir='ltr'>Can.</span> <span class='ocrx_word' id='word_1_358' title='bbox 986 2131 1075 2177; x_wconf 89' lang='lat' dir='ltr'>Epp.</span> <span class='ocrx_word' id='word_1_359' title='bbox 1103 2132 1146 2174; x_wconf 90' lang='lat' dir='ltr'>lI,</span> <span class='ocrx_word' id='word_1_360' title='bbox 1172 2132 1253 2167; x_wconf 81' lang='lat'>485.</span> 
     </span>
    </p>
   </div>
   <div class='ocr_carea' id='block_1_9' title="bbox 202 2196 1034 2242">
    <p class='ocr_par' dir='ltr' id='par_1_13' title="bbox 202 2196 1034 2242">
     <span class='ocr_line' id='line_1_34' title="bbox 202 2196 1034 2242; baseline -0.001 -11"><span class='ocrx_word' id='word_1_361' title='bbox 202 2196 368 2231; x_wconf 86' lang='lat' dir='ltr'>Canisius</span> <span class='ocrx_word' id='word_1_362' title='bbox 396 2196 518 2231; x_wconf 85' lang='lat' dir='ltr'>Lainio</span> <span class='ocrx_word' id='word_1_363' title='bbox 545 2197 732 2242; x_wconf 85' lang='lat' dir='ltr'>rescripsit</span> <span class='ocrx_word' id='word_1_364' title='bbox 758 2198 789 2231; x_wconf 84' lang='lat'>3.</span> <span class='ocrx_word' id='word_1_365' title='bbox 817 2197 904 2230; x_wconf 83' lang='lat' dir='ltr'>Maii</span> <span class='ocrx_word' id='word_1_366' title='bbox 933 2197 1034 2231; x_wconf 85' lang='lat'>1561.</span> 
     </span>
    </p>
   </div>
   <div class='ocr_carea' id='block_1_10' title="bbox 495 2314 1442 2461">
    <p class='ocr_par' dir='ltr' id='par_1_14' title="bbox 495 2314 1442 2461">
     <span class='ocr_line' id='line_1_35' title="bbox 902 2314 1033 2357; baseline 0 0"><span class='ocrx_word' id='word_1_367' title='bbox 902 2314 1033 2357; x_wconf 52' lang='lat'>542.</span> 
     </span>
     <span class='ocr_line' id='line_1_36' title="bbox 495 2406 1442 2461; baseline 0.002 -13"><span class='ocrx_word' id='word_1_368' title='bbox 495 2406 559 2448; x_wconf 89' lang='lat' dir='ltr'>P.</span> <span class='ocrx_word' id='word_1_369' title='bbox 592 2406 914 2450; x_wconf 74' lang='lat' dir='ltr'><strong>IOANNES</strong></span> <span class='ocrx_word' id='word_1_370' title='bbox 947 2407 1046 2449; x_wconf 81' lang='lat' dir='ltr'>DE</span> <span class='ocrx_word' id='word_1_371' title='bbox 1080 2407 1442 2461; x_wconf 74' lang='lat' dir='ltr'>POLANCO,</span> 
     </span>
    </p>
   </div>
   <div class='ocr_carea' id='block_1_11' title="bbox 687 2488 1244 2532">
    <p class='ocr_par' dir='ltr' id='par_1_15' title="bbox 687 2488 1244 2532">
     <span class='ocr_line' id='line_1_37' title="bbox 687 2488 1244 2532; baseline 0.002 -10"><span class='ocrx_word' id='word_1_372' title='bbox 687 2488 907 2523; x_wconf 87' lang='lat' dir='ltr'>secretarius</span> <span class='ocrx_word' id='word_1_373' title='bbox 933 2488 1126 2523; x_wconf 83' lang='lat' dir='ltr'>Societatis</span> <span class='ocrx_word' id='word_1_374' title='bbox 1152 2489 1244 2532; x_wconf 86' lang='lat' dir='ltr'>Iesu,</span> 
     </span>
    </p>
   </div>
   <div class='ocr_carea' id='block_1_12' title="bbox 426 2565 1500 2621">
    <p class='ocr_par' dir='ltr' id='par_1_16' title="bbox 426 2565 1500 2621">
     <span class='ocr_line' id='line_1_38' title="bbox 426 2565 1500 2621; baseline 0.002 -15"><span class='ocrx_word' id='word_1_375' title='bbox 426 2565 600 2607; x_wconf 92' lang='lat' dir='ltr'>nomine</span> <span class='ocrx_word' id='word_1_376' title='bbox 632 2565 777 2608; x_wconf 88' lang='lat' dir='ltr'>Iacobi</span> <span class='ocrx_word' id='word_1_377' title='bbox 810 2566 962 2618; x_wconf 88' lang='lat' dir='ltr'>Lainii,</span> <span class='ocrx_word' id='word_1_378' title='bbox 996 2566 1236 2621; x_wconf 87' lang='lat' dir='ltr'>praepositi</span> <span class='ocrx_word' id='word_1_379' title='bbox 1268 2567 1500 2620; x_wconf 86' lang='lat' dir='ltr'>generalis,</span> 
     </span>
    </p>
   </div>
   <div class='ocr_carea' id='block_1_13' title="bbox 651 2661 1273 2891">
    <p class='ocr_par' dir='ltr' id='par_1_17' title="bbox 651 2661 1273 2891">
     <span class='ocr_line' id='line_1_39' title="bbox 828 2661 1104 2710; baseline 0.004 -1"><span class='ocrx_word' id='word_1_380' title='bbox 828 2661 1104 2710; x_wconf 81' lang='lat' dir='ltr'>CANISIO.</span> 
     </span>
     <span class='ocr_line' id='line_1_40' title="bbox 732 2757 1203 2806; baseline 0.002 -12"><span class='ocrx_word' id='word_1_381' title='bbox 732 2758 847 2795; x_wconf 84' lang='lat' dir='ltr'>Roma</span> <span class='ocrx_word' id='word_1_382' title='bbox 872 2757 922 2795; x_wconf 85' lang='grc'>19.</span> <span class='ocrx_word' id='word_1_383' title='bbox 949 2758 1091 2806; x_wconf 87' lang='lat' dir='ltr'>Aprilis</span> <span class='ocrx_word' id='word_1_384' title='bbox 1117 2758 1203 2795; x_wconf 83' lang='lat'>1561.</span> 
     </span>
     <span class='ocr_line' id='line_1_41' title="bbox 651 2837 1273 2891; baseline 0.005 -13"><span class='ocrx_word' id='word_1_385' title='bbox 651 2837 976 2891; x_wconf 85' lang='lat' dir='ltr'>(Epistula</span> <span class='ocrx_word' id='word_1_386' title='bbox 1023 2837 1273 2891; x_wconf 87' lang='lat' dir='ltr'>altera.)</span> 
     </span>
    </p>
   </div>
   <div class='ocr_carea' id='block_1_14' title="bbox 82 2925 1849 3022">
    <p class='ocr_par' dir='ltr' id='par_1_18' title="bbox 82 2925 1849 3022">
     <span class='ocr_line' id='line_1_42' title="bbox 201 2925 1849 2971; baseline 0.001 -12"><span class='ocrx_word' id='word_1_387' title='bbox 201 2925 255 2959; x_wconf 86' lang='lat' dir='ltr'>Ex</span> <span class='ocrx_word' id='word_1_388' title='bbox 282 2925 488 2971; x_wconf 86' lang='lat' dir='ltr'>apographo</span> <span class='ocrx_word' id='word_1_389' title='bbox 515 2925 675 2960; x_wconf 88' lang='lat' dir='ltr'>eiusdem</span> <span class='ocrx_word' id='word_1_390' title='bbox 699 2926 891 2971; x_wconf 88' lang='lat' dir='ltr'>temporis;</span> <span class='ocrx_word' id='word_1_391' title='bbox 918 2926 954 2960; x_wconf 93' lang='lat' dir='ltr'>in</span> <span class='ocrx_word' id='word_1_392' title='bbox 980 2927 1160 2970; x_wconf 85' lang='lat' dir='ltr'>margine:</span> <span class='ocrx_word' id='word_1_393' title='bbox 1199 2926 1418 2969; x_wconf 83' lang='lat' dir='ltr'>„Alemagna</span> <span class='ocrx_word' id='word_1_394' title='bbox 1444 2926 1647 2960; x_wconf 86' lang='lat' dir='ltr'>Prouincial</span> <span class='ocrx_word' id='word_1_395' title='bbox 1676 2925 1849 2960; x_wconf 83' lang='lat' dir='ltr'>Canisio.“</span> 
     </span>
     <span class='ocr_line' id='line_1_43' title="bbox 82 2977 659 3022; baseline 0 -9"><span class='ocrx_word' id='word_1_396' title='bbox 82 2977 165 3013; x_wconf 86' lang='lat' dir='ltr'>Cod.</span> <span class='ocrx_word' id='word_1_397' title='bbox 198 2979 337 3022; x_wconf 71' lang='lat' dir='ltr'>„Germ</span> <span class='ocrx_word' id='word_1_398' title='bbox 368 2979 477 3013; x_wconf 60' lang='lat'>1559*</span> <span class='ocrx_word' id='word_1_399' title='bbox 507 2978 531 3013; x_wconf 91' lang='lat' dir='ltr'>f.</span> <span class='ocrx_word' id='word_1_400' title='bbox 559 2979 659 3013; x_wconf 69' lang='lat'>3222.</span> 
     </span>
    </p>
   </div>
   <div class='ocr_carea' id='block_1_15' title="bbox 91 3044 340 3048">
    <p class='ocr_par' dir='ltr' id='par_1_19' title="bbox 91 3044 340 3048">
     <span class='ocr_line' id='line_1_44' title="bbox 91 3044 340 3048; baseline 0 0"><span class='ocrx_word' id='word_1_401' title='bbox 91 3044 340 3048; x_wconf 95' lang='lat' dir='ltr'> </span> 
     </span>
    </p>
   </div>
   <div class='ocr_carea' id='block_1_16' title="bbox 343 3046 447 3048">
    <p class='ocr_par' dir='ltr' id='par_1_20' title="bbox 343 3046 447 3048">
     <span class='ocr_line' id='line_1_45' title="bbox 343 3046 447 3048; baseline 0 0"><span class='ocrx_word' id='word_1_402' title='bbox 343 3046 447 3048; x_wconf 95' lang='lat' dir='ltr'> </span> 
     </span>
    </p>
   </div>
   <div class='ocr_carea' id='block_1_17' title="bbox 199 3079 1850 3125">
    <p class='ocr_par' dir='ltr' id='par_1_21' title="bbox 199 3079 1850 3125">
     <span class='ocr_line' id='line_1_46' title="bbox 199 3079 1850 3125; baseline 0.001 -12"><span class='ocrx_word' id='word_1_403' title='bbox 199 3085 214 3100; x_wconf 65' lang='lat' dir='ltr'>a</span> <span class='ocrx_word' id='word_1_404' title='bbox 238 3081 467 3114; x_wconf 87' lang='lat' dir='ltr'>remunatore</span> <span class='ocrx_word' id='word_1_405' title='bbox 493 3090 550 3123; x_wconf 72' lang='lat' dir='ltr'>(cp.</span> <span class='ocrx_word' id='word_1_406' title='bbox 625 3079 640 3099; x_wconf 70' lang='lat' dir='ltr'>b</span> <span class='ocrx_word' id='word_1_407' title='bbox 667 3081 703 3113; x_wconf 86' lang='lat' dir='ltr'>et</span> <span class='ocrx_word' id='word_1_408' title='bbox 728 3091 785 3123; x_wconf 69' lang='lat' dir='ltr'>ap.</span> <span class='ocrx_word' id='word_1_409' title='bbox 860 3085 871 3100; x_wconf 74' lang='lat'><strong>⁰</strong></span> <span class='ocrx_word' id='word_1_410' title='bbox 897 3081 931 3113; x_wconf 88' lang='lat' dir='ltr'><strong><em>A</em></strong></span> <span class='ocrx_word' id='word_1_411' title='bbox 948 3080 1029 3114; x_wconf 76' lang='lat' dir='ltr'>libr.</span> <span class='ocrx_word' id='word_1_412' title='bbox 1050 3091 1143 3114; x_wconf 77' lang='lat' dir='ltr'>corr.</span> <span class='ocrx_word' id='word_1_413' title='bbox 1171 3092 1214 3114; x_wconf 58' lang='grc' dir='ltr'>επ</span> <span class='ocrx_word' id='word_1_414' title='bbox 1232 3079 1400 3125; x_wconf 83' lang='lat' dir='ltr'>Cipriano</span> <span class='ocrx_word' id='word_1_415' title='bbox 1426 3079 1458 3114; x_wconf 91' lang='lat' dir='ltr'>si</span> <span class='ocrx_word' id='word_1_416' title='bbox 1483 3091 1637 3124; x_wconf 88' lang='lat' dir='ltr'>possono</span> <span class='ocrx_word' id='word_1_417' title='bbox 1656 3081 1850 3124; x_wconf 86' lang='lat' dir='ltr'>stampare.</span> 
     </span>
    </p>
   </div>
   <div class='ocr_carea' id='block_1_18' title="bbox 204 3177 1794 3223">
    <p class='ocr_par' dir='ltr' id='par_1_22' title="bbox 204 3177 1794 3223">
     <span class='ocr_line' id='line_1_47' title="bbox 204 3177 1794 3223; baseline 0.001 -11"><span class='ocrx_word' id='word_1_418' title='bbox 204 3180 213 3199; x_wconf 87' lang='lat'><em>¹</em></span> <span class='ocrx_word' id='word_1_419' title='bbox 240 3177 341 3220; x_wconf 88' lang='lat' dir='ltr'>Vide,</span> <span class='ocrx_word' id='word_1_420' title='bbox 368 3190 461 3223; x_wconf 88' lang='lat' dir='ltr'>quae</span> <span class='ocrx_word' id='word_1_421' title='bbox 487 3178 554 3213; x_wconf 91' lang='lat' dir='ltr'>sub</span> <span class='ocrx_word' id='word_1_422' title='bbox 581 3177 680 3223; x_wconf 82' lang='lat' dir='ltr'>ipsas</span> <span class='ocrx_word' id='word_1_423' title='bbox 705 3177 772 3212; x_wconf 85' lang='lat' dir='ltr'>has</span> <span class='ocrx_word' id='word_1_424' title='bbox 797 3178 940 3212; x_wconf 87' lang='lat' dir='ltr'>litteras</span> <span class='ocrx_word' id='word_1_425' title='bbox 967 3178 1140 3213; x_wconf 88' lang='lat' dir='ltr'>dicentur.</span> <span class='ocrx_word' id='word_1_426' title='bbox 1241 3179 1254 3199; x_wconf 84' lang='lat'><strong>²</strong></span> <span class='ocrx_word' id='word_1_427' title='bbox 1281 3179 1372 3212; x_wconf 91' lang='lat' dir='ltr'>Vide</span> <span class='ocrx_word' id='word_1_428' title='bbox 1398 3190 1508 3223; x_wconf 89' lang='lat' dir='ltr'>supra</span> <span class='ocrx_word' id='word_1_429' title='bbox 1533 3190 1566 3223; x_wconf 91' lang='lat' dir='ltr'>p.</span> <span class='ocrx_word' id='word_1_430' title='bbox 1597 3179 1794 3214; x_wconf 85' lang='lat'>110-111.</span> 
     </span>
    </p>
   </div>
  </div>
 </body>
</html>
