2093 3444
248 208 331 248 182
379 205 458 239 579.
487 204 572 238 Can.
600 204 710 237 Henr.
738 202 933 237 Scribonio.
969 202 1024 236 Ex
1050 203 1203 236 monast.
1230 201 1323 234 inter
1350 200 1460 235 Pilsn.
1488 203 1524 235 et
1549 200 1651 235 Thin.
1681 200 1736 236 17.
1762 200 1842 234 Iulii
1864 201 1966 235 1561.

245 336 424 364 servare
472 321 665 373 adeoque
711 321 755 362 in
800 320 978 361 summis
1023 320 1154 362 etiam
1202 318 1574 361 schismaticorum
1622 318 2015 372 oppugna-tionibus

245 390 457 442 perpetuo
490 385 615 428 tueri.
679 385 811 428 Venit
853 399 964 426 nunc
996 385 1039 426 111
1082 387 1270 426 mentem
1313 383 1482 433 schola,
1526 397 1636 436 quae
1676 383 1720 424 in
1761 383 1842 425 hoc
1874 383 2015 426 archi—

247 453 477 494 diaconatu
510 450 794 504 praesidium,
838 450 983 491 lumen
1016 452 1059 491 et
1091 450 1222 491 robur
1254 448 1398 490 adfert
1430 462 1535 489 sane
1572 447 1809 489 maximum
1826 449 1853 491 ¹.
1919 448 2015 491 Scio

245 517 455 571 pietatem
497 519 618 558 tuam
659 515 756 556 huic
798 516 1022 568 praeclaro
1065 517 1109 556 et
1152 514 1378 556 utilissimo
1420 512 1621 554 instituto
1659 512 1830 563 favere,
1872 515 1921 555 ut
1963 513 2016 555 de

246 596 325 624 sua
360 595 529 634 quoque
570 580 713 634 patria
755 580 863 621 bene
905 581 1168 622 1nereatur2.
1233 579 1319 619 Res
1361 592 1445 619 non
1489 577 1674 619 difficilis
1715 578 1799 620 erit
1836 579 2014 628 effectu3

246 646 452 701 primum,
496 645 531 686 si
573 648 752 687 senatus
794 644 1015 686 Plsnensis
1056 644 1168 686 serio
1212 646 1316 696 agat
1357 642 1576 695 negotium
1620 642 1734 696 apud
1771 642 2015 694 Caesarem,

247 711 400 753 deinde
433 710 467 752 si
491 711 702 763 quaedam
736 711 813 752 fiat
846 709 1154 763 compensatio,
1190 711 1237 750 ut
1260 707 1398 749 ordini
1420 707 1774 749 Praedicatorum
1806 708 2017 749 adversus

247 779 420 819 nostros
454 775 682 817 claudatur
715 776 872 817 ostium
907 774 1257 816 obmurmurandi
1292 776 1334 815 et
1362 772 1650 825 conquerendi
1667 773 1694 822 3,
1728 775 1947 827 postremo
1980 772 2018 814 si

247 841 449 894 Dignitas
472 840 565 882 Tua
598 854 693 881 cum
727 840 875 881 eodem
911 842 1065 881 senatu
1098 840 1260 881 tractet
1294 838 1345 879 de
1379 837 1634 879 necessariis
1667 837 1909 891 sumptibus
1932 838 2016 880 col-

245 906 361 959 legii,
397 905 508 959 quod
543 908 590 947 ut
622 905 783 946 classes
807 906 1017 958 majorum
1052 904 1183 946 etiam
1216 903 1375 945 artium
1396 903 1585 944 instruat
1608 916 1658 944 ac
1681 902 1794 944 domi
1825 902 2017 956 forisque

247 986 323 1013 suo
357 970 522 1012 muneri
555 969 811 1011 satisfacere
834 969 983 1024 possit,
1019 984 1227 1023 personas
1252 970 1306 1010 20
1340 967 1521 1021 requirit
1536 968 1564 1009 4.
1610 967 1730 1008 Haec
1753 967 2017 1009 Prudentiae

247 1036 366 1078 Tuae
399 1035 586 1078 fideliter
619 1050 828 1088 suggero,
873 1035 985 1088 quod
1028 1048 1172 1076 coram
1214 1033 1478 1085 intelligam,
1522 1032 1673 1085 quanti
1714 1032 1879 1074 referat
1918 1032 2016 1074 huic

248 1101 416 1143 civitati
465 1103 509 1142 et
552 1100 738 1142 viciniae
783 1114 907 1154 opem
953 1099 1126 1141 adferre.
1170 1098 1357 1140 inductis
1401 1097 1546 1152 probis
1589 1096 1634 1138 in
1677 1097 1788 1138 hanc
1831 1111 2016 1139 messem

248 1165 480 1220 operariis,
531 1180 636 1219 quos
681 1165 877 1207 Christus
922 1167 1083 1218 augeat
1127 1164 1168 1205 in
1215 1178 1337 1205 suam
1382 1162 1577 1215 gloriam.
1650 1161 1860 1203 Dominus
1903 1162 2015 1203 idem

247 1231 484 1273 nobiscum.

367 1297 435 1337 Ex
467 1295 760 1338 monasterio5
792 1295 907 1337 inter
929 1295 1105 1336 Plsnam
1139 1297 1183 1336 et
1205 1294 1387 1335 Thinam
1421 1292 1502 1335 sito
1540 1294 1605 1335 17.
1631 1292 1727 1334 Iulii
1749 1306 1861 1334 anno
1888 1293 2014 1335 1561.

1488 1370 1648 1411 Servus
1681 1369 1724 1410 in
1757 1369 1926 1411 Christo

1508 1434 1664 1476 Petrus
1697 1433 1906 1475 Canisius.

368 1526 443 1559 Has
471 1524 602 1559 Canisii
639 1524 780 1558 litteras
817 1525 1027 1557 Scribonius
1061 1523 1180 1566 Praga
1219 1523 1270 1557 13.
1299 1521 1455 1564 Augusti
1484 1522 1571 1556 1561
1610 1521 1769 1556 Pilsnam
1804 1520 1903 1555 misit
1937 1531 2018 1555 cum

251 1578 319 1612 hac
346 1578 501 1623 epistula
536 1578 580 1611 ad
607 1577 779 1611 'l'homam
808 1576 1028 1610 Bavorinum
1057 1576 1346 1610 archidiaconum
1384 1574 1603 1619 pilsnensem
1629 1574 1732 1609 data:
1776 1574 1956 1617 „Salutem
1983 1575 2019 1608 et

248 1643 350 1666 omne
377 1632 518 1666 bonum.
563 1632 623 1665 Uti
650 1631 787 1676 priores
814 1630 1049 1664 absolvissem
1076 1629 1200 1663 literas
1227 1631 1263 1663 et
1290 1631 1410 1662 vester
1430 1628 1469 1662 D.
1490 1627 1579 1662 Wlk
1604 1628 1759 1662 nondum
1786 1627 1910 1669 abiret,
1937 1639 2017 1662 oon-

250 1685 351 1719 venit
377 1697 432 1718 me
459 1685 623 1718 dominus
650 1684 745 1728 prior
771 1695 791 1717 a
817 1695 844 1717 S.
874 1684 1013 1726 Agnete
1030 1684 1061 1724 ⁶,
1098 1694 1176 1717 011111
1205 1694 1274 1726 quo
1301 1682 1450 1724 agebam
1479 1681 1521 1715 de
1548 1681 1764 1715 monasterio
1790 1681 2018 1715 Praedicato-

249 1750 329 1772 rum
355 1738 391 1771 in
418 1738 566 1771 civitate
594 1740 716 1771 vestra
743 1737 920 1778 Plsnensi,
947 1740 985 1770 ut
1013 1738 1139 1780 ageret
1165 1747 1245 1770 cum
1273 1735 1413 1769 domino
1439 1734 1671 1780 provinciali,
1702 1746 1771 1779 quo
1797 1734 1912 1779 possit
1937 1745 2018 1768 con-

249 1791 325 1826 cedi
361 1791 618 1825 monasterium
657 1790 744 1824 illud
783 1790 957 1824 fratribus
995 1790 1038 1823 de
1073 1790 1246 1823 societate
1274 1789 1380 1829 Jesu,
1419 1790 1460 1822 ut
1497 1788 1602 1822 ludus
1636 1787 1818 1822 literarius
1853 1787 2019 1832 publicus

249 1844 508 1879 institueretur.
561 1845 594 1877 Is
622 1844 764 1887 quidem
792 1844 917 1877 videns
943 1843 1163 1888 paucitatem
1190 1842 1343 1876 fratrum
1370 1852 1514 1875 suorum
1542 1841 1733 1882 consensit,
1770 1840 1832 1874 sed
1860 1840 1953 1874 velle
1979 1851 2019 1875 se

248 1898 283 1932 id
311 1898 445 1932 referre
472 1899 515 1931 ad
542 1897 798 1942 provincialem
827 1897 927 1938 dixit,
956 1897 1049 1940 quod
1077 1898 1112 1930 et
1137 1895 1234 1929 fecit.
1286 1895 1331 1928 Et
1358 1897 1532 1938 quantum
1551 1894 1723 1937 intelligo,
1751 1893 1914 1928 dominus
1941 1906 2018 1938 pro-

248 1951 412 1985 vincialis
439 1964 508 1985 non
535 1952 592 1985 est
618 1951 836 1991 contrarius,
873 1950 901 1983 si
930 1950 1013 1994 quid
1041 1949 1112 1993 [ad]
1141 1948 1426 1983 aedificationem
1462 1947 1635 1982 ecclesiae
1670 1959 1838 1981 romanae
1874 1948 1910 1981 et
1934 1947 2018 1981 fidei

250 2004 447 2039 catholicae
475 2005 590 2049 possit
615 2004 697 2038 inde
723 2015 882 2047 surgere,
909 2004 961 2037 uti
989 2014 1054 2046 ego
1082 2003 1114 2036 id
1141 2002 1302 2036 futurum
1331 2013 1398 2035 non
1426 2001 1559 2036 dubito.
1611 2000 1747 2035 idcirco
1773 2002 1944 2045 optarem,
1979 2002 2021 2034 ut

249 2059 285 2092 id
312 2058 453 2092 domino
473 2057 702 2102 Sigismundo
721 2057 890 2091 Staskoni
919 2059 954 2090 et
980 2056 1061 2090 aliis
1087 2055 1269 2090 nonnullis
1297 2055 1498 2099 praecipuis
1518 2056 1553 2088 et
1578 2053 1732 2088 literatis
1750 2053 2018 2097 significaretis,

249 2112 356 2146 simul
384 2115 420 2145 et
446 2111 511 2145 has
538 2111 663 2145 literas
689 2110 822 2144 domini
850 2110 962 2155 patris
989 2109 1133 2150 Canisii,
1170 2109 1337 2153 quoniam
1365 2120 1409 2142 ex
1436 2108 1564 2142 itinere
1591 2118 1651 2141 eas
1678 2106 1776 2141 dedit
1801 2107 1845 2141 ad
1871 2118 1937 2149 me,
1966 2106 2019 2141 eis

248 2165 510 2205 monstraretis,
537 2165 568 2199 si
594 2164 696 2198 modo
725 2164 856 2198 domini
876 2163 1070 2197 Plsnenses
1096 2162 1278 2196 voluerint
1304 2173 1430 2195 manus
1449 2161 1640 2195 admovere
1666 2161 1702 2194 et
1727 2159 1929 2194 nutriendis
1955 2159 2018 2194 ali-

250 2220 338 2262 quot
364 2218 538 2252 fratribus
573 2229 653 2251 cum
690 2217 823 2251 auxilio
851 2217 1048 2251 Caesareae
1074 2216 1278 2250 Maiestatis
1314 2214 1501 2249 consilium
1537 2214 1626 2248 inire
1652 2213 1884 2257 scholamque
1919 2213 2018 2247 illam

372 2332 381 2350 ¹
409 2330 448 2364 Ρ.
475 2331 628 2363 Ioannes
654 2330 812 2363 Schmidl
838 2328 870 2362 S.
900 2328 953 2368 J„
992 2327 1196 2373 provinciae
1236 2326 1442 2360 bohemicae
1478 2325 1511 2359 S.
1549 2325 1581 2360 J.
1620 2325 1834 2365 historicus,
1873 2325 2017 2358 narrat:

250 2384 290 2418 P.
310 2383 491 2417 Victoriae
518 2394 564 2417 111.
583 2382 715 2416 Martio
743 2394 773 2416 a.
805 2383 894 2416 1558
914 2381 1034 2424 Praga
1061 2379 1315 2423 Straubingam
1343 2380 1386 2413 ad
1406 2378 1587 2414 Canisium
1614 2377 1854 2423 proficiscenti
1874 2377 2019 2411 Pilsnae

249 2437 368 2481 ipsum
394 2436 587 2477 consulem,
615 2435 675 2479 qui
702 2435 736 2469 in
764 2435 943 2469 Societate
969 2434 1083 2468 filium
1109 2433 1275 2467 habuerit
1301 2432 1518 2477 [Gasparum
1548 2430 1805 2465 Pilsnensem‘?
1846 2429 1898 2464 Cf.
1930 2431 2016 2464 Cam.

250 2489 340 2534 Epp.
368 2489 420 2531 11,
456 2488 581 2533 5212]‚
618 2500 698 2522 cum
725 2488 804 2522 aliis
832 2487 972 2521 civibus
1007 2487 1150 2520 obviam
1177 2486 1319 2520 venisse
1355 2488 1391 2519 et
1417 2485 1515 2519 urbis
1541 2485 1724 2525 senatum,
1759 2485 1800 2517 ut
1826 2482 2018 2527 collegium

250 2543 396 2577 Pilsnae
423 2542 645 2583 conderetur,
672 2541 900 2586 proposuisse
930 2540 967 2583 (l.
996 2552 1023 2574 c.
1052 2540 1076 2581 Ῑ,
1107 2540 1202 2581 117),

370 2596 383 2616 ‘2
411 2595 616 2630 Scribonius
643 2597 742 2628 ortus
769 2596 847 2628 erat
872 2594 987 2627 Thina
1016 2592 1316 2637 (Bischofteinitz‚
1343 2590 1594 2636 Tynhorsov);
1622 2589 1715 2634 quod
1741 2589 1934 2623 Bohemiae
1960 2600 2018 2634 op-

250 2649 374 2695 pidum
401 2660 421 2682 a
448 2648 571 2682 Pilsna
598 2648 693 2681 haud
719 2648 826 2690 longe
853 2647 974 2681 distat.

372 2703 385 2723 ³
411 2701 608 2745 [Victoriae
642 2700 800 2745 Pilsnae]
842 2700 1076 2742 „offerebatur
1103 2698 1317 2733 coenobium
1354 2697 1503 2731 Patrum
1529 2696 1843 2737 Praedicatorum,
1877 2695 1914 2729 in
1949 2705 2020 2738 quo

250 2755 377 2789 unicus
404 2757 483 2788 erat
508 2766 633 2799 super;
670 2766 750 2788 cum
777 2766 818 2788 eo
844 2753 883 2787 P.
911 2753 1072 2787 Victoria
1098 2752 1316 2793 collocutus,
1351 2751 1490 2784 invenit
1525 2749 1704 2783 hominem
1729 2747 2018 2794 perbenevolum,

252 2811 288 2843 et
314 2808 486 2842 Societati
511 2808 773 2853 peramicum“:
803 2807 959 2841 Schmidz
984 2806 1007 2840 1.
1035 2818 1064 2840 0.
1211 2806 1223 2825 ⁴
1251 2804 1304 2839 Cf.
1332 2815 1441 2849 supra
1467 2815 1500 2848 p.
1530 2803 1596 2838 168
1609 2804 1630 2837 ¹.

372 2862 385 2881 ⁵
411 2860 597 2902 Quodnam
623 2860 881 2895 monasterium
902 2859 1066 2894 Canisius
1084 2857 1275 2902 significet,
1301 2857 1432 2891 nescio.
1468 2856 1549 2900 Ipse
1575 2858 1662 2890 tunc
1679 2855 1799 2898 Praga
1816 2853 2018 2897 Elvangam

252 2915 297 2949 ad
332 2915 515 2949 contiones
550 2914 734 2948 habendas
760 2913 1074 2959 proficiscebatur;
1110 2912 1192 2945 vide
1228 2922 1337 2956 supra
1372 2922 1404 2955 p.
1435 2909 1521 2950 156,
1556 2911 1592 2943 et
1617 2908 1722 2949 infra,
1757 2918 1911 2942 monum.
1938 2906 2018 2941 286.
2061 2914 2063 2918 ”

253 2967 333 3002 287·
362 2968 618 3054 364ἓ1111110110118
646 3019 942 3064 Borzekowsky‘?
993 3018 1046 3053 Of.
1077 3019 1162 3052 Can.
1191 3017 1278 3062 Epp.
1307 3017 1332 3058 I,
1360 3017 1460 3050 616⁵.
1511 3014 1720 3058 Beckovsky',
1751 3013 1812 3057 qui
1837 3012 1903 3046 has
1929 3011 2020 3046 Scri·
2055 3007 2066 3058 .3,

252 3073 348 3108 bonii
373 3073 514 3107 litteras
540 3073 562 3106 1.
583 3084 611 3107 0.
631 3085 664 3117 p.
684 3072 750 3106 ‘255
778 3072 888 3117 ponit,
916 3071 982 3106 hoc
1009 3071 1086 3105 loco
1113 3071 1202 3105 haec
1225 3070 1336 3104 verba
1366 3068 1482 3112 (uncis
1508 3067 1670 3102 rotundis
1687 3065 1843 3110 inclusa)
1872 3064 2017 3099 inserit:
2038 3062 2067 3115 'al

257 3126 338 3168 „illo
363 3129 524 3170 tempore
547 3126 622 3170 jam
647 3125 816 3159 translati
844 3127 946 3158 erant
971 3124 1045 3158 RR.
1064 3123 1136 3158 PP.
1155 3122 1379 3157 Dominicani
1405 3133 1425 3155 a
1451 3121 1484 3156 S.
1514 3120 1697 3155 Clemente
1723 3118 1767 3152 ad
1792 3130 1820 3152 s.
1839 3119 2018 3161 Agnetem
2043 3107 2067 3158 2¹3

252 3179 580 3222 Vetero—Pragae“.
