2093 3444
198 182 280 223 128
785 176 865 211 551.
903 175 1069 210 Canisius
1095 175 1224 210 Iacobo
1250 174 1386 209 Lainio.

194 301 244 342 ut
288 297 420 339 alium
465 296 564 338 huic
607 295 775 337 muneri
819 294 1094 349 praeficiant)
1140 308 1235 335 eam
1282 294 1334 335 ob
1381 307 1556 335 causam
1602 293 1656 335 ad
1700 295 1745 335 te
1786 293 1975 335 scribere

194 363 414 412 vellentl,
458 361 700 404 faciendum
746 374 841 402 esse
883 359 1156 415 putavimus.
1203 361 1251 401 ut
1291 358 1374 413 ipsi
1407 372 1576 412 quoque
1615 359 1765 400 eodem
1803 357 1974 400 nomine

195 432 264 472 eta
287 427 348 482 [?]
378 427 752 481 compellaremus,
787 429 977 475 oranteS,
1012 427 1072 475 ut,
1107 425 1143 466 si
1165 424 1257 466 fieri
1281 424 1432 478 possit,
1466 424 1618 466 mittas
1640 423 1763 465 nobis
1787 423 1973 477 aliquem

195 494 332 536 vestri
366 492 528 535 ordinis
561 492 701 534 virum
735 491 932 540 doctum,
978 490 1044 532 cui
1084 490 1248 532 functio
1290 490 1397 531 haec
1440 489 1721 531 concionandi
1763 488 1975 531 committi

195 559 345 614 possit,
381 562 424 601 et
457 557 529 611 qui
561 557 624 600 ita
656 556 903 611 germanice
936 556 1161 609 loquatur,
1202 557 1251 597 ut
1284 555 1337 596 ab
1370 554 1576 597 idiomate
1609 556 1759 596 nostro
1792 568 1877 595 non
1910 553 1975 595 ni-

196 624 357 666 miumb
398 623 596 673 recedat,
639 622 905 676 proindeque
943 635 969 663 a
1002 621 1127 675 plebe
1171 619 1255 673 (cui
1288 620 1522 674 praecipue
1563 619 1632 661 hic
1665 619 1975 661 consulendum

197 690 281 743 est)
315 689 485 731 facilius
517 687 703 741 intelligi
736 689 880 740 queat.
925 686 967 728 Is
1001 700 1097 728 cuin
1131 685 1287 728 comite
1320 699 1397 727 seu
1420 685 1583 727 famulo
1611 699 1688 726 suo
1722 698 1774 726 ea
1805 683 1976 727 ratione

197 770 223 798 a
254 755 378 797 nobis
411 769 461 796 ac
484 753 674 808 capitulo
708 756 856 795 nostro
890 751 1113 794 nominato
1147 750 1389 805 excipietur
1411 765 1462 792 ac
1484 750 1760 800 tractabitur,
1794 752 1842 792 ut
1874 763 1975 791 con-

197 820 405 874 querendi
437 819 710 862 occasionem
742 832 824 859 non
859 817 988 859 facile
1021 817 1078 860 sit
1110 817 1351 859 habiturus.
1404 815 1498 858 Nec
1532 818 1599 857 est
1631 815 1753 857 nobis
1786 814 1973 866 dubium,

197 887 310 940 quod
343 889 465 928 tuum
508 884 666 927 scimus
700 898 795 925 esse
837 883 1027 925 studium
1070 885 1114 924 et
1146 883 1418 924 voluntatem
1460 881 1502 923 in
1541 880 1741 923 iuvandis
1783 879 1976 922 ecclesiis

198 956 243 995 et
275 954 484 1005 quantum
526 950 569 992 in
611 953 655 993 te
698 952 786 1000 cst,
830 948 1127 1003 promovenda
1159 962 1265 990 vera.
1307 947 1523 990 catholica
1563 950 1714 989 nostra
1751 945 1974 999 religione,

198 1017 300 1071 quin
333 1017 413 1059 hoc
446 1016 633 1058 libenter
665 1015 723 1057 sis
756 1014 904 1057 nobisc
936 1015 1275 1067 gratificaturus.
1341 1012 1462 1062 Quod
1503 1014 1551 1054 ut
1589 1026 1614 1054 a
1645 1015 1690 1054 te
1722 1013 1976 1066 pergratum

168 1097 170 1100 ’
198 1083 321 1125 nobis
355 1082 537 1131 accidet,
571 1081 634 1124 ita
667 1081 815 1123 oblata
848 1079 1088 1129 occasione,
1123 1078 1311 1120 vicissim
1344 1078 1387 1119 in
1420 1082 1541 1120 tuam
1573 1081 1617 1120 et
1647 1076 1808 1119 ordinis
1839 1075 1975 1118 vestri

197 1149 385 1202 gratiam
427 1147 542 1189 haud
585 1146 826 1200 gravatim,
870 1159 981 1198 quae
1021 1158 1272 1199 possumus,
1319 1143 1478 1186 facturi
1520 1157 1680 1186 sumus,
1750 1142 1892 1184 Datae
1932 1141 1975 1182 in

198 1214 377 1256 civitate
410 1217 563 1256 nostra
596 1211 821 1266 Herbipoli
854 1211 921 1252 die
954 1210 1087 1253 tertia
1120 1209 1223 1251 Maii
1260 1211 1386 1251 1561.

318 1280 435 1321 Rara
469 1278 710 1320 eruditione
743 1280 787 1319 et
820 1276 939 1319 vitae
972 1275 1228 1328 integritate
1261 1276 1460 1329 spectato
1497 1273 1620 1315 nobis
1652 1272 1880 1315 sinceriter
1912 1271 1975 1314 di-

198 1346 310 1388 lecto
334 1345 428 1387 viro
462 1344 593 1385 Petro
617 1343 801 1392 Canisio,
837 1341 998 1383 ordinis
1024 1341 1283 1383 Iesuitaruin
1317 1340 1522 1393 theologo
1556 1337 1974 1380 consumatissimod.

1025 1475 1146 1517 551.

937 1577 1065 1623 CAN
1071 1576 1197 1623 ISIL*
1205 1575 1235 1623 S

788 1680 1069 1724 nooBo
1102 1678 1384 1732 humo,

725 1763 930 1809 praeposito
956 1762 1118 1806 generali
1146 1761 1338 1796 Societatis
1365 1760 1457 1794 Iesu.

710 1851 879 1899 Augusta
905 1849 1181 1887 Vindelicorum
1208 1848 1240 1885 3.
1267 1847 1353 1884 Maii
1379 1846 1465 1884 1561.

321 1935 376 1970 Ex
404 1934 610 1981 apographo
637 1934 783 1973 recenti,
811 1933 995 1978 exscripto
1022 1944 1065 1966 ex
1093 1932 1290 1977 archetypo
1320 1931 1369 1975 (in
1397 1930 1473 1965 cod.
1498 1929 1556 1972 7,Ε.
1577 1928 1669 1964 G.1“
1699 1929 1724 1963 f.
1753 1928 1978 1963 109ss—111b

201 1990 248 2035 [n.
268 1989 327 2034 83]
346 1988 492 2034 posito),
520 1988 624 2033 quod,
653 1987 795 2021 Canisio
814 1987 958 2021 iubente
978 1998 1019 2020 ac
1038 1987 1193 2020 fortasse
1217 1985 1323 2019 etiam
1344 1985 1513 2025 dictante,
1541 1982 1687 2028 scripsit
1705 1982 1745 2016 P.
1765 1983 1978 2015 Guilielmus

200 2045 357 2078 Elderen
375 2041 408 2076 S.
430 2043 482 2081 ιῙ,;
511 2044 710 2076 extremam
737 2043 858 2074 tamen
885 2042 1035 2085 partem,
1063 2039 1264 2084 incipiendo
1290 2050 1309 2072 a
1338 2037 1460 2080 „Nunc
1487 2036 1700 2071 adferuntur
1725 2046 1817 2080 quae
1843 2035 1979 2080 scripta

201 2098 305 2132 sunt“
337 2096 504 2130 Canisius
531 2107 595 2129 sua
622 2106 729 2129 manu
757 2094 914 2138 scripsit.

321 2149 487 2195 Epistula
513 2149 567 2183 usi
595 2151 698 2182 sunt:
727 2148 936 2192 Soc-chinus,
963 2147 1048 2181 Can.
1075 2159 1108 2192 p.
1129 2146 1217 2186 337:
1246 2146 1549 2180 Janssen-Pastor
1574 2143 1596 2177 l.
1621 2142 1740 2183 c.VII,
1768 2142 1976 2183 523—524;

202 2205 332 2238 Michel
358 2203 380 2237 l.
409 2215 438 2237 c.
466 2215 499 2248 p.
527 2202 735 2242 249—250;
762 2203 878 2235 Kross
903 2201 925 2235 l.
953 2212 982 2235 c.
1009 2212 1042 2245 p.
1073 2201 1151 2235 140.

321 2282 360 2314 P.
387 2281 542 2314 Natalis.
594 2281 635 2313 In
668 2279 884 2312 Germaniae
917 2278 1116 2321 superioris
1151 2277 1304 2320 colleyiis
1336 2276 1454 2319 Socii,
1489 2276 1575 2318 qnia
1610 2274 1718 2307 nimis
1747 2274 1862 2316 pauci
1895 2276 1979 2306 sunt

201 2335 451 2377 laboribusque
469 2335 735 2377 opprimuntur,
765 2343 873 2375 neque
898 2333 936 2364 ‘in
955 2332 1160 2364 litterarum
1177 2331 1317 2373 studiis,
1344 2340 1453 2372 neque
1478 2330 1517 2361 in
1538 2328 1683 2370 pietatis
1700 2327 1804 2360 rebus
1828 2326 1978 2359 multum

196 2389 407 2432 proficiunt.
447 2387 636 2420 Canisione
663 2386 804 2429 colleqia
831 2382 1052 2429 „visitandffl
1068 2386 1085 2417 ‚9
1126 2383 1404 2417 Commendonus
1431 2383 1578 2415 ›zuntius
1596 2382 1778 2423 Auyustae
1802 2379 1955 2413 manebit
1964 2391 1978 2422 ,-

203 2442 305 2475 cnius
340 2452 450 2474 comes
478 2441 515 2473 P.
543 2441 644 2473 Auer
669 2450 748 2472 cnm
768 2438 1048 2482 protestantibus
1074 2437 1276 2480 disputavit.
1332 2436 1518 2469 Contiones
1549 2439 1770 2477 auqustanae
1803 2437 1833 2466 et
1857 2443 1977 2466 mona-

203 2505 327 2529 censes.
364 2495 569 2527 Facultates
593 2493 878 2536 amplificandae.
920 2492 1086 2525 canisius
1112 2491 1263 2524 Hosium
1289 2490 1510 2522 cardinalem
1530 2489 1699 2531 placavit,
1725 2487 1765 2520 P.
1784 2487 1978 2520 Victoriam

203 2549 393 2582 modestius
428 2558 530 2591 ayere
567 2547 678 2580 iussit.
734 2546 886 2588 Colleyia
915 2545 1179 2588 moquntinum,
1215 2544 1427 2586 coloniense,
1463 2542 1739 2583 vindobonense,
1773 2544 1977 2583 treverense,

198 2612 389 2645 prayense.
444 2601 612 2634 Cani-sins
654 2600 776 2633 Socios
817 2610 839 2632 a
880 2610 915 2632 se
956 2598 1100 2640 auferri
1140 2598 1257 2638 dolet;
1304 2597 1424 2629 omnia
1465 2600 1581 2628 tamen
1623 2595 1756 2627 Lainio
1790 2593 1978 2636 permittit.

203 2656 278 2688 Iter
308 2665 515 2688 monacense
549 2658 578 2687 et
614 2653 896 2696 inqolstadiense.
949 2651 1047 2685 Socii
1083 2653 1120 2684 in
1146 2650 1348 2683 carceribus
1381 2654 1411 2682 et
1436 2648 1732 2690 valetudinariis;
1767 2646 1954 2680 catecheses
1964 2657 1978 2687 ;

205 2710 380 2742 convictus
415 2718 616 2751 pauperum
653 2707 894 2739 studiosorum
902 2717 916 2748 ,·
956 2705 1093 2738 reditus
1131 2704 1366 2747 colleyiorum.
1418 2702 1558 2736 Alberti
1593 2701 1631 2735 V.
1669 2704 1799 2743 royatu
1836 2699 1979 2732 concilii

205 2761 361 2805 ephesini
395 2765 475 2794 acta
509 2760 619 2793 latine
653 2762 850 2792 vertuntur.
904 2758 1090 2792 Sociorum
1124 2757 1456 2801 inqolstasliensium
1489 2755 1708 2788 calamitates
1715 2766 1729 2797 ,·
1763 2752 1896 2796 famuli
1929 2753 1977 2785 eis

204 2815 434 2858 adiunyendi.
486 2814 716 2858 „Obedientia
750 2809 978 2845 intellectus.“
1034 2811 1200 2853 Officium
1235 2806 1534 2854 „consustorumf‘
1584 2808 1720 2842 Domus
1750 2805 1977 2850 probationis

325 2941 339 2956 ³
366 2936 425 2969 Sic
449 2933 497 2969 K.
524 2935 575 2968 W.
586 2947 600 2976 ;
624 2935 684 2967 sed
709 2934 891 2977 leyendum
916 2943 986 2966 esse
1010 2932 1149 2965 videtur
1174 2933 1222 2965 te.

325 2988 340 3009 ¹³
365 2989 412 3022 K.
439 2989 514 3022 W..·
539 2999 610 3021 non
636 2986 847 3028 minimum;
877 2986 970 3029 quod
995 2986 1094 3018 haud
1118 2989 1209 3018 recte
1227 2985 1320 3028 poni
1344 2994 1402 3017 res
1425 2984 1505 3026 ipsa
1531 2982 1690 3016 ostendit.

324 3048 336 3063 0
365 3042 416 3076 W.
445 3052 509 3075 om.
536 3039 650 3074 nobis.
749 3039 764 3059 ‘¹
790 3040 841 3072 W.
868 3039 1136 3082 inscriptionem
1162 3038 1256 3071 hanc
1280 3047 1353 3071 non
1371 3038 1506 3080 posuit.

329 3165 339 3185 ¹
366 3164 458 3198 Vide
484 3163 580 3197 infra
605 3174 638 3208 p.
669 3162 746 3197 137.
