2093 3444
223 218 308 260 592
372 215 529 249 Monum.
560 214 794 258 (augustana)
823 214 904 248 232.
934 213 981 257 (A
1005 225 1053 248 m.
1079 214 1209 249 Martio
1238 214 1328 248 1559
1355 213 1397 248 ad
1425 225 1471 248 m.
1498 214 1632 248 Maium
1659 225 1689 248 a.
1720 214 1836 259 1561.)

222 333 452 386 aliquoties
485 333 765 375 concionatus
799 334 866 374 est
897 331 955 374 M.
989 332 1205 374 Martinus
1237 333 1435 374 steuort1
1477 346 1572 373 cum
1604 331 1904 374 satisfactione
1946 335 1990 374 et

221 398 434 452 applausu
468 398 657 440 omnium
680 397 1012 457 Catholicorum,
1047 399 1090 439 et
1112 396 1403 438 hereticorum
1436 397 1699 440 confusione.
1747 397 1888 439 Valde
1919 396 1989 438 hic

222 477 248 504 a
280 462 512 505 Catholicis
545 465 590 505 et
621 463 704 517 pijs
737 462 934 503 omnibus
967 475 1164 504 amamur
1196 464 1240 504 et
1272 461 1380 503 mire
1410 464 1584 504 nostros
1617 462 1868 516 suspiciunt.

341 554 438 596 Quae
465 553 618 588 Elderen
645 555 687 588 de
715 554 857 599 copioso
883 553 1030 598 pietatis
1056 554 1176 588 fructu
1203 554 1269 587 sub
1297 553 1438 587 Pascha
1464 565 1495 587 a.
1518 554 1603 588 1561
1626 554 1814 597 Augustae
1840 553 1990 587 collecto

220 607 366 649 scribit,
402 607 574 641 relatione
601 607 876 648 confirmantur,
913 618 1021 650 quam
1047 608 1196 641 Iacobus
1222 608 1405 650 Soranzo,
1441 606 1662 641 Venetorum
1687 606 1781 652 apud
1807 617 1989 641 caesarem

220 663 349 702 orator,
372 661 582 695 Vindobona
600 661 632 694 4.
652 661 737 705 Apr.
760 661 845 694 1561
867 659 1039 694 Venetias
1057 660 1165 694 misit.
1203 660 1241 693 ln
1260 659 1361 694 cuius
1378 659 1563 694 relationis
1585 660 1765 701 „rubrica“
1787 660 1865 694 sive
1885 660 1986 694 brevi

221 725 375 755 summa,
412 713 576 748 Venetiis
602 714 820 758 reipublicae
846 713 947 747 iussu
973 714 1110 758 scripta
1135 733 1180 737 —
1208 713 1333 747 relatio
1369 713 1447 758 ipsa
1481 713 1618 758 perisse
1653 713 1798 747 videtur
1823 733 1867 736 —
1893 724 1989 747 asse-

219 767 320 809 ritur,
348 767 550 801 Sorantium
578 767 783 801 nuntiasse:
817 766 910 807 „Che
935 766 971 800 in
998 766 1137 800 Vienna
1164 769 1199 800 et
1226 766 1260 800 in
1286 767 1463 810 Augusta,
1491 766 1621 811 perche
1646 778 1716 801 non
1742 766 1776 800 v'
1796 778 1902 800 erano
1928 767 1989 811 piii

220 821 435 866 predicatori
462 820 652 860 lutherani,
680 832 741 854 era
767 832 856 864 gran
884 831 1053 854 concorso
1080 820 1136 854 del
1163 820 1293 865 populo
1320 819 1389 853 alle
1416 819 1536 853 chiese
1562 822 1598 854 et
1624 819 1693 854 alle
1717 819 1959 854 confessione“
1976 819 1989 839 ²

222 873 363 918 (Tm-ba
388 874 410 908 l.
436 886 464 908 c.
493 874 552 914 ΙΙΙ,
583 874 678 917 185).
714 873 767 907 De
793 873 1098 907 contionatoribus
1123 875 1244 907 tamen
1270 873 1481 913 lutheranis,
1508 873 1602 917 quod
1628 873 1705 918 ipse
1732 872 1919 907 Sorantius
1945 872 1988 906 de

218 927 431 962 Vindobona
456 927 614 967 rettulit,
655 927 951 968 „rubricatorem“
987 926 1031 961 ad
1058 927 1261 970 Augustam
1299 938 1440 970 quoque
1466 928 1552 971 puto
1586 926 1861 967 transtulisse⁸;
1897 937 1989 970 quae

219 983 317 1015 certe
344 981 648 1015 contionatoribus
674 980 957 1024 protestantibus
984 981 1069 1014 tunc
1096 980 1312 1014 abundabat.

1039 1097 1170 1139 232.

661 1187 689 1223 Α
715 1197 762 1223 m.
788 1186 921 1223 Martio
948 1196 981 1223 a.
1008 1186 1089 1223 1559
1117 1186 1161 1222 ad
1187 1197 1233 1222 ιιι.
1261 1186 1391 1222 Maium
1418 1197 1450 1223 a.
1477 1186 1562 1223 1561.

338 1278 392 1311 Ex
428 1276 590 1322 exemplo
619 1276 682 1321 (A)
720 1276 895 1321 epistulae
931 1276 1150 1314 elderiauae.
1187 1275 1311 1309 eodem
1346 1278 1506 1320 tempore
1542 1276 1585 1309 ab
1621 1275 1744 1319 ignoto
1779 1275 1913 1320 scripto
1950 1278 1987 1309 et

220 1343 240 1366 a
259 1331 401 1366 Canisio
420 1331 570 1365 Romam
596 1331 640 1364 ad
661 1330 823 1364 Lainium
849 1330 979 1370 misso;
1007 1329 1060 1363 cui
1081 1330 1235 1362 Elderen
1254 1340 1319 1362 sua
1338 1340 1445 1362 manu
1463 1328 1667 1373 inscripsit:
1697 1329 1986 1372 „Augustanae“.

221 1385 304 1419 Cod.
337 1384 399 1426 „G.
426 1384 490 1429 Ep.
520 1384 581 1418 II.“
613 1384 637 1418 f.
668 1383 907 1418 10721—108b.

338 1438 502 1472 Alterum
528 1437 732 1482 exemplum
761 1437 821 1479 (Bi
850 1437 893 1470 ab
921 1436 1044 1470 eodem
1070 1435 1216 1470 librario
1243 1436 1436 1480 scripturn,
1473 1435 1516 1469 ab
1544 1436 1700 1469 Elderen
1727 1435 1849 1470 eodem
1882 1435 1985 1469 modo

218 1491 441 1536 inscriptum.
469 1503 487 1524 a
508 1490 651 1525 Canisio
678 1501 747 1524 una
774 1502 853 1523 cum
880 1490 997 1535 priore
1016 1488 1076 1523 illo
1095 1489 1218 1523 Lainio
1244 1488 1394 1522 missum
1413 1491 1535 1522 exstat
1552 1488 1682 1522 ibidem
1701 1489 1724 1523 f.
1747 1489 1986 1523 105³—106¹›.

338 1545 497 1579 Tertium
526 1543 729 1588 exemplum
760 1543 870 1588 (quod
896 1555 966 1577 non
994 1542 1082 1585 vidi)
1113 1545 1234 1576 exstat
1261 1541 1429 1576 Coloniae
1457 1542 1619 1585 (Hausen
1645 1541 1668 1576 1.
1696 1553 1725 1576 c.
1752 1554 1786 1587 p.
1815 1542 1910 1585 765).

336 1597 501 1643 Epistula
530 1597 583 1631 usi
610 1600 713 1632 sunt:
751 1598 965 1641 Saecltinns,
1002 1596 1087 1631 Can.
1115 1608 1148 1641 p.
1180 1596 1256 1630 169.
1286 1596 1492 1636 173-182,
1529 1598 1564 1629 et
1590 1594 1684 1629 Hist.
1713 1594 1747 1630 S.
1774 1595 1806 1629 J.
1834 1595 1878 1629 II.
1905 1594 1928 1628 l.
1954 1595 1986 1637 4,

219 1665 251 1686 n.
283 1653 367 1689 119:
395 1651 417 1685 l.
445 1652 476 1687 5,
503 1663 536 1685 n.
567 1651 642 1685 160.
678 1652 803 1694 Rom-0,
831 1651 914 1685 Can.
943 1662 975 1695 p.
1003 1650 1202 1684 223—229.
1231 1649 1430 1683 234—235.
1466 1650 1508 1683 Ε.
1541 1649 1701 1693 Θοΐῖιείη,
1728 1649 1892 1692 Ignatius
1918 1660 1987 1683 von

220 1705 353 1751 Loyola
383 1704 505 1748 (Halle
534 1704 640 1747 1895)
671 1717 702 1749 p.
732 1704 930 1738 761—762.
959 1704 1038 1738 795.

337 1789 405 1821 Res
431 1792 669 1831 aaymtanae:
699 1788 966 1821 Contionatores
992 1786 1156 1819 catholici
1182 1790 1211 1818 et
1232 1789 1475 1828 protestantes.
1519 1785 1724 1828 „Confessio
1751 1782 1985 1827 czaqzcstarza‘st

219 1842 453 1875 Pt·otestan!e.s‘
487 1842 665 1875 catholicis
693 1841 907 1884 potentiores
941 1841 1004 1874 llos
1037 1841 1266 1873 inswtmztmn
1322 1838 1458 1872 Canisn·
1484 1839 1705 1872 contionibus
1739 1839 1840 1872 nrzclli
1873 1841 1987 1881 prote-

217 1900 347 1929 stantes
373 1896 420 1928 «d
446 1896 618 1927 ecclesiane
648 1895 793 1938 redacti,
821 1894 1074 1927 catholicorum
1096 1895 1212 1936 pietas
1237 1896 1352 1925 aucta.
1407 1894 1592 1925 Contiones
1617 1893 1657 1925 (le
1684 1892 1783 1925 cet-ho
1809 1892 1895 1935 Dei,
1933 1893 1986 1925 in-

218 1949 418 1992 dalyenle'e's,
445 1949 660 1981 catechismo.
698 1951 1012 1981 Sam-amentoram
1037 1947 1248 1989 frequentia.
1292 1946 1434 1978 Nobiles
1459 1946 1616 1978 ecclesiae
1641 1946 1772 1989 eyreyie
1798 1945 1984 1978 conciliati.

219 2003 396 2046 Paapere-s·
431 2003 629 2035 litterarum
665 2002 816 2035 studiosi
849 2002 983 2044 aliique
1017 2000 1194 2033 sublevati.
1251 2000 1423 2032 Germani
1458 2000 1610 2031 ostiatim
1646 2000 1881 2031 mendicantes
1915 2009 1986 2032 non

215 2057 337 2099 ferant
363 2060 393 2088 et
418 2067 437 2087 a
467 2057 598 2088 ieiunio
625 2056 735 2088 alieni
759 2058 852 2088 sant.
902 2054 1095 2096 Effectmn,
1133 2057 1168 2085 at
1206 2053 1330 2085 ieiunii
1364 2053 1468 2094 leyem
1503 2053 1677 2085 observent
1712 2056 1741 2085 et
1765 2063 1832 2085 sua
1866 2057 1986 2095 sponte

216 2110 382 2142 ieianent.
435 2110 559 2142 Sacri-s·
584 2110 761 2142 eoeereitils
786 2108 890 2141 multi
910 2107 1152 2150 lffosperrime
1178 2106 1316 2138 arctati.
1371 2106 1567 2139 catecheses
1592 2106 1805 2138 domesticae.
1853 2106 1986 2139 Sacrae

217 2164 457 2205 confessiones.
510 2163 673 2195 Ministri
710 2166 943 2205 protestantes
985 2165 1109 2193 eontra
1144 2160 1294 2192 les-uitas
1329 2159 1553 2191 declamitant
1584 2163 1614 2191 et
1648 2159 1695 2191 ad
1734 2158 1873 2191 Cam'sii
1906 2169 1984 2191 eon-

216 2217 327 2250 tz'ones
352 2217 493 2249 adeant.
533 2216 671 2249 Canisii
696 2216 891 2248 auctoritas
917 2219 945 2247 et
971 2214 1173 2247 litterarum
1200 2213 1467 2254 commercizmz;
1493 2216 1695 2255 (tzcyzcstana
1720 2212 1814 2245 sedes
1840 2213 1870 2245 ei
1896 2222 1984 2245 com-

217 2270 430 2303 modisstma.

335 2356 513 2396 Litterae,
550 2367 701 2399 quarum
728 2354 923 2388 maximam
948 2357 1088 2398 partem
1115 2352 1171 2386 hic
1209 2364 1316 2397 pono,
1353 2354 1519 2395 Augusta
1546 2351 1811 2386 Vindelicorum
1838 2351 1870 2385 8.
1897 2350 1984 2385 Maii

219 2410 306 2444 1561
336 2421 356 2443 a
383 2409 422 2443 P.
446 2410 635 2443 Guz'lielmo
652 2409 806 2442 E'lcleren
825 2407 859 2441 S.
879 2407 912 2442 J.
939 2407 984 2441 ad
1010 2406 1173 2440 Lainium
1202 2405 1445 2450 praepositum
1473 2405 1678 2449 generalem
1706 2405 1821 2446 datae,
1848 2404 1983 2449 primae

215 2465 318 2503 sunt,
358 2474 448 2506 quas
476 2461 666 2496 Societatis
693 2462 774 2495 Iesu
800 2461 905 2495 sedes
931 2462 1135 2503 augustana
1162 2471 1180 2493 e
1208 2460 1243 2493 S.
1272 2460 1406 2501 Iynatii
1432 2459 1654 2503 praescripto
1683 2457 1983 2501 (Constitutiones

216 2516 256 2550 P.
283 2516 315 2556 8,
343 2527 371 2550 c.
401 2516 417 2549 1
443 2514 495 2557 M)
525 2515 631 2556 dedit,
664 2514 1000 2558 „quadrimestres“.
1036 2512 1112 2554 Quo
1138 2513 1280 2547 nomine
1306 2524 1326 2546 a
1354 2512 1496 2546 Canisio
1523 2511 1600 2556 ipso
1627 2511 1856 2556 appellantur
1885 2511 1983 2553 (vide

215 2581 324 2614 supra
342 2581 375 2614 p.
397 2568 492 2611 144),
519 2579 736 2612 quamquam
762 2579 832 2601 non
858 2566 973 2601 solum
1001 2566 1043 2600 de
1070 2566 1194 2611 primis
1220 2568 1391 2610 quattuor
1409 2565 1493 2599 anni
1515 2566 1602 2599 1561
1622 2565 1807 2599 mensibus
1825 2563 1982 2609 scriptae

215 2626 310 2664 sunt,
337 2622 400 2656 sed
427 2621 535 2655 etiam
562 2621 605 2655 ad
633 2633 765 2655 annum
794 2620 884 2655 1560
911 2622 1088 2665 spectant.
1140 2618 1305 2653 Canisius
1331 2619 1476 2653 ineunte
1503 2630 1548 2652 m.
1575 2618 1708 2652 Martio
1735 2629 1766 2652 a.
1796 2618 1885 2652 1559
1912 2618 1981 2651 Au-

215 2679 361 2720 gustam
389 2675 580 2716 advectus,
616 2687 663 2708 m.
698 2674 798 2708 Iunio
827 2674 917 2708 1559
952 2672 1083 2707 summi
1117 2672 1242 2717 templi
1278 2672 1501 2707 contionator
1534 2671 1807 2716 pronuntiatus,
1841 2671 1908 2705 sub
1934 2682 1980 2705 m.

216 2729 463 2775 Septembrem
492 2729 582 2762 1559
609 2727 645 2761 in
672 2727 914 2771 ludimagistri
942 2726 1125 2760 cuiusdam
1154 2726 1306 2766 domum,
1335 2736 1426 2770 quae
1452 2724 1670 2759 cathedralis
1696 2723 1843 2769 capituli
1868 2723 1981 2758 fuisse

215 2784 369 2823 videtur,
398 2781 629 2825 immigravit,
656 2781 793 2815 socium
818 2792 836 2814 e
864 2780 1043 2814 Societate
1069 2782 1197 2813 nactus
1222 2799 1269 2803 —
1294 2790 1377 2813 nam
1403 2778 1533 2813 saltem
1559 2789 1672 2822 usque
1699 2777 1743 2811 ad
1770 2789 1816 2811 m.
1840 2777 1980 2811 Iunium

216 2848 246 2872 a.
277 2837 366 2870 1559
401 2835 604 2869 huiusmodi
638 2834 734 2869 socio
769 2833 916 2868 carebat
941 2853 986 2856 —
1012 2833 1050 2867 P.
1080 2833 1245 2867 Iodocum
1274 2831 1515 2866 Carcaeneum
1545 2831 1794 2875 (Carcereum;
1833 2830 1876 2864 de
1911 2841 1980 2874 quo

339 2985 347 3002 ¹
375 2981 652 3021 Stevordianu33
679 2979 762 3014 vide
788 2990 897 3023 supra
922 2990 956 3023 p.
986 2978 1063 3012 130.

335 3037 348 3056 2
374 3035 426 3069 De
452 3032 782 3069 Vindobonensium
808 3032 942 3077 pietate
969 3031 1013 3065 ad
1040 3030 1244 3076 Philippum
1273 3030 1318 3064 II.
1344 3041 1463 3064 comes
1488 3028 1684 3069 Lunensis,
1710 3026 1824 3073 ipsius
1849 3028 1978 3068 orator,

216 3089 339 3123 eodem
364 3089 440 3122 fere
465 3090 626 3133 tempore
653 3086 785 3121 similia
811 3084 951 3119 rettulit
979 3084 1203 3128 (Fuensanta
1229 3084 1283 3117 del
1310 3084 1404 3117 Valle
1428 3082 1451 3116 l.
1480 3093 1510 3117 c.
1536 3081 1698 3123 XCVIII,
1724 3080 1804 3116 203.
1831 3079 1929 3123 228).

335 3143 348 3162 ³
379 3141 462 3183 ,Bei
497 3141 592 3175 allen
628 3138 835 3190 [Rubriche]
872 3138 1040 3171 kommen
1074 3137 1235 3171 kleinere
1271 3137 1445 3180 Irrungen
1481 3135 1554 3170 und
1589 3134 1864 3177 Auslassungen
1908 3144 1978 3167 von

215 3195 376 3235 Worten,
404 3194 533 3228 Fehler
558 3205 673 3237 gegen
702 3192 757 3227 die
784 3190 1141 3233 Ubereinstimmung
1166 3190 1214 3224 im
1242 3188 1346 3223 Satze
1372 3189 1478 3223 vor“:
1511 3189 1631 3222 Turba
1655 3187 1678 3221 l.
1706 3198 1735 3221 c.
1762 3186 1823 3228 III,
1849 3196 1929 3220 XIX.
