2093 3444
607 223 651 257 II.
687 223 913 257 Prooemium
940 223 1133 258 voluminis
1159 224 1269 258 tertii.
1672 239 1826 267 XXXIII

53 341 169 384 modi
200 342 332 383 libros
362 355 498 382 novos
521 340 738 391 mittebat,
774 340 997 396 imprimis,
1032 340 1104 394 qui
1137 355 1162 383 a
1186 342 1531 395 protestantibus
1558 342 1661 384 editi
1686 346 1826 391 erant,

54 410 103 450 ut
135 406 487 450 Centuriatorum
523 406 963 460 magdeburgensium
996 406 1234 448 Historiam
1280 407 1642 458 ecclesiasticam,
1694 407 1828 457 „Con-

55 472 290 515 fessiones“
321 471 585 514 austriacam
609 474 653 513 et
684 472 913 525 belgicam,
953 471 1165 522 „Theses“
1193 471 1488 525 tubingenses,
1522 472 1654 514 libros
1678 472 1827 514 Chem-

55 537 163 589 nitii,
198 536 380 587 Clebitii‚
416 535 447 578 F
451 536 562 586 lacii,
598 537 850 587 Rauscheri,
887 536 1176 587 Schmidelini,
1212 537 1578 591 Spangenbergii,
1614 537 1827 585 Timanni,

55 602 269 657 Vergerii,
304 601 500 644 Vermilii
535 604 617 644 etc.
652 601 770 655 (240.
806 604 904 645 322.
940 604 1038 645 326.
1076 604 1173 645 363.
1210 604 1309 645 374.
1345 605 1444 646 393.
1480 605 1578 645 396.
1604 605 1702 645 409.
1728 604 1826 645 423.

56 669 156 711 485.
191 669 290 710 489.
324 669 424 710 492.
460 668 558 710 530.
604 666 721 720 575).
785 667 878 709 Nec
921 667 1059 709 solum
1100 668 1283 710 Hosium
1325 668 1533 721 rogabat,
1579 671 1628 710 ut
1670 668 1827 710 iterum

57 734 268 776 adversus
299 735 598 787 protestantes
631 732 840 774 scriberet
870 732 988 782 (239.
1015 733 1132 786 516),
1167 733 1243 775 sed
1267 733 1397 776 etiam
1420 734 1701 776 vehementer
1734 748 1829 775 cum

58 798 173 853 apud
204 798 325 840 illum
358 800 449 840 tum
483 798 596 852 apud
629 797 738 840 alios
766 797 973 849 instabat,
1009 801 1226 849 curarent,
1261 801 1310 840 ut
1333 798 1541 849 Tridenti,
1576 799 1754 849 Romae,
1787 798 1831 840 in

58 863 226 916 reliqua
257 863 388 905 Italia
419 863 474 905 ad
507 863 821 904 defendendam
854 863 1094 913 ecclesiam,
1129 863 1385 906 nominatim
1420 867 1573 907 contra
1605 863 1832 906 Centuria-

57 932 199 979 tores,
241 928 339 970 libri
381 930 742 982 componerentur
774 929 863 979 (30.
899 929 996 970 296.
1032 930 1130 971 372.
1167 929 1293 982 392),
1336 932 1469 982 utque
1511 943 1537 971 a
1578 929 1715 971 Paulo
1756 928 1831 970 illo

59 993 269 1045 Manutio,
304 1007 430 1047 quem
463 993 564 1035 Pius
590 993 664 1036 IV.
698 993 880 1035 Romam
914 993 1217 1045 arcessiverat,
1253 1008 1349 1036 cum
1381 997 1555 1037 veteres
1588 994 1744 1036 Patres
1777 1008 1832 1036 ex

58 1059 249 1102 romanis
275 1058 546 1101 bibliothecis
573 1058 686 1101 eruti
717 1061 809 1101 tum
840 1058 940 1100 novi
962 1058 1025 1100 illi
1047 1058 1146 1100 libri
1166 1059 1286 1113 typis
1309 1059 1661 1102 exscriberentur
1683 1057 1830 1112 (392);

61 1139 168 1178 quos
200 1124 403 1167 methodo
435 1138 549 1166 nova
581 1123 728 1177 illique
761 1123 898 1166 aetati
931 1124 1260 1167 accommodata
1293 1124 1490 1179 componi
1522 1125 1721 1175 volebat,
1765 1138 1833 1166 ra-

59 1189 191 1239 tione,
224 1189 414 1243 inquam,
449 1189 643 1232 adhibita
675 1203 761 1231 non
782 1191 953 1231 tantum
987 1189 1261 1240 scholastica,
1296 1190 1370 1232 sed
1404 1190 1535 1233 etiam
1560 1189 1767 1232 historica
1790 1192 1835 1232 et

62 1269 262 1297 sermone
295 1254 512 1308 castigato
546 1254 767 1309 politoque
800 1254 908 1308 (31).
972 1255 1250 1297 Colonienses
1284 1269 1452 1309 quoque
1485 1255 1634 1297 Socios
1675 1269 1833 1296 novam

62 1319 339 1362 conciliorum
362 1319 596 1362 editionem
618 1322 826 1374 parantes
849 1319 988 1363 doctis
1010 1320 1175 1362 Romae
1198 1320 1476 1363 versantibus
1499 1320 1833 1370 commendavit,

62 1388 111 1428 ut
143 1399 289 1427 eorum
317 1400 397 1440 ope
420 1385 698 1428 conciliorum
721 1388 823 1428 acta
844 1385 1021 1427 tandem
1051 1385 1319 1439 „integritati
1342 1400 1446 1428 suae
1468 1386 1829 1429 restituerentur“

63 1450 182 1503 (239.
219 1452 317 1494 242.
354 1453 453 1494 292.
489 1450 606 1502 296),
647 1465 829 1505 cumque
861 1450 1068 1493 Albertus
1101 1452 1153 1494 V.
1189 1451 1276 1493 dux
1309 1451 1477 1493 concilii
1510 1451 1703 1506 ephesini
1736 1454 1837 1494 acta

63 1530 225 1570 graeca
256 1519 412 1559 nactus
443 1516 490 1560 P.
526 1517 752 1559 Theodoro
784 1516 967 1559 Peltano
1001 1517 1042 1560 S.
1077 1517 1132 1568 J„
1171 1519 1220 1559 ut
1253 1531 1304 1559 ea
1335 1517 1379 1558 in
1411 1517 1594 1559 latinum
1627 1519 1836 1567 verteret,

63 1582 328 1633 mandasset,
363 1581 559 1624 Canisius
593 1582 754 1633 effecit,
789 1584 838 1624 ut
869 1582 1034 1624 Romae
1065 1582 1158 1636 ipse
1192 1582 1418 1624 Salmeron
1452 1582 1684 1625 Societatis
1716 1581 1838 1624 vica-

66 1647 156 1689 rius
188 1647 405 1701 generalis
438 1647 669 1690 collatione
702 1662 799 1689 cum
832 1648 1030 1702 exemplo
1062 1647 1266 1690 vaticano
1299 1647 1502 1690 instituta
1538 1648 1733 1690 laborem
1773 1647 1838 1688 iu-

67 1716 194 1756 varet
235 1712 354 1767 (131.
399 1715 497 1756 302.
542 1713 659 1766 340).
725 1712 933 1755 Similiter
973 1713 1189 1755 Canisium
1234 1713 1290 1755 ad
1331 1712 1542 1765 Cromeri,
1588 1713 1837 1767 Noguerae‚

69 1778 260 1832 Payvae,
284 1778 529 1820 Walasseri
550 1778 684 1821 libros
707 1792 882 1833 operam
906 1778 1198 1821 conferentem
1224 1779 1419 1821 videmus
1443 1778 1561 1833 (393.
1586 1780 1685 1821 557.
1712 1778 1838 1831 773);

69 1858 120 1885 ac
153 1843 410 1898 Staphylum
444 1844 575 1887 etiam
608 1858 814 1886 romanae
848 1844 993 1886 curiae
1026 1844 1344 1886 commendavit
1391 1846 1435 1886 et
1479 1858 1534 1886 ex
1578 1843 1842 1886 cathedralis

69 1909 279 1951 ecclesiae
312 1912 584 1963 augustanae
617 1912 842 1963 suggestu,
877 1923 971 1951 cum
995 1909 1234 1951 Rauscheri
1269 1910 1473 1959 „Centum
1505 1909 1731 1952 mendacia
1763 1922 1842 1963 pa-

69 1974 249 2029 pistica“
288 1974 525 2027 refutaret,
569 1975 762 2017 defendit
795 1975 912 2027 (396.
949 1974 1052 2028 638)
1086 1989 1136 2017 ac
1175 1975 1372 2018 laudavit
1405 1974 1538 2029 (haud
1570 1974 1662 2017 sine
1696 1975 1842 2016 dolore

69 2043 216 2082 tamen
250 2042 405 2094 postea
437 2040 762 2091 animadvertit,
797 2040 980 2082 eundem
1011 2040 1262 2083 auctoritati
1283 2040 1529 2095 pontificiae
1551 2040 1744 2082 nonnihil
1769 2040 1842 2081 de-

69 2105 260 2148 traxisse
285 2104 445 2160 [1556]).
489 2106 696 2160 Magnam
729 2120 857 2160 porro
882 2106 1140 2148 Germaniae
1172 2120 1276 2147 suae
1297 2105 1533 2148 utilitatem
1556 2106 1764 2160 sperabat
1787 2118 1842 2147 ex

77 2170 280 2222 „Litteris
311 2171 508 2223 indicis“‚
543 2171 718 2225 quibus,
755 2174 942 2225 quantos
975 2185 1190 2224 quamque
1221 2171 1424 2225 pulchros
1456 2170 1556 2212 fidei
1588 2173 1632 2213 et
1663 2170 1843 2225 pietatis

70 2235 240 2279 fructus
273 2236 505 2279 Societatis
537 2237 621 2279 viri
653 2236 881 2291 apostolici
911 2236 956 2278 in
987 2236 1120 2278 Indiis
1153 2236 1455 2287 orientalibus,
1498 2235 1698 2290 Iaponia,
1733 2236 1843 2277 Bra—

72 2301 169 2343 silia
201 2304 283 2345 etc.
318 2302 618 2356 collegissent,
662 2302 971 2347 enarrabatur:
1015 2302 1128 2343 unde
1160 2301 1335 2344 Lainius
1377 2315 1451 2344 eas
1483 2301 1647 2343 Romae
1679 2301 1721 2342 in
1756 2301 1845 2342 col-

71 2366 186 2420 legio
211 2367 443 2410 Societatis
476 2382 502 2410 a
533 2368 668 2410 latine
695 2367 911 2409 scribendi
932 2367 1205 2422 peritissimis
1229 2366 1480 2420 quibusque,
1514 2368 1563 2408 ut
1585 2366 1844 2420 Perpiniano

73 2434 118 2474 et
139 2432 292 2474 Fulvio
316 2433 514 2484 Cardulo,
548 2433 591 2474 in
624 2433 807 2476 latinum
839 2433 953 2474 verti
986 2447 1023 2475 a.
1052 2434 1164 2474 1562
1196 2432 1336 2482 iussit,
1368 2432 1412 2474 in
1436 2431 1668 2474 Germania
1691 2431 1844 2473 deinde

72 2497 192 2552 typis
225 2497 534 2540 exscribendas
567 2498 685 2551 (303.
721 2499 819 2540 328.
855 2499 954 2540 344.
990 2498 1107 2552 580).

192 2563 314 2606 Inter
344 2563 509 2605 medios
540 2563 671 2606 hosce
702 2564 874 2605 labores
897 2562 1067 2605 Canisio
1101 2577 1139 2606 a.
1167 2565 1278 2605 1561
1311 2565 1355 2605 et
1381 2564 1492 2605 1562
1519 2561 1747 2615 Augustae
1780 2561 1846 2603 of-

73 2627 217 2670 ficium
248 2628 504 2683 primarii
545 2628 965 2672 contionatoris
1008 2628 1286 2670 ecclesiae
1325 2627 1674 2671 cathedralis
1716 2626 1846 2669 susti-

74 2694 262 2736 nendum
294 2693 390 2745 fuit,
423 2694 551 2747 idque
583 2694 658 2745 ita,
693 2697 742 2737 ut
773 2694 865 2748 ipse
891 2708 986 2735 cum
1010 2693 1158 2748 paucis
1181 2693 1413 2736 admodum
1436 2692 1613 2746 collegis
1636 2693 1848 2734 adversus

79 2760 131 2801 13
165 2759 232 2800 vel
271 2761 323 2800 14
357 2759 681 2802 contionatores
714 2762 1012 2814 protestantes
1044 2761 1163 2801 stare
1196 2759 1386 2801 deberet.
1435 2758 1630 2800 Canisius
1663 2759 1848 2810 utroque

75 2838 188 2866 anno
222 2826 266 2866 et
297 2823 527 2866 Adventus
559 2827 755 2878 tempore
789 2827 944 2878 quater
986 2824 1167 2878 singulis
1209 2823 1489 2865 hebdomadis
1531 2822 1641 2864 dixit
1683 2825 1727 2864 et
1770 2835 1849 2876 per

76 2888 462 2942 Quadragesimam
484 2892 661 2944 praeter
678 2891 704 2931 4
723 2889 946 2931 contiones
969 2889 1150 2942 singulis
1172 2888 1452 2930 hebdomadis
1474 2887 1621 2929 haberi
1646 2887 1798 2929 solitas
1823 2888 1847 2927 2

76 2954 148 2996 vel
181 2956 206 2996 3
240 2955 530 2997 catecheticas
562 2955 606 2996 in
638 2954 827 3008 gratiam
859 2968 1090 3008 puerorum
1124 2957 1256 3007 atque
1288 2953 1480 3002 rudium,
1520 2952 1668 2994 multis
1700 2955 1848 2994 tamen

77 3019 209 3061 etiam
242 3019 339 3061 aliis
372 3020 661 3070 adstantibus,
695 3019 848 3062 habuit
881 3019 1000 3073 (593.
1035 3020 1283 3061 615—618.
1320 3019 1437 3072 626).

196 3107 359 3151 Diligens
386 3108 529 3152 quidem
556 3110 634 3142 erat
653 3107 818 3142 Canisius
844 3107 880 3141 in
906 3106 1129 3150 singulorum
1157 3106 1293 3140 dierum
1313 3104 1514 3149 evangeliis
1541 3105 1577 3138 et
1602 3103 1638 3137 in
1665 3115 1848 3138 sacrorum

76 3161 278 3204 temporum
304 3161 502 3196 rationibus
528 3161 770 3206 explicandis;
806 3160 914 3195 simul
939 3164 1059 3194 tamen
1096 3159 1204 3194 etiam
1240 3159 1311 3193 alia
1338 3158 1533 3202 quaedam,
1569 3159 1676 3201 prout
1705 3159 1850 3201 tempus

77 3213 264 3257 exigebat,
290 3217 448 3249 tractare
474 3214 632 3249 solebat:
666 3214 929 3258 indulgentias,
957 3213 1164 3254 concilium,
1191 3212 1473 3257 supplicationes
1499 3210 1683 3256 publicas,
1720 3210 1851 3244 eucha-

1527 3269 1572 3303 C*
