2093 3444
231 184 311 218 527.
348 183 515 219 Canisius
541 184 670 218 Iacobo
695 183 830 218 Lainio.
873 184 1042 227 Augusta
1068 183 1335 218 Vindelicorum
1363 184 1394 218 8.
1422 184 1545 219 Martii
1574 185 1676 220 1561.
1783 188 1837 229 65

64 300 275 355 religione
317 301 604 343 aberrarunt:
646 301 688 343 in
731 301 886 344 salutis
927 301 1041 343 uiam
1077 301 1308 343 reducas-²:
1352 305 1561 355 quantum
1604 303 1736 346 etiam
1769 319 1841 346 su-

65 381 201 421 perna
234 368 497 420 cooperante
529 367 675 420 gratia
697 367 911 421 proficias.
956 367 1145 420 Magnae
1176 366 1299 408 nobis
1324 367 1607 410 consolationi
1635 369 1718 411 fuit
1748 373 1840 412 tam

64 434 242 487 optatus
285 431 480 474 nuncius.
554 431 738 485 Agimus
783 432 1079 486 Omnipotenti
1124 431 1246 473 Deob
1286 432 1476 485 gratias:
1523 433 1594 486 qui
1638 449 1716 488 pro
1762 449 1842 478 sua

64 496 361 539 misericordia
392 499 484 538 tam
507 497 692 540 multosc
724 497 811 539 iam
825 497 852 547 ¹³,
887 498 999 540 sicut
1023 497 1261 547 audimus²‚
1294 511 1372 551 per
1393 498 1681 540 ministerium
1714 514 1841 554 prae—

65 561 292 605 dicationis
332 562 461 604 tuaes
498 561 541 603 in
584 562 826 604 Ecclesiam
869 562 1135 605 Catholicam
1175 563 1435 606 reuocarit
1499 564 1620 606 Insta
1661 564 1744 616 fili,
1793 569 1842 608 ut

65 627 267 682 coepisti,
310 630 355 670 et
395 627 582 670 enitere:
628 630 675 669 ut
718 642 846 681 quam
888 628 1125 670 maximum
1142 627 1156 647 ¹¹
1198 627 1440 670 animarum
1481 629 1649 671 lucrum
1689 630 1840 673 facias.

65 693 185 747 Vrge
216 696 307 736 tam
340 692 479 747 piam,
521 696 612 735 tam
651 696 849 735 sanctam
890 692 1341 747 negociationem
1358 695 1384 736 1.
1449 694 1549 735 Noli
1587 695 1843 750 defatigarii

64 758 108 800 in
139 761 230 801 tam
264 761 417 800 sancto
451 772 602 812 opere:
637 758 883 800 sedulitatis
909 762 1013 801 tuae
1046 759 1099 800 ab
1128 773 1191 808 eo,
1226 758 1294 800 cui
1316 759 1542 801 famularis
1557 760 1586 811 Κ,
1619 760 1683 801 id¹
1715 775 1842 815 prae-

65 823 198 865 mium
229 823 420 865 laturus:
464 824 577 876 quod
609 823 791 874 bonis,
836 826 890 865 et
931 823 1205 865 fidelibus
1247 824 1463 865 seruis2
1505 824 1593 866 suis
1630 826 1841 879 promisit.

65 888 110 931 Si
143 888 244 942 quid
276 903 380 930 uero
413 903 439 930 a
471 889 594 931 nobis
627 889 908 931 desiderasffl:
943 889 1057 942 quod
1090 889 1288 931 conferre
1312 889 1504 942 aliquidn
1535 904 1664 944 posse
1689 892 1842 934 credas

66 954 121 996 ad
154 954 395 996 animarum
419 954 628 996 salutem:
661 954 813 997 libenti
836 954 979 996 animo
1002 954 1204 1007 quicquid
1226 955 1519 1009 postulaueris
1542 956 1842 1001 concedemus,

186 1031 377 1074 Datum⁰
418 1031 583 1072 Romae
631 1031 744 1085 apud
760 1036 773 1055 ¹¹
816 1034 1014 1073 sanctum
1059 1031 1238 1073 Petrum
1280 1032 1358 1072 sub
1401 1032 1560 1074 annulo
1607 1032 1843 1074 Piscatoris

69 1095 137 1138 die
172 1096 236 1139 .V.
270 1096 418 1150 Martij
456 1097 565 1138 1561
602 1096 888 1138 Pontificatus
920 1096 1057 1138 nostri
1091 1096 1217 1137 Anno
1250 1097 1437 1138 secundo
1453 1102 1480 1140 ⁶¹.

919 1172 1162 1215 Antoniusr
1194 1173 1464 1215 Florebellus
1495 1173 1782 1217 Lauellinus⁵.

189 1259 257 1302 Qui
283 1260 338 1294 Pii
363 1259 426 1294 IV.
453 1260 555 1295 iussu
589 1260 657 1294 has
690 1260 833 1294 litteras
870 1259 1101 1304 conscripsit,
1138 1260 1317 1294 Antonius
1352 1260 1573 1295 Florebellus
1604 1261 1843 1304 (ffiordibello,

68 1313 275 1356 Fiorabelli)
304 1313 528 1354 mutinensis,
556 1325 588 1349 a.
610 1313 841 1348 1558—1561
871 1314 1118 1358 episcopatum
1144 1313 1357 1348 lavellinum
1386 1313 1562 1356 (Lavello,
1588 1315 1717 1348 Italiae
1742 1317 1846 1349 meri-

70 1367 223 1402 dionalis
249 1367 350 1411 urbs)
380 1367 506 1409 tenuit,
534 1367 734 1411 Reginaldo
762 1366 935 1401 cardinali
962 1366 1058 1408 Polo,
1086 1366 1199 1401 Paulo
1226 1367 1297 1407 IV„
1325 1367 1389 1401 Pio
1415 1367 1476 1402 IV.
1504 1368 1548 1402 ab
1575 1367 1740 1413 epistulis
1766 1369 1845 1409 fuit,

69 1420 188 1455 Iacobi
215 1420 408 1455 cardinalis
435 1420 613 1462 Sadoleti,
651 1420 708 1454 cui
734 1420 840 1454 valde
867 1419 1057 1454 familiaris
1088 1422 1184 1461 erat,
1221 1420 1332 1454 vitam
1368 1420 1515 1465 scripsit
1543 1422 1661 1462 (Gaet.
1687 1423 1846 1466 Momm,

68 1474 274 1509 Dizionario
312 1474 347 1508 di
386 1474 589 1509 erudizione
628 1473 1026 1508 storico-ecclesiastica
1060 1473 1200 1515 XXIII,
1238 1474 1293 1507 61.
1321 1474 1386 1515 67;
1420 1473 1612 1516 XXXVII,
1649 1474 1736 1516 2073
1772 1475 1845 1515 LX,

72 1528 159 1570 137;
187 1527 313 1569 LXIII,
341 1528 430 1568 267;
456 1527 600 1569 XCVII,
630 1528 717 1568 180;
749 1528 836 1560 Piens
866 1528 975 1560 Gams
1002 1526 1042 1562 O.
1070 1527 1103 1561 S.
1132 1527 1194 1568 B.‚
1231 1526 1348 1561 Series
1375 1527 1635 1573 Episcoporum
1660 1528 1846 1563 Ecclesiae

71 1581 277 1616 Catholicae
299 1581 533 1626 [Ratisbonae
553 1581 658 1625 1873]
686 1593 719 1626 p.
740 1581 828 1622 889;
857 1581 938 1615 Ath.
956 1582 1225 1614 Zimmermcmn
1244 1580 1279 1615 S.
1297 1581 1319 1615 J
1323 1608 1342 1622 .‚
1370 1581 1544 1615 Kardinal
1562 1581 1649 1615 Pole
1674 1581 1847 1625 [Regens-

69 1635 162 1679 burg
190 1634 295 1679 1893]
322 1647 355 1680 p.
384 1634 483 1679 303).
1335 1636 1341 1640 ⁴

188 1689 349 1723 Litterae
384 1689 452 1723 hae
479 1689 523 1723 ab
550 1688 683 1723 Ottone
719 1687 891 1722 cardinali
918 1689 1132 1731 Augustano
1158 1686 1272 1721 Roma
1307 1687 1350 1722 ad
1379 1687 1562 1722 Canisium
1597 1689 1728 1723 missae
1763 1691 1848 1723 sunt

72 1742 124 1787 (v.
151 1742 246 1777 infra
272 1755 305 1787 p.
333 1742 407 1786 88).
459 1742 527 1785 Qui
552 1742 714 1787 pontifici
739 1741 927 1786 rescripsit
954 1742 1008 1775 10.
1035 1741 1122 1775 Maii
1151 1742 1251 1775 1561.

190 1796 334 1831 Asserit
359 1796 503 1841 quidem
522 1797 564 1830 F.
583 1798 619 1830 J.
639 1796 843 1840 Lipowslcy,
872 1794 1055 1829 Canisium
1073 1795 1140 1829 sub
1166 1795 1233 1829 hoc
1258 1797 1400 1840 tempus
1426 1806 1447 1829 a
1465 1794 1530 1829 Pio
1548 1795 1609 1830 IV.
1636 1807 1705 1830 non
1731 1796 1846 1831 solum

72 1850 130 1885 his
154 1849 300 1892 litteris,
326 1850 390 1885 sed
416 1850 525 1884 etiam
551 1850 673 1884 verbis
700 1849 736 1883 in
763 1848 975 1883 consistorio
1002 1848 1237 1883 cardinalium
1264 1848 1415 1893 prolatis
1440 1848 1628 1883 laudatum
1655 1861 1734 1884 esse
1763 1849 1848 1894 (Ge-

71 1903 235 1938 schichte
262 1904 325 1938 der
350 1903 516 1939 Jesuiten
542 1904 578 1938 in
604 1903 802 1938 Schwaben
830 1902 845 1936 I
873 1900 1067 1946 [Miinchen
1098 1901 1212 1946 1819J,
1238 1902 1323 1946 46);
1362 1913 1488 1936 verum
1523 1901 1590 1936 hoc
1624 1902 1661 1936 in
1687 1902 1848 1938 fontibus

71 1969 142 1992 non
166 1969 322 1992 mvemo.

895 2020 1027 2063 522.

813 2105 1112 2154 CANISIUS

661 2198 942 2242 IAGOBO
975 2197 1256 2251 LA1N10‚

597 2275 801 2320 praeposito
828 2273 989 2318 generali
1016 2272 1207 2307 Societatis
1233 2273 1326 2307 Iesu.

563 2355 733 2402 Augusta
759 2353 1034 2390 vindelicorum
1061 2355 1094 2390 8.
1120 2353 1246 2390 Martii
1272 2353 1358 2390 1561.

194 2434 250 2468 Ex
285 2434 462 2480 epistulae
500 2434 649 2468 Polanci
685 2434 729 2468 ad
757 2433 956 2467 Victoriam
992 2432 1098 2466 datae
1136 2431 1194 2475 (de
1230 2443 1300 2476 qua
1335 2431 1445 2476 infra)
1483 2432 1690 2477 apographo
1725 2432 1849 2466 eodem

74 2491 236 2533 tempore
260 2488 404 2533 scripto.
457 2487 541 2522 cod.
573 2487 712 2530 „Gernr
744 2487 852 2521 1559“
884 2486 908 2520 f.
937 2486 1038 2520 317¹).

195 2594 209 2609 ἢ
234 2589 295 2622 Re.
315 2599 532 2632 perperavit:
557 2587 718 2621 reducat.
817 2586 831 2606 ¹³
857 2585 932 2619 Deo
959 2596 1030 2619 non,
1056 2589 1104 2618 est
1129 2585 1228 2627 (apud
1253 2585 1320 2618 Ra.
1349 2584 1386 2618 P.
1414 2586 1482 2628 Ay.
1510 2586 1553 2618 L.
1580 2586 1642 2619 Re.

195 2648 206 2662 ι·
234 2643 303 2676 Ra.
323 2652 539 2685 perperam:
564 2640 710 2674 multas.
809 2640 823 2659 '¹
849 2640 931 2673 Non
958 2644 1004 2672 est
1030 2639 1069 2672 in
1095 2639 1170 2672 BC
1178 2639 1214 2672 D
1239 2638 1301 2671 Re.

196 2702 208 2716 θ
234 2695 439 2729 audiuimus
463 2695 497 2728 B
520 2695 588 2728 Ra.
617 2695 654 2728 S.
685 2694 720 2728 P.
749 2695 815 2735 Ay.
842 2693 886 2726 L.
913 2693 974 2726 Re.
1073 2692 1083 2711 ¹⁴
1106 2691 1184 2725 BC
1203 2691 1303 2725 haud
1328 2695 1436 2724 reete.-
1461 2702 1560 2726 suae.

196 2755 210 2774 *ὅ
234 2748 421 2782 revocavit
446 2748 485 2781 P.
514 2749 579 2790 Ay.
607 2748 650 2781 L.
749 2746 764 2766 ¹¹
790 2747 851 2779 Re.
872 2756 1088 2789 perperam.-
1113 2746 1153 2778 ut
1179 2743 1454 2789 quamprimum.

198 2802 206 2822 ἰ
236 2800 384 2844 fatigari
410 2802 450 2835 P.
477 2802 543 2844 Ay.
571 2801 615 2834 L.
642 2801 704 2834 Re.
804 2799 819 2819 ¹³
845 2800 906 2832 Re.
929 2809 1143 2842 perperam:
1167 2797 1369 2831 familiaris.

197 2856 203 2875 ¹
237 2856 339 2889 Deest
364 2855 462 2898 apud
488 2855 526 2888 P.
555 2855 620 2896 Ay.
648 2854 691 2887 L.
718 2853 780 2886 Re.
879 2858 901 2872 “¹
927 2851 1110 2885 desideres
1137 2852 1179 2885 L.
1207 2851 1268 2885 Re.

197 2915 212 2929 ¹¹
239 2907 373 2952 aliquid
400 2909 491 2940 deest
515 2908 612 2950 apud
638 2906 677 2940 P.
704 2908 771 2950 Ay.
799 2906 842 2940 L.
870 2906 930 2939 Re.
1029 2911 1043 2925 ⁰
1068 2903 1183 2938 Datae
1208 2905 1252 2939 Ε.
1350 2910 1365 2930 1·
1391 2903 1434 2938 ad
1461 2905 1504 2938 B.

198 2970 212 2987 ¹¹
239 2961 333 3006 apud
360 2960 394 2995 S.
421 2960 569 2994 Petrum
596 2961 665 2994 etc.
691 2960 734 2994 L.
747 2972 761 3001 ,·
786 2959 880 3003 apud
907 2957 941 2993 S.
968 2957 1126 2999 Petrum,
1155 2959 1222 2991 etc.
1253 2957 1354 2998 1561,
1380 2957 1401 2990 5
1427 2956 1550 2991 Martii
1577 2958 1637 2990 Re.

198 3023 209 3036 s
234 3017 313 3050 Hoc
339 3026 463 3049 nomen
489 3019 519 3047 et
544 3016 568 3047 2
592 3024 664 3057 sqq.
690 3013 852 3056 suppleta
877 3016 961 3045 scant
986 3022 1029 3045 ex
1053 3011 1174 3045 BCE
1196 3012 1288 3052 Ra.,·
1323 3011 1448 3044 desunt
1479 3011 1518 3043 in
1545 3012 1578 3044 A
1605 3012 1666 3044 Sa.
1694 3012 1760 3053 Ay.
1787 3011 1850 3046 Re.

199 3076 209 3090 ⁸
234 3070 302 3103 Ra.
328 3068 428 3102 haud
452 3072 563 3102 recte.-
587 3065 795 3100 Iauellinus.

202 3170 211 3189 ¹
239 3168 324 3203 Luc.
354 3168 408 3210 19,
437 3167 492 3202 13.
520 3167 574 3201 15.
674 3166 687 3186 ‘2
712 3164 844 3199 Matth.
871 3165 928 3206 25,
954 3164 1010 3198 21.
1038 3163 1094 3197 23.
1139 3162 1192 3198 Cf.
1220 3163 1304 3196 Luc.
1335 3162 1388 3204 19,
1418 3162 1471 3196 17.

149 3234 173 3258 B
182 3240 197 3258 r
205 3239 277 3258 aun
285 3232 326 3258 sb
334 3239 350 3257 e
358 3239 373 3256 r
382 3238 422 3263 ge
430 3239 458 3260 r,
479 3231 591 3256 Canisii
603 3229 763 3261 Epistulae
775 3231 806 3253 et
819 3229 903 3254 Acta.
926 3228 981 3253 111.
1550 3222 1569 3252 5
