2093 3444
658 223 828 259 Tridento
857 226 910 259 14.
938 225 1145 260 Decembris
1174 226 1275 260 1562.
1764 229 1847 270 565

199 339 323 380 Delle
357 352 455 380 cose
486 339 555 381 del
588 341 781 391 concilio,
817 343 930 384 oltra
963 343 1106 395 quello
1140 344 1257 385 chesi
1289 343 1429 385 scriue
1463 344 1514 385 de
1548 348 1702 398 aparte
1735 346 1849 387 sola-

80 406 225 446 mente
258 403 316 445 mi
349 418 524 446 occorre
557 404 648 446 dire
682 406 759 447 che
798 406 831 447 si
873 422 929 449 ua
960 408 1076 450 nella
1115 408 1453 462 congregatione
1487 409 1699 464 deprelati
1731 413 1849 453 trac-

79 470 214 513 tando
247 469 299 511 de
331 469 567 512 residentia
609 470 938 525 episcoporum1
979 476 1023 516 et
1055 488 1140 515 non
1178 488 1333 516 manca
1366 474 1483 516 assai
1516 474 1727 518 difficulta
1760 475 1849 518 fra-

79 535 171 577 loro
214 535 387 577 intorno
433 537 615 588 aquesto
662 536 836 578 decreto
885 540 929 579 et
973 539 1131 592 perche
1177 539 1328 581 dicono
1376 539 1499 582 molti
1548 540 1849 584 diffusamente

78 603 212 653 tengo
254 614 331 654 per
372 602 491 643 certo
532 615 617 643 non
655 604 870 655 potranno
914 603 1120 657 espedirsi
1164 607 1337 659 atempo
1380 605 1502 646 defar
1544 605 1611 646 laa
1651 606 1849 648 Sessione

78 666 190 720 perli
225 667 275 707 17
312 665 354 707 di
386 668 539 719 questo
581 680 699 708 mese
742 681 861 708 come
904 666 987 722 [la]
1028 669 1253 711 haueuano
1295 669 1498 713 intimata
1533 705 1540 712 .
1575 670 1711 713 Resta
1752 685 1849 713 rac-

79 730 355 773 comandarci
396 731 531 773 molto
573 731 685 773 nelle
719 732 905 775 orationi
948 736 991 775 et
1033 735 1230 789 sacrificij
1275 735 1389 777 della
1421 735 1686 778 Reuerentia
1718 737 1770 779 V.
1806 740 1850 780 et

80 796 182 838 delli
229 796 353 850 padri
392 796 676 847 Valentino2‚
730 800 774 840 et
824 798 1082 851 Guiglielmo
1132 814 1211 842 con
1259 801 1316 853 gl'
1351 801 1453 843 altri
1500 801 1665 843 fratelli
1712 802 1850 845 nostri

79 862 119 904 d'
143 862 347 914 Augusta
381 897 389 904 .
424 862 478 903 Di
511 862 673 904 Trento
710 864 762 904 14
796 864 838 905 di
871 864 1110 906 Decembre
1146 867 1272 909 1562.

199 1001 252 1035 De
278 1002 386 1036 rebus
412 1001 553 1035 concilii
572 1003 714 1046 praeter
741 1013 792 1044 ea,
821 1013 912 1046 quae
931 1002 1079 1036 seorsim
1098 1003 1314 1045 scribuntur,
1342 1004 1430 1038 haec
1448 1007 1589 1038 tantum
1617 1005 1704 1039 1111111
1730 1018 1850 1040 occur-

78 1057 164 1089 runt
190 1055 360 1089 dicenda:
397 1055 437 1089 In
473 1055 752 1099 congregatione
779 1055 1021 1100 praelatorum
1059 1056 1100 1090 de
1136 1057 1330 1091 residentia
1356 1058 1604 1103 episcoporum
1641 1071 1747 1102 agere
1774 1072 1850 1104 per-

79 1110 214 1153 gunt¹;
252 1109 293 1143 de
321 1120 389 1152 quo
425 1108 568 1143 decreto
604 1109 698 1153 apud
734 1120 793 1143 eos
828 1121 899 1143 non
935 1109 1064 1144 desunt
1099 1110 1231 1144 multae
1267 1111 1521 1153 difficultates;
1558 1114 1594 1146 et
1629 1113 1713 1157 quia
1747 1113 1850 1147 multi

78 1162 222 1207 copiose
249 1164 286 1196 et
312 1162 537 1196 abundanter
562 1161 775 1206 loquuntur,
817 1175 879 1207 pro
915 1165 1011 1197 certo
1038 1163 1170 1203 habeo,
1207 1176 1266 1198 eos
1292 1166 1367 1198 tam
1394 1168 1534 1199 mature
1570 1178 1644 1200 rem
1682 1166 1851 1211 expedire

79 1228 149 1250 non
176 1227 300 1261 posse,
338 1218 377 1249 ut
412 1215 608 1250 sessionem
637 1215 692 1250 die
721 1216 774 1251 17.
803 1216 909 1250 huius
944 1217 1096 1257 mensis,
1133 1217 1176 1251 ad
1203 1229 1308 1261 quem
1346 1230 1423 1252 eam
1460 1219 1683 1261 indixerant,
1718 1219 1851 1254 habere

78 1270 229 1315 possint.
277 1269 459 1314 Superest,
485 1271 527 1303 ut
552 1269 777 1303 reverentiae
803 1272 948 1304 vestrae
976 1273 1011 1304 et
1036 1273 1178 1315 patrum
1197 1271 1405 1305 Valentini²
1432 1274 1468 1306 et
1494 1272 1677 1307 Guilielmi
1704 1284 1745 1307 30
1771 1273 1851 1307 reli-

77 1335 230 1368 quorum
257 1323 411 1358 fratrum
445 1325 647 1358 nostrorum
675 1325 960 1367 augustanorum
995 1325 1214 1359 orationibus
1251 1327 1286 1359 et
1312 1326 1501 1360 sacrificiis
1528 1326 1633 1361 valde
1668 1338 1733 1361 nos
1760 1338 1851 1360 com-

79 1377 300 1412 mendemus.
352 1377 522 1412 Tridento
551 1378 604 1411 14.
631 1376 839 1412 Decembris
869 1378 970 1412 1562.

199 1457 310 1493 Nota:
339 1458 426 1493 Cum
454 1458 510 1493 his
535 1458 685 1500 litteris,
712 1461 752 1493 ut
779 1471 823 1493 ex
849 1459 937 1504 ipsis
964 1459 1203 1503 intellegitur,
1231 1460 1407 1504 quaedam
1437 1461 1499 1504 „de
1526 1462 1675 1496 concilio
1702 1462 1851 1496 seorsim

78 1512 237 1558 scripta“
276 1513 388 1547 missa
423 1514 517 1546 sunt.
571 1512 660 1547 Cum
695 1516 816 1547 autem
854 1514 889 1547 in
925 1512 1071 1547 Polanci
1109 1514 1263 1557 registro
1301 1514 1400 1558 (Cod.
1441 1515 1504 1557 ,V.
1531 1515 1571 1549 P.
1608 1516 1672 1549 62⁸⁴
1715 1516 1739 1549 f.
1768 1515 1849 1559 95³)

79 1565 258 1612 epistulae
284 1565 454 1600 Tridento
484 1566 536 1600 10.
564 1566 773 1601 Decembris
802 1567 893 1601 1562
921 1567 1045 1608 datae,
1083 1579 1190 1611 quam
1216 1567 1338 1602 Natali
1375 1568 1417 1602 ab
1453 1580 1493 1602 eo
1520 1569 1738 1603 destinatam
1774 1580 1852 1603 esse

80 1632 138 1654 res
164 1620 264 1665 ipsae
301 1622 336 1654 et
361 1620 518 1654 maxime
544 1620 660 1665 prima
686 1622 794 1664 atque
821 1623 985 1655 extrema
1021 1621 1097 1655 eius
1124 1621 1234 1655 verba
1261 1622 1454 1656 ostendunt
1492 1622 1601 1665 (idem
1635 1634 1679 1656 ex
1705 1622 1853 1657 Polanci

80 1674 214 1708 litteris
240 1673 412 1708 Tridento
440 1674 494 1709 14.
521 1674 731 1709 Decembris
760 1675 850 1708 1562
878 1675 921 1708 3(1
948 1676 1124 1709 rectorem
1151 1675 1426 1719 oenipontanum
1454 1675 1564 1717 datis,
1593 1676 1615 1710 l.
1643 1688 1670 1710 0.
1700 1676 1722 1710 f.
1752 1676 1853 1717 10012,

80 1727 212 1773 patet),
238 1739 347 1761 11131111
365 1727 502 1762 librarii
527 1727 564 1761 in
582 1728 746 1772 margine
765 1728 974 1762 adnotatum
1002 1728 1069 1763 sit:
1101 1729 1287 1772 „Augusta
1305 1729 1340 1762 31
1359 1729 1475 1763 Padre
1495 1729 1671 1771 Canisio“,
1698 1730 1853 1774 priorem

80 1781 160 1816 eius
185 1783 326 1827 partem
351 1801 398 1806 —-
423 1781 506 1816 huic
531 1782 643 1816 verba
669 1781 758 1816 haec
784 1782 946 1827 proxime
972 1782 1130 1827 ascripta
1162 1784 1247 1816 sunt
1274 1803 1316 1806 —
1343 1782 1403 1817 vel
1428 1782 1558 1817 saltem
1583 1783 1737 1817 similem
1763 1783 1853 1817 1013-

80 1835 215 1870 tionem
243 1835 385 1870 Canisio
422 1847 563 1880 quoque
590 1836 649 1869 vel
685 1847 765 1870 cum
801 1835 858 1870 his
893 1836 1025 1870 litteris
1061 1836 1117 1870 vel
1151 1836 1256 1881 paulo
1292 1838 1374 1870 aute
1410 1836 1557 1871 missam
1594 1849 1672 1871 esse
1707 1837 1853 1871 conicio.

80 1888 215 1924 Scribit
249 1893 370 1923 autem
396 1890 594 1924 Polancus:
633 1889 709 1932 „Ya
734 1890 821 1924 tutti
846 1889 871 1924 11
897 1889 1028 1935 prelati
1053 1890 1171 1924 hanno
1198 1890 1298 1924 finito
1325 1890 1425 1924 dedir
1449 1890 1475 1924 li
1510 1891 1588 1925 suoi
1614 1891 1731 1936 pareri
1759 1890 1853 1925 circa

81 1943 104 1977 l'
123 1943 246 1978 ordine
273 1955 394 1978 sacro:
422 1943 469 1978 Et
494 1943 584 1978 hieri
611 1943 700 1989 dopo
720 1943 862 1978 desinar
888 1944 927 1977 fu
953 1944 1037 1977 data
1063 1943 1097 1978 la
1125 1944 1403 1988 congregatione
1428 1945 1525 1978 tutta
1551 1956 1571 1978 a
1597 1946 1717 1979 nostro
1743 1944 1854 1989 padre

81 1996 279 2031 Generale:
307 1997 353 2031 Et
377 1996 586 2031 trouandosi
611 1997 637 2031 11
664 1996 843 2031 Cardinali
871 1999 907 2031 et
935 1997 1253 2042 frequentissimob
1280 1997 1454 2032 auditorio
1482 1998 1524 2032 de
1550 1998 1680 2042 prelati
1707 1997 1802 2032 disse
1829 1997 1855 2031 il

80 2062 147 2085 suo
174 2053 257 2085 uoto
285 2062 349 2084 con
376 2050 584 2085 admirabile
612 2050 876 2085 satisfattione:
913 2053 949 2084 et
974 2051 1127 2085 secondo
1154 2051 1364 2085 refereuano
1392 2051 1511 2084 alcuni
1537 2053 1573 2085 et
1598 2051 1854 2096 specialmente

81 2103 107 2138 il
132 2103 301 2138 Cardinal
318 2104 543 2145 Varmiense,
570 2104 735 2148 quamuis
762 2104 852 2138 alias
879 2115 1021 2148 semper
1047 2103 1208 2148 preclare
1235 2103 1337 2144 dixit,
1363 2115 1545 2147 nunquam
1572 2106 1646 2138 tam
1672 2105 1819 2147 egregie
1847 2132 1853 2139 .

81 2157 204 2201 uoglia
238 2157 264 2191 il
291 2157 420 2201 Signor
446 2157 551 2192 Jddio
587 2157 653 2191 che
679 2169 742 2203 per
776 2157 802 2191 il
827 2157 898 2191 fine
935 2157 1031 2192 chesi
1059 2157 1231 2202 pretende
1266 2168 1373 2191 serua
1405 2156 1440 2190 la
1474 2157 1723 2191 satisfactione
1749 2157 1854 2201 quale

80 2211 215 2245 01113111ο
240 2213 425 2245 mostraua
451 2210 634 2255 singulare
660 2211 685 2245 il
710 2211 876 2245 Cardinal
904 2211 938 2245 di
963 2211 1110 2245 Lorena.
1150 2210 1286 2252 Questa
1311 2211 1464 2244 mattina
1490 2210 1512 2244 l'
1531 2210 1649 2245 hanno
1676 2210 1854 2245 cbiamato

81 2264 140 2299 fra
165 2265 294 2310 puochi
331 2264 492 2310 deputati
518 2277 582 2309 per
617 2265 891 2299 accommodem-<¹
930 2265 1044 2309 (come
1071 2265 1191 2307 credo)
1230 2264 1256 2298 li
1288 2265 1412 2298 canoni
1451 2266 1487 2298 et
1518 2264 1571 2298 cio
1608 2263 1705 2298 chesi
1738 2264 1785 2298 ha
1811 2265 1854 2298 de

82 2318 267 2363 publicare
294 2318 388 2352 nella
415 2318 593 2363 prossima
619 2318 811 2353 sessione.“
859 2318 936 2353 Hoc
963 2320 1083 2352 autem
1109 2317 1225 2352 Lainii
1252 2320 1386 2360 votum,
1414 2318 1446 2352 9.
1465 2317 1674 2352 Decembris
1701 2318 1792 2352 1562
1818 2318 1855 2352 111

81 2372 363 2415 congregatione
390 2372 551 2415 generali
578 2372 778 2417 prolatum,
805 2372 965 2406 breviter
989 2373 1227 2406 notaverunt:
1254 2372 1488 2405 Massarellus
1513 2371 1549 2405 in
1575 2371 1716 2405 concilii
1742 2371 1854 2413 Actis,

82 2426 105 2460 l.
125 2437 155 2460 0.
175 2426 219 2468 ΙΙ,
241 2425 445 2467 197-198;
475 2427 652 2460 Paleottus
674 2425 710 2459 in
728 2425 830 2460 Actis
849 2425 1000 2466 concilii,
1027 2425 1122 2470 apud
1140 2426 1370 2469 Raynaldum
1396 2424 1417 2459 1.
1438 2436 1467 2458 0.
1485 2424 1521 2458 111
1540 2436 1570 2459 3.
1594 2425 1693 2466 1562,
1712 2436 1745 2459 11.
1768 2425 1853 2466 124;

82 2480 255 2514 Nicolaus
272 2481 478 2514 Psalmaeus
498 2478 719 2524 (Pseaume),
747 2478 787 2514 O.
808 2479 958 2520 Praem.,
986 2480 1175 2524 episcopus
1201 2477 1431 2512 virdunensis
1452 2478 1644 2522 (Verdun),
1671 2490 1752 2513 cum
1779 2490 1854 2513 car-

82 2533 203 2568 dinale
229 2533 468 2577 Lotharingo,
502 2545 607 2577 quem
632 2535 674 2567 ut
699 2535 888 2578 patronum
916 2533 1075 2574 colebat,
1108 2531 1214 2577 paulo
1242 2533 1326 2566 ante
1352 2530 1563 2565 Tridentum
1589 2532 1783 2573 advectus,
1819 2532 1855 2566 in

83 2587 216 2629 Diario,
244 2587 339 2632 apud
357 2589 554 2632 Diillinqer‚
581 2587 749 2621 Berichte
775 2589 843 2621 etc.
864 2587 906 2627 ΙΙ,
933 2586 1142 2627 224-225;
1170 2585 1215 2620 cf.
1244 2585 1352 2619 etiam
1371 2586 1633 2619 Pallam‘ctnmn
1659 2585 1682 2619 l.
1702 2597 1732 2620 0.
1755 2585 1777 2619 ].
1800 2586 1852 2627 19,

82 2653 114 2676 0.
141 2641 181 2682 6,
217 2653 250 2675 11.
279 2641 310 2674 6.
362 2641 414 2675 Αο
449 2652 530 2675 cum
564 2641 601 2674 in
636 2640 738 2674 diarii
773 2640 996 2685 psalmaeani
1029 2650 1188 2680 summa,
1226 2650 1333 2683 quam
1368 2640 1451 2683 post
1488 2638 1571 2673 Car.
1599 2640 1692 2673 Lad.
1721 2639 1853 2683 Hzc90³

84 2694 206 2740 posuit
231 2696 281 2728 Le
307 2695 408 2738 Plat,
434 2694 524 2728 11300
550 2693 735 2728 dicantur:
776 2694 826 2736 „A
852 2693 1001 2727 meridie
1027 2693 1183 2727 Jacobus
1209 2691 1353 2737 Laynez
1381 2719 1388 2726 .
1409 2719 1415 2724 .
1437 2719 1443 2725 .
1471 2691 1580 2734 dixit,
1608 2692 1672 2726 sed
1697 2704 1767 2726 non
1794 2692 1855 2726 ad—

85 2748 231 2782 modum
257 2747 455 2781 satisfecit“
489 2746 557 2790 (Le
582 2748 664 2781 Plat
688 2747 712 2781 1.
739 2758 768 2781 c.
788 2746 889 2788 VHb,
918 2747 992 2789 97),
1018 2746 1055 2780 in
1081 2745 1221 2789 integro
1248 2744 1371 2786 diario,
1398 2745 1494 2789 quod
1520 2744 1706 2788 Dollinger
1732 2745 1854 2787 edidit,

205 2877 219 2891 ὃ
246 2871 417 2914 Sequitur
441 2880 548 2904 coner
573 2870 624 2903 vel
651 2880 779 2913 comer,
806 2880 828 2902 α
855 2869 935 2902 libr.
963 2869 1210 2902 oblitteratmtz.

206 2924 221 2945 ¹³
248 2924 418 2967 Sequitur
441 2921 477 2967 l’,
503 2934 526 2956 a
550 2923 631 2956 libr.
659 2923 906 2956 oblitteratum.
1005 2927 1017 2942 ⁰
1043 2922 1213 2966 Sequitur
1239 2920 1281 2965 si,
1307 2932 1330 2954 a
1357 2921 1437 2954 libr.
1465 2921 1713 2954 oblitteratum.

206 2978 221 2998 ‘1
247 2980 269 3011 2
296 2989 343 3012 cv.
369 2988 441 3020 sqq.
467 2987 581 3020 supra
607 2987 745 3010 versum
770 2977 905 3019 scripta
931 2980 1023 3009 sunt.

210 3100 220 3120 ¹
246 3099 312 3133 Die
341 3099 395 3133 10.
421 3097 632 3133 Decembris
666 3098 851 3132 decretum
885 3098 1120 3132 reformatum
1155 3097 1198 3131 de
1232 3096 1427 3131 residentia
1463 3097 1633 3130 excutere
1663 3097 1857 3141 coeperant

89 3152 316 3198 (Massarelzi
340 3153 432 3186 Acta
457 3152 482 3186 1.
509 3163 539 3187 0.
566 3152 609 3194 11,
639 3151 836 3186 198—199.
887 3152 1022 3185 Ficleri
1047 3150 1209 3185 Diarium
1234 3150 1258 3185 1.
1285 3161 1314 3185 0.
1341 3149 1443 3192 VHb,
1470 3149 1569 3191 347).

209 3207 222 3227 ²
249 3207 355 3252 Voyt.
455 3206 469 3226 ³
494 3204 625 3240 Sacrae
651 3205 891 3250 Antiquitatis
918 3205 1150 3239 Monumenta
1179 3202 1349 3248 (Stivagii
1377 3202 1483 3247 1725)
1511 3215 1544 3248 p.
1572 3203 1651 3237 349.
