2093 3444
112 155 208 190 Mon.
228 155 374 200 (oenip.)
397 156 475 191 340.
494 155 566 200 (22.
583 156 668 192 Dec.
686 158 804 201 1562.)
833 157 980 203 (prag).
1000 158 1080 193 341.
1098 157 1212 202 (Inter
1224 170 1270 193 m.
1287 159 1360 194 Ian.
1376 161 1412 193 et
1426 159 1512 194 Mai.
1527 171 1558 194 a.
1576 159 1694 203 1561.)
1752 163 1834 203 717

209 272 239 306 1.
267 271 298 305 A
324 283 369 305 m.
398 271 496 305 Iunio
526 272 614 306 1561
644 285 758 318 usque
784 274 829 308 ad
857 275 1016 308 eiusdem
1047 275 1130 309 anni
1157 275 1293 309 exitum
1380 276 1447 310 104
1464 276 1500 310 fl.
1528 277 1572 311 59
1600 288 1694 311 cruc.

207 325 239 359 2.
266 324 309 359 A.
339 325 429 358 1562
455 337 518 369 pro
544 326 643 360 victu
692 355 1292 362 ...........
1347 329 1446 363 1524
1477 358 1490 371 „
1526 330 1568 364 10
1638 358 1650 372 ,.

265 389 329 422 pro
354 377 456 411 libris
512 405 1292 416 ..............
1377 383 1444 417 606
1476 411 1488 424 ,,
1526 383 1568 417 10
1638 412 1650 425 ,Α

265 443 329 476 pro
355 430 580 475 supellectile
608 434 643 465 et
669 433 832 467 vestibus
871 462 1114 468 .....
1167 437 1173 469 ’.
1227 463 1233 469 .
1286 463 1292 469 .
1344 436 1445 470 2410
1476 464 1488 478 „
1525 436 1569 470 20
1641 465 1653 478 „

265 496 328 529 pro
354 483 438 518 vino
465 485 502 517 et
527 485 657 530 butyro
686 485 883 529 (Schmalz)
930 515 1292 522 .......
1376 489 1444 523 385
1477 517 1489 531 „
1523 489 1568 524 20
1639 518 1651 531 .,

264 548 329 582 pro
355 537 591 571 calefactione
632 565 1290 574 ............
1400 542 1444 576 36
1475 570 1488 584 „

264 601 328 635 pro
355 590 503 624 aedibus
530 591 660 635 emptis
689 592 785 635 (cum
811 592 949 631 fenore)
989 621 1292 628 ......
1343 595 1444 629 2100
1475 623 1488 637 „

264 644 301 677 in
327 643 571 678 aedificiorum
598 647 763 689 sumptus
809 673 1291 681 .........
1346 648 1444 682 1000
1476 677 1488 690 „

264 708 328 741 pro
354 696 457 730 horto
484 696 636 741 Lanngii
690 726 1290 735 ...........
1375 702 1443 735 275
1475 730 1488 744 „

264 761 328 795 pro
354 749 457 784 horto
483 750 629 784 Ioannis
656 751 840 785 Burkhart
870 779 1290 788 ........
1375 755 1445 789 250
1476 783 1488 797 „

265 815 328 848 pro
354 802 559 837 scholarum
586 805 621 837 et
647 804 788 849 collegii
816 806 1061 841 exstructione
1107 834 1112 840 .
1167 835 1172 840 .
1225 835 1231 841 .
1285 835 1291 841 .
1345 807 1444 842 1438

1115 878 1287 913 universa
1315 879 1436 914 10129
1463 879 1498 914 fl.
1526 880 1570 914 59
1598 891 1692 914 cruc.

883 994 1015 1036 340.

744 1082 800 1118 22.
828 1082 1037 1119 Decembris
1063 1083 1158 1120 1562.

181 1171 237 1206 Ex
263 1171 470 1217 apographo
497 1171 658 1206 eiusdem
684 1172 868 1217 temporis.
922 1172 1004 1207 Cod.
1037 1172 1098 1215 „V.
1126 1173 1165 1208 P.
1194 1174 1258 1208 6:2⁶⁵
1289 1174 1314 1209 f.
1344 1175 1443 1209 116³.

185 1249 376 1292 Colleyium
402 1250 679 1293 oenipontanum
707 1249 852 1283 Cam'si'o
872 1252 1077 1293 praeposito
1097 1252 1320 1293 provinciali
1343 1252 1478 1285 subesse
1503 1253 1655 1287 iubetur.

181 1331 368 1371 Polancns,
395 1342 476 1365 cum
502 1329 672 1365 Tridento
701 1330 756 1365 18.
774 1330 983 1365 Decembris
1012 1332 1102 1366 1562
1126 1331 1240 1365 Lainii
1266 1331 1463 1377 praepositi
1488 1333 1668 1376 generalis
1694 1334 1835 1368 nomine

61 1384 262 1418 rectoribus
288 1384 565 1426 vindobonensi,
600 1384 846 1428 tyrnaviensi,
882 1385 1050 1429 pragensi
1081 1385 1306 1430 scripsisset,
1342 1387 1382 1420 ut
1415 1385 1452 1420 in
1487 1387 1688 1431 posterum,
1725 1387 1837 1422 donec

61 1437 102 1472 P.
128 1436 271 1472 Natalis
295 1437 465 1472 visitator
490 1437 718 1478 advenisset,
746 1449 806 1479 ea,
834 1449 926 1481 quae
953 1438 995 1472 ad
1024 1438 1176 1482 collegia
1201 1439 1359 1482 regenda
1385 1441 1611 1484 spectarent,
1646 1441 1692 1474 ad
1716 1440 1836 1485 ipsum

61 1490 226 1525 Lainium
259 1491 437 1525 referrent
471 1491 541 1534 ita,
577 1493 618 1525 ut
646 1491 812 1525 Canisius
846 1491 1073 1536 praepositus
1108 1492 1339 1536 provincialis
1375 1504 1417 1527 ea
1452 1493 1703 1528 sollicitudinis
1734 1496 1836 1539 parte

61 1544 277 1579 liberaretur
304 1544 403 1589 (vide
420 1545 525 1586 infra,
552 1556 708 1579 monum.
726 1545 824 1588 424),
852 1545 1010 1579 eiusdem
1034 1545 1149 1579 Lainii
1175 1545 1346 1580 mandatu
1364 1546 1534 1580 Tridento
1553 1547 1608 1581 22.
1626 1546 1835 1582 Decembris

65 1598 156 1632 1562
181 1598 222 1633 P.
245 1598 370 1633 Ioanni
395 1598 526 1644 Dyrsio
545 1598 580 1633 S.
601 1598 645 1640 J.⁷
682 1598 823 1642 collegii
849 1598 1077 1643 oenipontani
1106 1599 1247 1640 rectori,
1273 1599 1438 1644 scripsit:
1475 1599 1695 1644 „Collegium
1721 1600 1836 1635 AEni—

61 1653 256 1697 pontanum
284 1651 490 1686 immediate
515 1663 536 1686 a
561 1652 671 1686 Patre
696 1651 922 1686 Prouinciale
950 1652 1092 1686 Canisio
1119 1652 1408 1695 gubernabitur.“

927 1773 973 1816 Gr.

326 1868 784 1912 MONUMENTA
814 1868 1246 1911 PRAGENSIA
1279 1867 1575 1912 CANISII.

889 1980 1011 2022 341.

546 2070 650 2107 Inter
674 2080 721 2106 m.
747 2069 961 2106 Ianuarium
988 2071 1024 2106 et
1049 2069 1181 2106 Maium
1208 2079 1241 2106 a.
1268 2069 1354 2106 1561.

157 2160 215 2195 Ex
241 2159 449 2206 apographo
476 2159 636 2194 eiusdem
667 2159 840 2205 temporis
871 2159 1021 2193 Romam
1048 2159 1092 2193 ad
1119 2158 1284 2193 Lainium
1309 2158 1428 2193 misso.
1481 2158 1554 2193 Cod
1583 2159 1646 2202 „G.
1674 2160 1738 2206 Ep.
1764 2160 1830 2195 IL*

61 2213 88 2249 f.
114 2214 217 2249 281b.

181 2291 417 2325 Ferdinando
443 2291 633 2325 archiduce*
658 2291 744 2324 libri
769 2301 791 2323 a
820 2290 967 2323 Canisio
993 2290 1092 2323 missi
1119 2290 1216 2323 valde
1234 2290 1388 2333 placent.

180 2375 231 2417 P.
254 2374 469 2416 Herzrieus
490 2375 741 2417 Blissemius
764 2374 807 2416 S.
832 2373 890 2427 J„
923 2373 1199 2415 Ferdinandi
1220 2373 1280 2415 II.
1306 2373 1550 2415 arehiducis
1576 2375 1835 2417 contionator

62 2441 227 2482 aulicas
254 2445 289 2481 et
311 2440 546 2495 tlzeoloyiae,
581 2441 750 2495 linquae
772 2439 1006 2492 hebraicae,
1040 2438 1349 2480 mathematiees
1370 2439 1417 2480 in
1440 2440 1603 2494 eolleyio
1631 2441 1836 2495 praqensi

60 2505 276 2561 professor
315 2505 527 2557 (Schmidl
565 2507 590 2547 l.
626 2520 657 2547 e.
691 2506 735 2559 I,
778 2506 863 2546 149
892 2538 903 2558 ,
949 2505 992 2545 in
1033 2504 1183 2545 litteris
1224 2504 1607 2558 quadrimestribus
1649 2506 1831 2547 eiusdem

62 2572 220 2627 colleqii
249 2571 398 2626 Praya
427 2573 466 2613 4.
498 2571 612 2613 Maii
645 2572 758 2612 1561
795 2571 909 2611 datis
948 2570 999 2611 de
1036 2570 1176 2610 eodem
1214 2570 1453 2624 archiduce,
1493 2570 1769 2612 Ferdinamlc'
1795 2571 1832 2613 Ι.

62 2638 250 2678 caesaris
278 2631 388 2690 Ῑὶἷίο,
421 2637 494 2691 qui
525 2637 753 2678 Bohemz'ae
786 2649 958 2691 regyncmz
990 2639 1088 2676 tame
1121 2635 1476 2689 administrabat,
1510 2636 1632 2690 baec,
1663 2641 1835 2691 praeter

62 2703 173 2756 alia,
218 2702 411 2756 scripsit:
452 2700 571 2743 Libri
613 2700 787 2754 quidam
830 2698 1097 2749 Germanici,
1139 2713 1246 2753 quos
1290 2699 1339 2742 R.
1375 2700 1509 2742 Pater
1549 2700 1834 2743 Prouincialis

62 2765 282 2808 Sereniss:
323 2766 510 2821 Principj
544 2765 725 2808 miserat
756 2766 819 2808 ita
850 2765 1129 2819 placuerunt,
1169 2767 1217 2807 ut
1250 2763 1413 2807 diceret
1445 2765 1635 2820 seipsum
1667 2766 1834 2819 gratias

61 2846 140 2886 pro
171 2833 264 2874 tam
296 2831 558 2885 gratissimis
589 2830 839 2873 muneribus
872 2833 1083 2873 acturum.

181 2923 365 2958 Canisium
383 2923 607 2958 Ferdinando
632 2923 691 2957 vel
717 2921 800 2956 libri
825 2933 971 2966 precum
989 2921 1277 2964 germanicarum
1297 2933 1328 2956 a.
1349 2922 1441 2957 1560
1458 2922 1613 2967 primum
1634 2922 1831 2968 (Dilingae)

61 2987 83 3011 a
107 2988 147 3011 se
172 2976 259 3011 editi
285 2977 451 3022 exempla
477 2976 661 3022 complura
696 2975 755 3009 vel
787 2986 898 3009 unum
932 2986 1013 3008 cum
1048 2974 1129 3009 aliis
1157 2974 1260 3009 libris
1285 2975 1446 3017 misisse,
1483 2988 1528 3010 ex
1562 2976 1607 3010 iis
1633 2976 1835 3012 coniectare

60 3029 155 3072 licet,
181 3042 274 3075 quae
300 3030 343 3065 de
369 3031 493 3065 eodem
518 3030 608 3064 libro
634 3028 834 3074 precatorio
860 3028 926 3062 sub
952 3028 1047 3062 idem
1071 3029 1215 3073 tempus
1237 3029 1487 3071 „magnatibus
1506 3029 1707 3072 admodum,
1733 3042 1834 3075 prae-

61 3084 187 3118 sertim
211 3095 298 3118 vero
323 3083 555 3129 Imperatori“
593 3083 743 3128 probato
779 3083 814 3115 et
849 3081 1009 3115 eiusdem
1046 3080 1101 3125 (ut
1127 3082 1285 3126 videtur)
1326 3082 1368 3116 12
1395 3082 1570 3128 exemplis
1596 3082 1834 3128 Oenipontem

61 3137 106 3171 ad
137 3137 321 3182 „reginas“
351 3149 372 3171 a
398 3136 541 3171 Canisio
566 3135 688 3170 missis
713 3135 828 3169 relata
854 3137 939 3169 sunt
966 3134 1071 3179 (Can.
1099 3135 1188 3180 Epp.
1215 3135 1260 3178 II,
1286 3136 1355 3170 900
1382 3138 1418 3170 et
1443 3148 1552 3182 supra
1577 3148 1610 3182 p.
1638 3137 1736 3180 695).
