2093 3444
351 214 508 249 Monuni.
538 215 774 260 (augustana)
804 216 883 251 281.
913 217 985 260 (25.
1012 217 1147 262 Aprilis
1174 220 1210 252 et
1235 218 1291 253 20.
1318 218 1405 252 Maii
1435 217 1552 262 1562.)
1746 222 1830 262 673

61 332 283 373 cardinale
308 333 427 386 petit,
460 338 505 373 'ut
539 334 772 388 episcopum
805 335 864 376 ad
887 336 1054 376 domum
1078 337 1194 377 ‘illam
1223 338 1357 391 pretio
1381 352 1407 377 a
1429 338 1609 391 capitulo
1638 338 1831 379 soluendo

61 397 291 439 cedendam
326 397 513 440 inducat.
579 399 740 450 Quodsi
773 400 962 442 ducentis
991 401 1164 454 florenis
1197 403 1367 455 (venitis,
1404 403 1475 456 qui
1508 416 1534 443 a
1567 403 1760 457 capitulo,
1797 408 1831 444 et

62 462 271 515 ducentis,
314 463 387 516 qui
420 476 445 502 a
478 463 700 505 cardinale
734 465 777 505 in
809 464 998 506 Jesuitas
1031 466 1203 507 alendos
1247 467 1434 521 impendi
1464 469 1615 518 solent,
1663 468 1831 509 ducenti

63 541 112 568 ex
143 528 301 581 colleyii
332 527 645 582 hieronymiani
683 528 960 581 facultatibus
994 531 1230 583 addentur,
1277 546 1323 572 ea
1359 533 1542 586 pecunia
1585 547 1633 573 ac
1660 534 1830 586 piorum

63 592 185 633 donis
217 592 444 633 cotidianis
476 593 694 634 Societatis
728 594 875 636 domus
908 601 1148 649 auyustana
1178 596 1308 648 facile
1339 598 1569 638 sustentari
1600 599 1759 651 poterit.

181 657 297 708 Quae
329 657 396 698 leis
427 658 577 699 litteris
610 659 660 699 de
683 660 900 701 Societatis
924 661 1043 701 domo
1065 662 1282 715 Auqustae
1305 663 1595 703 constituenda
1613 664 1831 717 proposita

61 726 195 774 erant,
229 722 468 764 cardinalis
502 722 592 764 Otto
627 725 803 778 epistula
837 726 971 766 Roma
999 728 1070 769 21.
1096 725 1326 768 Februarii
1359 729 1474 768 1562
1508 728 1566 768 ad
1598 729 1830 782 capitulum

61 786 337 842 (qernianice)
372 787 475 828 data
503 789 718 843 probavit,
752 804 934 844 monens,
970 795 1015 832 ut
1048 791 1159 832 brevi
1191 792 1249 832 ad
1282 792 1469 845 effectum
1501 793 1829 835 adducerentur.

887 913 1007 955 281.

644 996 699 1031 25.
727 995 868 1042 Aprilis
895 998 932 1033 et
958 997 1015 1033 20.
1041 996 1126 1033 Maii
1152 997 1246 1034 1562.

178 1078 234 1113 Ex
260 1078 453 1113 cardinalis
478 1079 612 1112 ononis
638 1078 768 1113 litteris
795 1079 1003 1125 archetypis
1030 1086 1065 1114 et
1090 1081 1134 1115 ab
1160 1080 1237 1126 ipso
1265 1080 1398 1116 Ottone
1423 1081 1657 1126 subscriptis;
1688 1082 1829 1126 quibus,

0 1151 1 1173 1
59 1132 144 1177 quid
171 1132 368 1178 capitulum
394 1134 635 1176 augustanum
663 1132 705 1166 de
731 1132 774 1167 iis
802 1133 992 1175 censuerit,
1018 1145 1127 1168 manu
1152 1135 1337 1169 secretarii
1356 1134 1415 1169 vel
1440 1135 1571 1169 notarii
1598 1135 1746 1180 capituli
1775 1135 1832 1179 (ut

60 1185 216 1229 videtur)
246 1186 442 1231 ascriptum
468 1188 524 1219 est
550 1212 558 1220 .
584 1186 773 1229 Augustae
800 1186 1067 1221 Vindelicorum
1092 1186 1129 1221 in
1156 1187 1303 1222 archivo
1330 1187 1449 1222 curiae
1475 1188 1700 1233 episcopalis,
1726 1188 1831 1224 Fasc.

63 1239 404 1284 „Dompraedieatur
431 1266 438 1273 .
466 1238 628 1284 Corresp.
656 1239 689 1273 d.
718 1239 820 1274 Card.
848 1239 889 1274 Ο.
917 1239 974 1274 Tr.
1002 1240 1035 1274 d.
1062 1240 1206 1285 Dompr.
1233 1240 1273 1276 P.
1302 1241 1387 1276 Can.
1414 1241 1523 1275 betr.“
1553 1254 1587 1275 n.
1615 1242 1646 1275 9.

177 1291 396 1327 Litterarum
415 1292 558 1327 Ottonis
584 1292 834 1337 apographum
859 1293 982 1327 eodem
1010 1294 1083 1327 fere
1108 1296 1269 1339 tempore
1295 1294 1483 1338 Augustae
1508 1295 1682 1339 scriptum
1709 1297 1832 1329 exstat

58 1344 94 1380 in
121 1345 195 1381 cod.
222 1358 359 1381 monac.
392 1346 548 1389 „Augsb.
574 1345 722 1380 Domk.⁴⁴
754 1358 786 1391 p.
815 1346 965 1380 84—86.

181 1419 390 1452 cardinalis
415 1419 649 1461 Auyustanus
675 1429 697 1450 a
723 1418 879 1461 capitulo
897 1419 1008 1462 petit,
1042 1423 1081 1452 ut
1111 1418 1255 1452 Canisz‘o
1281 1423 1414 1462 tempus
1443 1420 1491 1452 ad
1517 1420 1661 1463 colleye‘a
1689 1420 1830 1453 ve'senda

59 1473 222 1506 concedat
248 1477 277 1505 et
303 1473 445 1505 domum
465 1472 578 1506 Sociis
603 1475 702 1505 emat.
741 1472 946 1514 Capitulmn
963 1473 1134 1505 visitandi
1157 1473 1363 1514 facultatem
1380 1473 1480 1515 facit,
1507 1473 1549 1506 de
1566 1473 1667 1506 domo
1693 1473 1828 1506 videbit.

180 1555 270 1597 Otto
302 1555 542 1597 cardinalis
573 1556 852 1609 Auyustanus
884 1555 1020 1596 Roma
1054 1556 1124 1597 25.
1158 1556 1323 1610 Aprilis
1357 1557 1472 1597 1562
1502 1555 1740 1610 Auyustam
1772 1556 1830 1597 ad

59 1621 289 1676 capitulum
333 1621 575 1662 cathedrale
614 1621 882 1675 qerma-nicas
926 1621 1039 1661 misit
1082 1621 1266 1674 litteras,
1311 1621 1357 1661 in
1401 1619 1552 1675 quibus
1592 1621 1693 1662 baec
1729 1635 1830 1676 pro-

52 1688 220 1742 posuit:
254 1686 504 1728 Cardinalis
529 1683 732 1738 [Lainii]
759 1686 993 1740 praepositi
1021 1686 1232 1739 yeneralis
1264 1686 1307 1728 S.
1331 1685 1374 1727 J.
1408 1690 1557 1740 royatu
1590 1700 1615 1726 a
1649 1687 1831 1740 capitulo

55 1754 170 1808 petit,
203 1757 248 1794 ut
282 1752 453 1794 Canisio
487 1752 593 1793 duos
624 1765 783 1792 menses
816 1751 875 1791 ad
907 1751 1125 1793 Societatis
1157 1751 1325 1804 cotteym
1363 1751 1585 1792 invisenda
1619 1752 1828 1794 concedat.

57 1818 179 1860 Idem
206 1818 488 1872 praepositus,
524 1817 747 1858 cardinale
779 1821 958 1870 auctore,
994 1820 1177 1870 paratus
1211 1820 1267 1857 est
1300 1815 1359 1857 ad
1392 1816 1497 1857 duos
1529 1821 1657 1857 tresve
1690 1816 1830 1859 Socios

60 1884 198 1925 doctos
241 1897 387 1937 eosque
427 1896 651 1936 yeronanos
691 1882 926 1936 Auyustam
972 1882 1214 1934 mittendos,
1260 1882 1332 1935 qui
1379 1881 1600 1922 Canisium
1643 1882 1689 1923 in
1733 1895 1830 1923 con-

58 1949 275 2002 tionando,
308 1948 445 1989 sacris
477 1946 807 2001 confessionibus
835 1947 1105 2001 excipiendis,
1140 1946 1288 1987 scholis
1319 1945 1601 2000 [tlzeoloyicis]
1623 1946 1830 1989 habendis

59 2015 261 2056 adiuvent
277 2014 304 2067 1,
339 2027 469 2068 neque
502 2013 623 2054 aliud
651 2012 917 2067 praepositus
948 2012 1152 2066 postulat,
1191 2012 1278 2052 nisi
1309 2016 1354 2052 ‘ut
1381 2012 1562 2066 propria
1594 2013 1648 2053 iis
1681 2012 1830 2054 doinus

59 2081 196 2122 detur.
261 2079 365 2121 Cum
398 2083 536 2120 autem
567 2092 703 2132 nuper
735 2076 885 2119 nobilis
916 2077 1010 2118 vir2
1043 2077 1094 2118 de
1125 2075 1386 2118 Hirnliaimb
1423 2068 1613 2118 mortuus
1644 2078 1698 2118 sit
1707 2111 1718 2130 ,
1763 2092 1829 2119 ex-

58 2145 206 2200 pedire
236 2145 416 2197 videtur,
449 2148 494 2185 ut
525 2144 661 2198 ipsius
693 2143 840 2184 domus
873 2147 1035 2184 ematur
1066 2143 1281 2196 Sociisque
1312 2143 1526 2192 tradatur,
1561 2142 1710 2197 quibus
1742 2144 1830 2197 ipse

60 2211 298 2253 cardinalis
330 2210 556 2264 quotannis
587 2210 675 2250 200
706 2209 766 2249 vel
798 2210 885 2250 300
914 2207 1094 2261 florenos
1122 2206 1398 2262 praebiturus
1433 2211 1503 2249 est.

179 2276 232 2317 In
273 2288 424 2316 stoersa
450 2279 575 2329 parte
618 2275 818 2328 epistulae
849 2273 1067 2327 Auyustae
1103 2287 1257 2326 manu,
1299 2277 1344 2313 ut
1384 2272 1570 2326 videtur,
1613 2274 1830 2314 secretarii

60 2343 120 2384 vel
152 2341 312 2382 notarii
343 2340 518 2395 capituli
550 2339 807 2380 cathedralis
829 2343 1017 2379 notatum
1045 2342 1125 2379 est:
1159 2371 1166 2379 .
1193 2372 1200 2379 .
1227 2372 1235 2380 .
1269 2336 1498 2378 Dieweilln
1521 2336 1715 2379 Canisius
1748 2351 1829 2380 one

60 2406 138 2448 das
171 2404 378 2455 verraist,
411 2404 498 2446 last
529 2417 631 2445 man
663 2417 710 2444 es
742 2403 834 2444 also
867 2402 1008 2456 dabey
1039 2402 1251 2453 beruhen,
1286 2402 1390 2444 aber
1422 2401 1497 2443 des
1528 2401 1640 2444 Hofs
1671 2402 1829 2445 halben

59 2472 140 2514 soll
173 2470 202 2524 (z
236 2469 334 2512 Wie
367 2483 413 2511 es
454 2469 525 2511 ain
559 2468 731 2511 Gestalt
772 2467 952 2510 darumb
983 2468 1068 2509 hab
1103 2467 1132 2521 z)
1169 2467 1254 2521 bey
1296 2467 1378 2508 den
1409 2467 1728 2510 Executoribus
1760 2481 1829 2510 er-

59 2536 268 2589 kundigt‚
311 2534 398 2576 vnd
440 2533 688 2576 demselben
728 2532 874 2575 ferner
914 2532 1217 2586 nachgedacht
1255 2531 1443 2575 werden.
1511 2531 1744 2575 Decretum
1784 2532 1829 2574 in

60 2601 257 2657 Capitulo
290 2600 373 2642 den
407 2601 480 2642 20*
513 2598 617 2652 Maij
654 2599 780 2641 1562.

879 2697 1009 2740 282.

432 2782 461 2819 A
486 2781 603 2819 medio
628 2781 709 2819 fere
734 2792 781 2818 m.
809 2781 958 2819 Octobri
985 2781 1030 2818 ad
1057 2781 1089 2818 9.
1115 2779 1328 2818 Novembris
1354 2780 1450 2817 1562.

179 2868 235 2903 Ex
265 2866 457 2912 „Epistolis
483 2867 520 2900 P.
547 2866 689 2900 Nadal“
719 2865 764 2907 II,
792 2865 872 2901 128.
899 2864 1096 2900 138—140.

179 2940 218 2973 P.
244 2938 388 2972 Natalis
413 2938 576 2970 visitator
601 2947 679 2969 eum
708 2936 853 2970 Canisio
889 2940 918 2969 et
943 2935 1139 2970 rectoribus
1172 2935 1374 2968 monacensi
1397 2938 1427 2967 et
1460 2933 1724 2977 ingolstadiensi
1749 2943 1826 2966 con-

59 2994 143 3028 silia
169 2994 316 3036 confert,
346 2991 485 3025 CanIsii
510 2991 760 3032 confessionem
782 2990 980 3033 yeneralem
1003 2990 1143 3032 excipit,
1169 2989 1389 3032 scriptorem,
1414 2988 1477 3031 qui
1502 2987 1544 3020 de
1561 2986 1730 3021 Societate
1756 2997 1826 3019 non

60 3061 185 3128 lgrehe
221 3091 276 3136 [zu
303 3089 515 3135 Augsburg]
552 3089 623 3124 und
658 3089 721 3123 der
754 3088 847 3123 hohe
881 3087 954 3122 und
989 3087 1133 3121 niedere
1162 3085 1288 3120 Clerus
1322 3097 1367 3120 an
1403 3084 1590 3120 derselben
1616 3084 1827 3130 [Augsburg

62 3145 167 3190 1829]
194 3157 227 3190 p.
257 3143 473 3185 186—190).
620 3142 631 3162 ¹
658 3141 712 3176 Cf.
739 3152 849 3187 supra
873 3153 907 3186 p.
935 3140 1014 3175 672.

181 3199 194 3219 ²
220 3197 387 3232 Archet.:
418 3196 501 3239 „der
525 3196 655 3238 Jung.⁴‘
709 3195 843 3240 Apogr.
869 3205 983 3228 mon.:
1015 3193 1098 3236 „der
1124 3192 1293 3235 Jungen‘

129 3262 438 3293 Braunsberger,
459 3261 570 3286 canisii
583 3259 740 3292 Epistulae
759 3261 789 3286 et
803 3261 888 3285 Aeta.
905 3260 960 3284 ΙΙΙ.
1502 3253 1547 3284 43
