2093 3444
246 176 326 217 148
416 175 495 209 559.
529 173 695 208 Canisius
721 173 844 208 Ioanni
872 174 1010 208 Rethio.
1052 175 1217 218 Augusta
1244 174 1512 210 Vindelicorum
1539 176 1595 210 22.
1622 176 1709 210 Maii
1739 176 1839 212 1561.

1064 292 1193 334 559.

979 385 1276 433 CANISIUS

690 489 753 531 P.
787 488 1049 532 IOANNI
1080 490 1367 534 RETHIO
1403 491 1458 534 S.
1492 492 1568 545 J.⁹

615 571 831 606 coloniensis
858 571 1039 617 gymnasii
1065 572 1173 606 trium
1202 584 1412 606 coronarum
1443 574 1637 617 „regenti“.

732 658 900 705 Augusta
926 658 1201 695 vindelicorum
1229 660 1285 696 22.
1312 659 1398 696 Maii
1425 659 1520 696 1560.

360 740 415 774 Ex
442 740 666 785 autographo
696 741 767 784 (2⁰3
798 741 812 774 1
844 753 897 786 p.;
934 742 969 775 in
995 753 1028 786 p.
1056 742 1088 776 2.
1116 742 1222 776 inser.
1251 744 1285 775 et
1314 753 1396 787 pars
1423 742 1521 786 sig).
1575 742 1658 777 cod.
1687 742 1799 778 colon.
1831 743 1940 789 „Epp.
1968 745 2012 779 ad

306 817 308 819 .
352 795 364 808 ‘⁶
496 794 516 820 9

239 793 344 827 Beth.
361 794 581 881 Pdrticliiliun
610 847 728 891 posuit
755 847 901 881 Hansen
932 847 953 881 l.
981 859 1010 882 c.
1039 860 1070 892 p.
1098 849 1201 882 411⁵.

363 925 522 969 Gaudet,
559 925 723 958 Rctleinm
751 925 1026 969 archiepiscopis
1060 928 1251 959 treverensi
1286 931 1315 959 et
1343 928 1569 971 ›noynntt'no‚
1608 928 1761 961 maoeime
1797 929 1833 962 in
1860 929 2012 972 colleinS

240 979 451 1023 condendis,
487 989 629 1021 operam
659 990 800 1012 naz-are.
853 980 979 1013 Socim·
1015 981 1158 1023 qnidam
1196 981 1416 1014 coercendus.
1471 980 1611 1014 Canisii
1646 983 1713 1015 iter
1747 982 2010 1017 vindobonense.

244 1032 522 1065 Commendonus
558 1034 706 1065 nuntius
732 1035 873 1076 eiusque
908 1044 1027 1067 comes.
1081 1034 1167 1076 Spes
1202 1034 1337 1077 collngz'i
1371 1035 1687 1076 francofurtensis.
1739 1036 2012 1080 Arehessepiscopo

239 1087 443 1129 moquntino
470 1086 540 1119 (luo
567 1087 690 1119 eximii
716 1087 757 1119 de
785 1087 955 1120 Societate
980 1088 1129 1131 tlteologyc'
1155 1088 1386 1130 adsumendi.

615 1169 709 1211 Pax
743 1169 901 1212 Christi
935 1169 1155 1211 nobiseum
1189 1169 1440 1212 charissime
1473 1169 1624 1213 frater.

357 1252 562 1294 Libenter
609 1252 755 1306 accepi
799 1252 950 1295 literas
991 1256 1115 1302 tuas,
1166 1252 1320 1306 egique
1367 1253 1535 1306 gratias
1583 1253 1755 1296 authori
1802 1254 2009 1297 bonorum

238 1317 421 1367 Christo,
447 1317 517 1371 qui
540 1321 617 1360 tua
640 1332 771 1372 opera
794 1332 878 1360 non
902 1318 1040 1360 solum
1064 1318 1278 1367 Coloniae,
1308 1318 1383 1360 sed
1407 1319 1537 1361 etiam
1562 1319 1674 1373 apud
1698 1319 2009 1363 Treuerensem

238 1386 282 1425 et
315 1383 616 1436 Moguntinum
651 1384 1009 1439 Archiepiseopos
1042 1384 1256 1426 foeliciter
1288 1384 1469 1426 vtum-1.
1522 1385 1682 1438 Pergat
1715 1399 1874 1439 quaeso
1908 1387 2010 1428 cha-

237 1448 346 1491 ritas
378 1452 476 1499 tua,
521 1449 584 1491 vti
617 1449 779 1504 eoepit,
815 1450 921 1491 haec
955 1450 1181 1504 praeclara
1214 1449 1490 1502 collegiorum
1527 1449 1812 1492 fundamenta
1843 1451 2008 1494 iacere:

238 1517 394 1569 pergat
425 1515 492 1556 his
524 1515 661 1558 tantis
688 1514 909 1557 Ecclesiae
934 1515 1278 1568 Germaniaeque
1311 1518 1486 1557 nostrae
1520 1515 1729 1557 columnis
1761 1516 1804 1558 in
1837 1516 2009 1559 domino

238 1580 409 1634 placere
451 1583 582 1633 atque
624 1581 874 1634 gratificari.
938 1581 1031 1622 Nec
1075 1580 1245 1631 dubito,
1289 1580 1389 1634 quin
1432 1581 1543 1623 tales
1576 1581 1854 1625 Moecenates
1887 1582 2009 1624 breui

240 1645 397 1688 multos
430 1645 619 1688 habituri
652 1646 807 1688 simus:
841 1646 914 1688 sed
949 1646 1149 1688 habenda
1182 1660 1350 1700 quoque
1383 1646 1495 1689 ratio
1529 1649 1788 1698 nostrorum,
1825 1647 1896 1701 qui
1928 1647 2008 1690 hoe

237 1713 432 1765 tempore
475 1710 543 1764 (vt
584 1711 717 1764 nosti)
760 1726 844 1753 non
887 1711 1116 1753 admodum
1159 1711 1305 1762 multi,
1353 1712 1503 1765 quales
1545 1711 1867 1764 desiderantur,
1913 1727 2009 1755 sese

238 1777 437 1819 offerunt.
504 1777 679 1819 Gaudeo
721 1777 894 1819 interim
936 1778 1045 1819 bene
1088 1791 1182 1819 esse
1224 1777 1270 1820 P.
1304 1777 1492 1828 Judoco,
1536 1777 1607 1831 qui
1649 1781 1796 1821 tamen
1837 1792 1922 1820 vno
1965 1781 2009 1821 et

238 1841 377 1884 altero
419 1842 462 1884 in
504 1842 597 1884 loco
639 1842 727 1884 suis
769 1843 1027 1885 Rectoribus
1072 1843 1153 1885 fuit
1195 1843 1459 1893 molestus2‚
1506 1845 1555 1886 vt
1595 1842 1753 1886 idcireo
1795 1857 1850 1885 ex
1892 1843 2008 1886 Vrbe

238 1907 426 1950 monitus
459 1907 727 1962 scripserim,
771 1908 885 1950 circa
925 1908 1044 1949 illum
1079 1907 1264 1951 sollicite
1297 1908 1556 1950 versandum
1591 1922 1706 1960 esse,
1750 1909 2006 1963 praesertim

237 1986 290 2014 ne
335 1972 469 2026 ipsius
513 1973 707 2015 libertati
752 1973 1004 2015 immodicae
1048 1973 1092 2015 in
1138 1973 1217 2015 hoc
1259 1973 1379 2016 vitae
1420 1987 1580 2027 genere
1622 1974 1863 2028 plusculum
1906 1988 2008 2016 con-

238 2038 430 2080 cedatur.

357 2103 518 2157 Scripsi
559 2103 778 2145 Coloniam
822 2118 898 2158 per
939 2104 1051 2146 hune
1093 2104 1413 2146 adolescentem
1456 2104 1501 2146 P.
1542 2104 1751 2146 Martini3
1791 2107 2006 2159 nepotem,

237 2167 308 2221 qui
342 2168 396 2210 ad
438 2183 539 2210 suos
571 2168 705 2215 redit,
750 2172 797 2211 vt
829 2169 864 2211 si
898 2169 998 2222 quid
1032 2169 1168 2212 velint
1209 2169 1322 2212 mitti
1365 2169 1419 2211 ad
1456 2183 1546 2220 me,
1587 2169 1630 2211 id
1667 2172 1789 2212 recta
1829 2170 2009 2213 mittant

238 2233 521 2287 Moguntiam,
555 2233 654 2276 inde
678 2234 890 2276 Viennam
913 2234 1096 2289 perferri
1120 2248 1248 2288 posse
1272 2235 1506 2285 commode,
1530 2234 1566 2276 si
1588 2237 1759 2277 tantum
1782 2235 2008 2290 Archiepi-

237 2312 367 2353 scopo
401 2299 737 2342 commendetur.
803 2300 892 2342 Iter
933 2299 1045 2341 enim
1078 2299 1298 2353 ingrediar
1330 2299 1543 2342 Viennam
1586 2299 1693 2342 duee
1725 2299 1917 2352 Christo,
1960 2303 2009 2343 ut

238 2367 340 2406 ante
372 2365 502 2406 finem
533 2365 650 2419 Junij
684 2378 854 2419 sperem
887 2379 973 2407 vna
1006 2379 1100 2407 cum
1135 2365 1238 2408 Doc.
1271 2365 1435 2407 Lanoio
1468 2379 1535 2407 me
1568 2365 1763 2407 Viennae
1798 2365 2005 2417 futurum,

238 2429 273 2471 si
307 2429 503 2471 dominus
537 2430 735 2473 uoluerit.

356 2494 574 2537 Debemus
607 2495 778 2536 domino
810 2495 991 2548 gratias,
1026 2495 1098 2548 qui
1130 2495 1243 2537 hunc
1276 2495 1393 2537 dedit
1426 2509 1674 2537 successum
1707 2495 1867 2538 nostris
1899 2495 2007 2537 Tre—

238 2559 342 2609 ueri,
377 2559 535 2613 quique
557 2559 981 2602 Reuerendissimum
1004 2560 1216 2614 Legatum
1231 2561 1247 2587 4
1275 2559 1500 2602 Germanis
1523 2560 1793 2602 commodum
1815 2560 2007 2603 ostendit

237 2624 462 2675 medicum,
498 2625 533 2666 si
566 2625 691 2667 modo
725 2626 893 2667 ratione
922 2626 1012 2668 vlla
1044 2625 1207 2668 uellent
1239 2625 1397 2668 sanari.
1442 2625 1569 2667 Nunc
1600 2625 1713 2667 idem
1744 2625 1789 2667 in
1820 2625 2005 2668 Daniam

360 2775 367 2794 ¹
396 2774 549 2809 Rethius
575 2787 656 2810 cum
682 2775 814 2810 Ioanne
840 2786 860 2809 a
886 2775 996 2809 Petra
1021 2777 1058 2809 et
1083 2774 1232 2809 Daniele
1258 2775 1412 2810 Brendel
1439 2775 1718 2821 archiepiscopis
1744 2775 1786 2810 de
1813 2775 2005 2810 Societatis

239 2828 401 2872 collegiis
426 2829 628 2863 treverensi
654 2831 691 2863 et
715 2828 925 2873 moguntino
952 2828 1028 2872 egit
1053 2840 1106 2869 ac,
1133 2829 1276 2873 praeter
1302 2829 1392 2869 alia,
1432 2840 1554 2863 eorum
1580 2828 1741 2874 pecuniis
1766 2828 1909 2873 utrique
1935 2827 2004 2862 col-

238 2881 332 2926 legio
357 2881 470 2916 libros
495 2882 582 2916 emit
610 2882 775 2925 (Hansen
801 2882 824 2916 l.
852 2893 880 2916 c.
909 2894 941 2927 p.
969 2882 1048 2918 389.
1077 2881 1174 2924 394).

358 2935 371 2955 ²
397 2935 545 2969 Iodocus
573 2934 798 2970 Carcaeneus
827 2934 1071 2979 (Carcinaeus,
1099 2935 1305 2976 Carcereus,
1333 2934 1518 2980 Krepser),
1545 2946 1590 2968 ex
1616 2934 1819 2979 palatinatu
1845 2934 2004 2968 rhenano

238 2990 348 3030 ortus,
375 3000 406 3023 a.
436 2989 528 3022 1554
555 2987 689 3022 Romae
715 2989 752 3022 in
777 2987 969 3032 collegium
999 2988 1245 3032 germanicum
1270 2989 1448 3032 receptus,
1484 2999 1515 3022 a.
1545 2987 1634 3022 1556
1670 2987 1706 3021 in
1731 2987 2004 3031 ingolstadiensi

238 3041 399 3085 collegio,
426 3053 457 3076 a.
486 3041 576 3076 1559
603 3042 790 3085 Augustae
815 3052 896 3075 eum
924 3040 1076 3081 Canisio,
1103 3052 1134 3075 a.
1165 3041 1254 3075 1560
1280 3041 1316 3074 111
1342 3040 1492 3084 collegio
1519 3040 1726 3075 monacensi
1751 3040 1872 3074 fuerat
1899 3039 2002 3084 (Can.

237 3094 326 3140 Epp.
354 3094 398 3134 ΙΙ,
425 3094 505 3128 391.
532 3095 611 3129 524.
641 3094 719 3129 776.
747 3094 826 3128 777.
854 3094 949 3129 876¹.
1002 3093 1106 3128 Card.
1134 3094 1348 3128 Steinhuber
1372 3093 1395 3127 l.
1423 3105 1452 3128 c.
1480 3093 1505 3135 I,
1533 3093 1588 3128 39.
1614 3093 1671 3127 41.
1699 3093 1772 3137 77).

358 3148 371 3168 ³
397 3147 634 3188 Stevordiani‚
659 3149 701 3181 ut
725 3147 881 3181 videtur.
1027 3148 1040 3168 ⁴
1067 3146 1380 3181 Commendonum.
