2093 3444
512 181 678 224 Augusta
704 180 973 215 Vindelicorum
1000 181 1032 215 6.
1060 179 1283 225 Septembris
1312 180 1413 214 1561.

947 300 974 351 ,2

458 381 554 423 Pax
586 381 745 423 Christi
777 381 999 423 nobiscum
1033 380 1289 422 Reuerende
1321 380 1465 422 Pater.

1764 186 1787 225 [Ο

1794 186 1818 226 Φ

1824 185 1848 225 ς’,Π

191 467 354 521 Accepi
377 469 432 509 23
465 467 625 509 mensis
657 466 847 520 Augusti
881 467 1020 509 datas.
1068 465 1368 519 Moguntiamss
1401 465 1485 508 cito
1519 466 1741 509 mittemus
1774 468 1850 510 ad—

70 533 254 576 iunctas.
319 533 490 586 quando
533 534 678 574 autem
722 532 957 574 maioribus
988 532 1050 574 ita
1084 531 1223 573 uisum
1262 534 1350 582 est,
1394 534 1442 574 ut
1475 532 1525 574 D.
1559 532 1849 575 Lambertus1

72 598 194 641 nobis
239 601 414 652 ereptus
456 597 702 650 Moguntini
744 597 922 650 Collegij
968 597 1200 639 Rectorem
1245 599 1289 639 et
1334 597 1681 639 concionatorem
1728 601 1846 651 agat,

72 663 179 707 fiat
219 664 487 705 uoluntas
526 663 742 716 Dominj
760 663 788 706 2.
853 663 1020 704 Vereor
1060 676 1114 704 110
1156 662 1338 704 moleste
1381 662 1496 704 ferat
1538 662 1697 704 Caesar
1737 663 1850 705 hanc

71 729 186 771 illius
227 728 576 772 translationem.
639 728 759 769 Nihil
802 728 1047 782 accepimus
1090 728 1142 769 de
1174 727 1319 770 Patris
1352 727 1478 769 huius
1520 742 1575 769 ex
1607 728 1749 770 Dania
1781 743 1849 771 re-

73 794 192 837 ditub
224 829 232 838 .
260 808 373 836 nunc
394 794 467 836 ille
490 793 641 836 scribit
664 793 876 844 Lubeca⁶,
911 807 957 835 se
990 792 1155 835 factum
1187 793 1259 834 in‘l
1292 793 1393 834 naui
1427 793 1639 844 claudum,
1673 794 1847 847 longam

72 874 299 914 superesse
332 859 644 914 profectionem
677 859 721 900 in
753 858 960 909 Damam,
1005 857 1226 909 swetiam,
1270 858 1322 900 de
1354 858 1497 901 reditu
1530 873 1633 900 uero
1666 873 1712 900 se
1745 859 1850 901 nihil

73 925 340 968 constituere
371 939 513 980 posse.
577 924 745 967 Narrat
776 923 953 978 insuper
985 923 1123 966 multa
1157 926 1200 965 et
1233 924 1357 965 uaria
1394 924 1586 978 pericula
1618 924 1661 965 in
1695 925 1848 977 quibus

73 994 276 1034 uersatur
306 991 520 1044 Legatus,
564 993 613 1032 ut
653 1004 732 1044 pro
765 989 850 1031 illis
883 988 1038 1031 merito
1080 989 1138 1031 sit
1179 989 1398 1043 rogandus
1436 989 1560 1031 nobis
1592 990 1802 1031 Dominus
1818 991 1846 1032 3.

72 1056 215 1098 Minus
257 1059 402 1099 autem
444 1058 598 1109 gratus
630 1055 970 1109 Arcliiepiscopo
1013 1057 1057 1097 et
1090 1054 1358 1108 Moguntinis
1401 1054 1483 1096 erit
1525 1055 1739 1098 aduentus
1772 1070 1848 1097 no-

71 1123 275 1173 strorum,
310 1121 389 1163 nisi
424 1121 539 1164 adsit
572 1124 649 1163 aut
679 1120 824 1175 potius
846 1119 1137 1174 praecesserit
1170 1120 1461 1169 concionator,
1496 1125 1622 1173 quem
1651 1121 1739 1162 illic
1772 1135 1848 1163 ex-

71 1189 251 1241 pectant
281 1187 536 1242 plurimum:
579 1186 655 1228 sed
689 1186 741 1228 de
773 1186 839 1227 his
871 1185 1064 1227 monebit
1098 1185 1261 1228 rectius
1295 1186 1350 1228 M.
1385 1186 1589 1237 Rhetius,
1634 1187 1687 1228 ad
1721 1201 1848 1240 quem

72 1266 152 1305 ego
186 1266 356 1306 quoque
398 1252 597 1295 scribam.
662 1252 804 1294 Tarde
846 1251 955 1293 satis
987 1251 1089 1292 illuc
1131 1251 1308 1294 uenient
1339 1252 1499 1306 nostrj,
1543 1252 1578 1293 si
1613 1255 1849 1306 expectant

71 1318 291 1361 uiaticum.
355 1317 529 1372 Indiget
570 1318 678 1360 haec
720 1317 875 1360 ciuitas
919 1316 1056 1359 doctis
1096 1319 1140 1359 et
1182 1316 1482 1359 constantibus
1524 1317 1629 1358 uiris
1667 1332 1847 1371 quorum

71 1398 176 1426 sane
209 1398 387 1438 operam
419 1382 815 1438 Archiepiscopus4
846 1382 1042 1437 inprimis
1075 1382 1279 1435 requirit,
1320 1382 1375 1424 ad
1407 1396 1528 1424 suam
1564 1382 1771 1425 ditionem
1805 1386 1849 1425 et

71 1449 329 1492 latissimam
363 1451 408 1492 et
440 1448 810 1503 corruptissimam
845 1448 1174 1490 restituendam.

188 1516 254 1557 De
286 1515 477 1568 Collegio
512 1514 828 1569 OEnipontano
862 1513 1015 1568 scripsi
1049 1513 1158 1555 alias
1192 1513 1293 1567 quid
1316 1507 1476 1556 Caesar
1509 1513 1709 1567 sequenti
1742 1527 1848 1555 vere

70 1580 164 1622 fieri
196 1580 315 1631 uelit,
355 1583 400 1623 et
432 1595 558 1635 spero
590 1580 638 1622 P.
672 1579 975 1634 Praepositum
1008 1578 1070 1620 illi
1102 1579 1283 1633 Reipub.
1319 1593 1345 1621 a
1378 1593 1462 1632 qua
1494 1579 1711 1633 permulta
1742 1593 1848 1634 pen-

72 1646 188 1696 dent,
220 1646 400 1688 idoneos
432 1646 598 1699 aliquot
631 1646 852 1700 operarios
886 1645 1147 1686 donaturum
1181 1658 1288 1686 0000.

191 1711 441 1763 Conualuit,
484 1711 528 1753 ni
569 1711 746 1762 fallorss,
789 1711 841 1754 D.
876 1709 1073 1752 Victoria
1115 1724 1169 1752 ex
1211 1709 1498 1764 egritudines,
1543 1710 1619 1752 sed
1660 1725 1773 1752 nunc
1805 1710 1848 1752 in

71 1777 226 1819 febrim
259 1777 478 1832 relapsum
511 1791 606 1819 0000
639 1776 934 1830 008110111111110.
969 1775 1041 1829 qui
1074 1777 1142 1817 est
1174 1775 1351 1817 nimium
1377 1775 1544 1829 rigidus
1576 1775 1669 1827 sibi,
1704 1778 1748 1818 et
1780 1790 1848 1818 se-

72 1843 210 1885 dendo
243 1857 440 1885 somnum
473 1856 630 1897 capere
663 1841 832 1885 dicitur.
895 1841 1021 1883 Vnde
1055 1841 1208 1895 scripsi
1242 1841 1478 1892 Viennam,
1522 1844 1767 1884 curatorem
1800 1844 1849 1884 ut

70 1909 253 1951 haberet
294 1909 499 1963 corporis.
564 1908 706 1961 Vrget
746 1908 886 1949 adhuc
928 1907 1151 1960 negotium
1194 1907 1246 1948 de
1287 1906 1580 1961 pertrahendo
1616 1921 1671 1949 ex
1703 1907 1848 1961 Praga

72 1975 124 2018 D.
157 1974 326 2016 Paulo5
359 1974 533 2028 Sibique
565 1973 761 2015 Viennae
794 1972 1110 2015 substituendo.
1164 1973 1246 2014 Sed
1280 1975 1411 2015 antea
1443 1973 1588 2027 monuj
1623 1972 1847 2015 consilium

71 2040 152 2082 1100
184 2041 235 2083 D.
268 2040 446 2094 Lanoyo
481 2042 525 2082 et
556 2039 658 2080 mihi
693 2038 867 2080 minime
899 2038 1097 2092 probarj,
1140 2038 1340 2091 maleque
1379 2038 1703 2080 consuleremus
1735 2053 1848 2080 1111110

192 2191 206 2206 a
232 2184 445 2229 Moguntian
473 2186 516 2220 A.

192 2239 206 2259 b
233 2240 306 2273 VV.
331 2250 404 2283 sqq.
430 2250 541 2283 usque
566 2240 614 2272 acl
638 2238 760 2272 Minus
786 2239 905 2272 autem
934 2240 1018 2272 excz.
1048 2241 1084 2271 in
1112 2238 1297 2281 archetypi
1321 2248 1434 2279 *neser-ss.
1463 2238 1622 2279 ascripta
1646 2241 1739 2271 sunt.

196 2299 208 2313 ⁰
233 2294 290 2326 Ita
316 2294 356 2326 in
381 2293 415 2326 B
439 2304 461 2325 a
487 2293 550 2326 Bo.
578 2297 667 2326 recte
693 2296 887 2326 correctum
914 2297 962 2325 est
988 2304 1030 2326 ex
1057 2292 1152 2326 Laus
1179 2291 1277 2325 boca.
1329 2292 1384 2324 A:
1409 2289 1464 2324 13”0
1491 2290 1588 2324 11003.

192 2340 268 2380 ἀ’111
294 2347 339 2380 A.
438 2352 450 2367 ⁸
477 2345 677 2387 Conualuit,
704 2344 850 2379 infallor
876 2346 920 2380 A.

198 2400 210 2420 f
234 2402 256 2434 7
280 2411 329 2434 vv.
355 2411 428 2444 sqq.
456 2401 495 2433 in
521 2400 704 2444 archetypi
729 2410 841 2443 mary.
870 2401 1029 2443 ascripta
1053 2403 1146 2433 sunt.

197 2535 207 2554 ¹
233 2535 350 2575 Auer;
376 2533 460 2568 vide
485 2544 595 2578 supra
622 2545 654 2577 p.
685 2532 763 2568 198.
864 2532 878 2552 ²
902 2532 984 2566 Act.
1012 2530 1067 2573 21,
1097 2532 1152 2565 14.

197 2589 210 2608 ³
236 2589 337 2622 Auer
361 2587 504 2621 Lubeca
532 2587 586 2621 14.
614 2585 695 2620 Iulii
724 2586 811 2621 1561
841 2585 966 2619 Lainio
993 2584 1035 2619 de
1061 2584 1272 2619 infirmitate
1307 2584 1371 2618 illa
1397 2583 1640 2629 *scripserat:
1680 2582 1737 2625 „Jl
1771 2582 1848 2617 01110

76 2641 111 2675 di
136 2652 268 2675 oceano
294 2652 466 2686 appresso
492 2639 656 2674 Dodraco
683 2639 720 2673 in
745 2638 944 2680 Holandia,
979 2638 1027 2672 mi
1054 2650 1126 2671 non
1151 2638 1198 2672 ha
1223 2639 1376 2672 trattato
1401 2637 1510 2679 bene,
1546 2636 1676 2682 perche
1707 2636 1742 2670 in
1768 2635 1849 2670 litto

75 2694 125 2729 mi
150 2694 227 2729 fece
253 2694 348 2728 male
374 2693 447 2727 alla
472 2693 604 2736 gamba
629 2704 775 2732 manca,
812 2691 877 2726 che
902 2703 1034 2726 ancora
1058 2703 1128 2726 non
1155 2703 1242 2726 sono
1267 2691 1409 2735 guarito
1443 2702 1530 2725 sono
1565 2690 1624 2734 813
1658 2691 1713 2723 tre
1748 2689 1849 2723 setti-

75 2748 212 2782 mane.“
251 2748 297 2782 Et
323 2747 365 2781 de
391 2746 581 2792 periculis:
614 2745 686 2788 „Ne
712 2757 798 2780 sono
824 2744 976 2791 periculj
1003 2744 1103 2790 moltj
1131 2745 1167 2778 in
1193 2747 1320 2789 queste
1342 2743 1448 2789 partj‚
1474 2745 1575 2778 tanto
1594 2742 1677 2787 dellj
1696 2742 1847 2787 hereticj

75 2801 102 2835 11
128 2801 225 2847 qualj
251 2812 322 2835 non
349 2811 481 2834 curano
508 2799 564 2833 dio
589 2811 635 2833 ne
660 2798 842 2844 huominj,
869 2800 1005 2843 quanto
1032 2798 1146 2833 anche
1172 2797 1256 2843 dellj
1284 2796 1437 2842 asassinj
1465 2798 1502 2831 et
1527 2795 1697 2841 caualierj
1726 2823 1732 2829 .
1761 2822 1768 2829 .
1819 2795 1848 2829 Il

76 2866 175 2889 mare
209 2856 246 2888 in
280 2854 398 2888 suetia
433 2864 452 2887 e
486 2854 590 2897 tropo
625 2851 785 2887 terribile
820 2854 857 2886 et
881 2851 1102 2897 periculoso,
1141 2851 1195 2886 Ne
1220 2851 1388 2885 hauiamo
1414 2862 1481 2895 pur
1507 2849 1541 2884 di
1568 2849 1849 2894 esperimentare

21 2947 24 2951 .
76 2909 109 2950 4,
136 2920 166 2949 0,
194 2908 214 2942 5
240 2907 358 2942 volte“
392 2906 454 2949 (ex
479 2905 732 2951 autographo).
783 2905 838 2939 Ac
866 2906 1145 2939 Commendonus
1170 2904 1318 2938 nuntius
1344 2903 1487 2937 Lubeca
1515 2903 1545 2936 1.
1572 2901 1729 2945 Augusti
1758 2902 1845 2936 1561

77 2961 123 2996 ad
149 2960 368 2996 cardinalem
393 2960 649 2994 Borromaeum
674 2958 839 3004 scripsit:
876 2958 965 2993 Eam
1000 2958 1126 2993 urbem
1160 2970 1229 2992 non
1256 2959 1330 2991 tam
1358 2968 1378 2991 a
1404 2958 1551 2997 senatu,
1588 2967 1695 3000 quam
1721 2966 1742 2989 a
1769 2966 1848 2989 con-

76 3013 316 3049 tionatoribus
340 3012 542 3048 lutheranis
567 3012 665 3056 regi3
700 3011 766 3046 hos
792 3013 912 3046 autem
938 3011 1014 3046 fere
1040 3023 1164 3045 omnes
1190 3012 1375 3056 apostatas
1401 3012 1437 3044 et
1462 3009 1583 3043 furore
1608 3008 1734 3053 plenos
1769 3019 1849 3043 esse

6 3084 8 3086 ’
78 3070 188 3112 atque
214 3080 232 3102 e
257 3067 493 3111 suggestibus
519 3068 643 3100 contra
668 3065 848 3111 pontificis
873 3065 1035 3109 legatum
1061 3067 1186 3099 tonare
1215 3065 1457 3108 (Mtscellanea
1483 3062 1518 3096 di
1553 3062 1665 3096 storia
1698 3061 1849 3096 italiana

22 3162 25 3165 ¹
77 3121 140 3164 VI,
166 3121 240 3165 21).
292 3120 458 3155 Ceterum
484 3120 568 3154 vide
593 3130 702 3165 supra
727 3131 761 3164 p.
791 3118 990 3154 183-—184.

33 3182 36 3185 '
199 3174 212 3194 ⁴
237 3173 365 3208 Daniel
390 3173 555 3208 Brendel.
655 3173 668 3193 ⁵
693 3172 842 3206 Hoffaeo
867 3174 1016 3206 rectore.
