2093 3444
211 186 265 226 20
790 177 870 212 508.
908 176 1073 211 Canisius
1099 175 1226 210 Iacobo
1252 175 1386 210 Lainio.

209 295 389 336 Augustae
408 295 579 334 paratur.
632 290 727 323 Deus
750 300 816 332 pro
845 289 960 322 Sociis
987 288 1156 321 orandus.
1211 287 1417 320 Concilium.
1472 286 1609 318 Canisii
1635 286 1701 318 iter
1726 286 1969 318 tridentinum.

214 345 419 380 Cardinalis
438 345 680 385 ifiecqztstctnus.
718 343 824 375 Libri
835 342 1022 385 prohibiti.
1064 340 1252 373 Ieiunium.
1291 340 1427 374 Canisit'
1445 339 1672 372 catechismus
1689 339 1971 382 frequentissime

209 399 406 432 adhibetur.
458 397 587 429 Melior
614 395 840 428 catechismus
861 405 931 437 pro
957 398 1027 427 tota
1056 394 1204 436 Europa
1230 393 1444 425 scribendus.

1077 482 1104 532 †

463 569 557 610 Pax
590 567 739 609 christi
771 566 992 607 nobiscum
1026 564 1254 606 admodum
1287 563 1541 604 Reuerende
1575 562 1717 606 Pater.

329 657 487 712 Accepi
522 659 572 698 21
609 654 862 698 Decembris
906 654 1032 695 datas
1052 654 1088 703 1,
1136 651 1288 705 quibus
1328 651 1442 692 haud
1484 665 1591 704 opus
1635 653 1703 692 est
1734 651 1870 692 multa
1903 664 1971 692 re-

212 724 436 778 spondere.
500 721 730 763 Cui-abitur
771 720 821 761 de
863 717 1272 772 quadrimestribus‚
1317 718 1366 758 ut
1407 719 1614 769 septenae
1655 716 1885 758 mittantur
1917 729 1972 757 ex

212 788 390 842 singulis
435 787 658 840 Collegijs:
708 785 916 837 Reliquae
961 784 1069 825 duae
1117 782 1159 823 in
1205 781 1455 823 Franciama
1500 783 1543 822 et
1589 780 1862 822 Germaniam
1907 780 1972 821 in-

214 854 428 896 seriorem.

330 919 381 961 D.
416 917 745 960 Hermannum2
777 917 1071 969 expectamus
1117 913 1192 954 sed
1224 912 1308 954 iam
1343 911 1472 954 tertio
1505 911 1607 952 mihi
1639 910 1832 954 treuirim
1866 910 1972 952 scri-

211 983 342 1033 benti,
377 983 482 1024 nihil
515 996 702 1035 unquam
736 994 987 1034 responsum
1023 981 1102 1020 est.

330 1047 512 1102 Agimus
534 1046 701 1101 gratias
725 1049 929 1087 aeternae
955 1042 1161 1093 bonitati,.
1188 1056 1297 1095 quae
1323 1041 1445 1083 nobis
1468 1041 1740 1083 Comitissam
1762 1041 1812 1083 D.
1837 1040 1973 1094 Marcj

212 1113 401 1167 Fuggeri
435 1112 660 1165 coniugem
677 1113 692 1138 3
724 1114 819 1153 tota
842 1110 932 1152 uita
956 1109 1260 1157 Lutheranani,
1294 1109 1523 1161 postquam
1546 1120 1623 1147 nos
1647 1105 1795 1148 audire
1818 1105 1972 1160 coepit,

213 1180 267 1221 ad
301 1178 556 1220 catholicam
591 1177 729 1218 lucem
762 1175 969 1230 paulatim
1005 1187 1278 1222 conuersam‚
1313 1186 1424 1213 nunc
1456 1172 1518 1213 ita
1550 1174 1742 1213 nostram
1775 1170 1892 1221 fecit,
1926 1172 1975 1212 ut

211 1244 254 1285 in
298 1242 531 1296 Exercitijs
573 1244 771 1283 uersetur
812 1239 1119 1294 spiritualibus.
1193 1237 1428 1279 Lutherani
1468 1236 1578 1278 hanc
1619 1236 1824 1290 praedam
1867 1234 1973 1288 eripi

213 1309 293 1351 sibi
326 1307 564 1361 aegerrime
598 1307 756 1356 ferunt,
791 1305 998 1358 Catholicj
1032 1318 1135 1345 uero
1168 1303 1359 1355 gaudent
1382 1301 1623 1356 plurimum.
1667 1301 1749 1343 Est
1775 1302 1974 1342 matrona

151 1374 153 1376 ’
213 1373 383 1427 magnis
416 1372 546 1415 animi
580 1371 751 1415 dotibus
785 1370 1029 1424 conspicua,
1065 1382 1173 1421 quae
1208 1367 1345 1409 nuncb
1388 1367 1575 1409 animum
1617 1367 1671 1408 ad
1704 1366 1974 1420 purgandam

212 1439 421 1481 familiam
457 1438 628 1492 adjecit,
664 1440 711 1479 ut
733 1436 1004 1478 Lutheranas
1038 1434 1152 1477 feces
1186 1433 1363 1487 abijciat
1394 1433 1534 1486 plane.
1579 1432 1647 1473 Ad
1679 1445 1848 1473 sacram
1881 1430 1974 1483 qui-

214 1505 310 1546 dem
334 1503 646 1545 confessionem
671 1505 714 1544 et
737 1501 1077 1543 communionem
1100 1500 1354 1552 hucusque&
1388 1512 1604 1550 nunquam
1630 1497 1827 1546 accessit,
1851 1495 1974 1538 iuxta

214 1569 345 1612 ritum
378 1568 656 1610 Catholicum.
713 1568 944 1620 Speramus
977 1565 1158 1606 alteram
1194 1577 1361 1616 quoque
1394 1562 1743 1612 Coriiitissaind4‚
1788 1575 1898 1615 quae
1930 1561 1973 1602 in

213 1634 363 1689 ijsdem
388 1636 588 1675 uersatur
611 1632 800 1682 aedibus,
836 1631 985 1673 eodem
1019 1629 1086 1671 dei
1109 1643 1297 1678 munere,
1331 1628 1451 1670 breui
1475 1627 1733 1670 catholicam
1766 1626 1858 1668 fore
1891 1639 1976 1667 una

215 1714 310 1742 cum
343 1699 529 1749 Comite,
574 1697 645 1751 qui
678 1700 721 1739 et
752 1697 844 1751 ipse
876 1697 1161 1749 Fuggeranac
1194 1693 1382 1735 familiae
1424 1707 1602 1734 onrem
1635 1693 1767 1734 habet
1797 1691 1929 1733 filiam
1945 1692 1974 1733 5.

215 1764 533 1807 Catholicorum
574 1776 778 1805 numerus
819 1762 910 1803 hice
954 1760 1091 1814 magis
1136 1760 1359 1813 magisque
1401 1758 1572 1801 uidetur
1612 1758 1777 1811 augerj.
1849 1756 1975 1798 Colli-

214 1833 376 1884 guntur
408 1828 737 1883 Eleemosijnae,
775 1827 817 1868 in
850 1840 972 1868 usum
1006 1826 1212 1875 fratrum,
1256 1838 1362 1877 quos
1395 1824 1456 1865 sic
1488 1823 1665 1878 cupiunt
1697 1823 1814 1864 alere
1844 1821 1976 1863 uehe-

215 1898 404 1945 menter,
447 1894 550 1935 nihil
585 1893 854 1942 dubitantes,
899 1891 998 1944 quin
1044 1890 1252 1945 operariis
1295 1889 1485 1943 pluribus
1526 1889 1569 1930 in
1609 1887 1689 1930 tali
1729 1886 1891 1929 messes
1920 1886 1977 1929 sit

215 1960 384 2002 abunde
425 1959 642 2001 futurumss
686 1958 929 2011 negotium,
977 1956 1030 1997 ad
1073 1955 1239 1997 animas
1280 1955 1440 1996 inultas
1484 1953 1644 1995 christo
1678 1956 1722 1996 et
1753 1951 1976 1994 Ecclesiae

214 2024 557 2067 lucrifaciendas.
597 2024 798 2065 Metuunt
821 2021 980 2076 passim
1004 2020 1122 2062 breui
1156 2034 1223 2062 me
1245 2020 1343 2061 hinc
1366 2020 1632 2062 abstractum
1656 2019 1705 2073 irj
1729 2016 1889 2072 propeh
1914 2015 1974 2071 [P]

217 2090 450 2144 Synodum.
498 2090 687 2142 Egemus
711 2101 974 2141 magnopere
998 2086 1145 2128 christi
1169 2085 1313 2138 gratia
1342 2085 1382 2125 in
1417 2085 1497 2126 hac
1521 2085 1664 2138 ampla
1697 2097 1836 2125 messe
1868 2082 1976 2123 bene

217 2155 419 2204 curanda⁷
453 2154 634 2207 ideoque
667 2167 871 2206 rogamus
905 2152 1043 2199 enixe,
1077 2154 1125 2193 ut
1148 2151 1197 2193 R.
1222 2150 1269 2192 T.
1303 2149 1595 2202 fratrumquei
1628 2149 1809 2191 aliorum
1843 2146 1977 2190 sacri-

216 2221 324 2275 ficijs
350 2223 393 2262 et
417 2219 614 2273 precibus
636 2219 769 2260 simus
793 2216 1092 2269 commendati.
1137 2216 1351 2258 Mittimus
1374 2215 1712 2269 quadrimestres
1733 2213 1975 2255 nonnullas.

216 2285 427 2327 Dominus
470 2284 643 2326 ‚JESVS
690 2283 876 2337 gratiam
922 2281 1044 2324 nobis
1090 2295 1211 2322 suam
1258 2294 1417 2333 augere
1462 2280 1675 2332 dignetur.
1751 2278 1977 2331 Augustae

222 2352 272 2392 19
306 2349 502 2403 Januarij
541 2351 665 2391 1561.

1051 2417 1210 2459 Seruus
1242 2416 1285 2458 in
1318 2416 1486 2458 Christo
1519 2415 1613 2458 Pet.
1648 2414 1856 2457 Canisius.

336 2542 350 2557 a
376 2536 563 2570 Franicam
591 2537 634 2569 A.
732 2534 747 2555 b
772 2546 878 2568 munc
905 2536 949 2567 A.
1047 2540 1058 2553 ⁰
1107 2532 1290 2577 hucusque
1317 2534 1360 2566 A.
1459 2532 1473 2552 '¹
1501 2531 1730 2566 Comitissum
1757 2533 1801 2566 A.

337 2596 348 2610 ⁰
375 2590 427 2624 sic
452 2591 494 2623 B.
593 2588 604 2609 f
626 2587 735 2622 messi
761 2588 802 2622 B.
901 2593 914 2612 g
938 2586 1096 2620 faturum
1126 2588 1168 2620 A.

337 2643 353 2663 ¹¹
380 2645 440 2677 Sic
464 2643 498 2676 B
522 2646 644 2686 atque,
682 2646 720 2675 ut
755 2642 903 2684 ridetur,
943 2642 1044 2673 etiam
1073 2641 1141 2682 A.,·
1179 2642 1217 2673 in
1243 2640 1304 2674 illo
1329 2644 1442 2673 tamen
1469 2640 1583 2672 Boero
1610 2640 1786 2673 com-emit:
1822 2639 1977 2683 propter.

220 2698 280 2730 An
306 2698 423 2730 recte?
533 2695 540 2715 i
567 2695 770 2738 fratresque
796 2695 838 2727 B.

341 2828 454 2862 ¹Has
489 2827 570 2861 vide
605 2827 641 2860 in
680 2828 765 2861 Can.
803 2827 889 2872 Epp.
926 2827 977 2868 ΙΙ,
1014 2825 1210 2860 782—784.
1272 2824 1408 2867 Quibus
1446 2824 1481 2858 in
1516 2823 1662 2858 Polanci
1702 2823 1857 2867 registro
1901 2823 1977 2858 dies

221 2881 277 2916 20.
303 2880 512 2915 Decembris
539 2881 696 2925 ascripta
723 2882 788 2914 est.
934 2880 948 2900 ²
973 2879 1196 2924 Thyraeum;
1223 2878 1305 2912 vide
1331 2878 1415 2912 ibid.
1443 2877 1543 2911 783⁵.

341 2935 353 2955 ³
379 2933 551 2978 Sibyllam
579 2933 796 2967 comitissam
825 2933 867 2966 de
894 2932 1081 2967 Eberstein
1110 2931 1260 2975 (Franc.
1280 2932 1364 2965 Ant.
1383 2931 1489 2972 With,
1517 2929 1739 2964 Bibliotheca
1765 2931 1978 2972 Augustana

221 2986 289 3021 VII
316 2987 516 3031 [Augustae
541 2986 750 3020 Vindelicae
779 2985 903 3028 1791]‚
939 2984 1106 3029 65-74).
1158 2985 1210 3019 De
1237 2995 1308 3028 qua
1334 2983 1436 3029 plura
1461 2983 1574 3024 infra,
1609 2994 1763 3016 monum.
1791 2982 1869 3016 269.
1897 2982 1975 3017 270.

341 3042 353 3060 4
380 3039 624 3074 Elisabetham
651 3039 693 3073 de
712 3038 986 3079 Weissenstein,
1012 3038 1155 3072 Ioannis
1174 3038 1217 3072 II.
1236 3037 1391 3081 Fuggeri
1412 3036 1591 3070 uxorem?
1624 3034 1714 3069 Vide
1741 3046 1850 3080 supra
1868 3047 1901 3080 p.
1922 3036 1977 3070 16.

342 3094 354 3113 ⁵
382 3092 623 3133 Catharimm,
649 3091 794 3126 Antonii
822 3092 848 3125 I.
875 3091 1034 3135 Fuggeri
1059 3090 1179 3132 filiam,
1207 3090 1324 3124 dicere
1350 3089 1512 3130 videtur,
1539 3099 1630 3132 quae
1656 3088 1721 3122 sub
1747 3099 1778 3122 a.
1808 3088 1898 3122 1552
1925 3089 1978 3122 Ia-

223 3145 308 3179 cobo
335 3145 456 3179 comiti
482 3145 524 3179 de
550 3145 726 3179 Montfort
750 3146 940 3189 nupserat3
967 3143 1050 3178 vide
1074 3144 1179 3185 infra,
1205 3155 1359 3178 monum.
1387 3143 1466 3177 271.

2080 3087 2089 3106 3
