2093 3444
250 210 333 250 516
476 207 554 240 719.
591 206 754 241 Canisius
782 206 960 241 Stanislao
987 207 1106 241 Hosio.
1150 208 1242 251 Aug.
1270 207 1374 241 Vind.
1403 208 1457 242 24.
1487 207 1651 243 Octobris
1680 209 1780 243 1562.

246 322 338 364 ficis
371 327 521 376 ageret
537 325 562 364 1.
613 323 811 377 Epistola
845 336 946 364 vero
971 322 1127 365 Latina
1159 337 1269 376 quae
1302 338 1453 366 ansam
1486 325 1603 368 dedit
1634 325 1732 367 huic
1765 327 2004 381 apologiae,

247 387 377 441 digna
399 388 502 430 mihi
525 388 709 437 uidetur,
745 401 854 441 quae
878 388 1108 441 aliquando
1132 402 1226 430 cum
1251 389 1445 442 epistolis
1468 390 1565 443 alijs
1587 390 1777 433 eiusdem
1811 392 2005 434 authoris

245 453 419 496 selectis
453 454 626 501 edatur,
671 467 719 494 ac
761 452 937 505 reliquis
970 453 1140 508 Dominj
1175 453 1460 495 VVarmiensis
1498 455 1697 509 operibus
1731 470 1840 498 nunc
1879 456 2005 499 simul

245 517 415 559 excusis
458 518 733 571 adiungatur.
805 518 999 560 Accedat
1040 518 1105 559 his
1146 519 1254 560 liber
1295 519 1347 561 de
1398 533 1602 574 oppresso
1645 521 1777 563 uerbo
1797 523 1831 572 2,
1882 525 1926 564 et
1967 521 2002 563 si

243 585 390 636 potest
423 583 653 636 aliquando
688 586 731 625 et
762 583 868 624 illud
902 597 1008 637 opus
1035 583 1213 633 absolui,
1249 583 1469 626 Confessio
1493 584 1715 628 Catholica
1738 586 2003 628 Confessioni

243 647 528 701 Augustanae
562 648 760 702 opposita
773 649 801 690 3.

361 713 573 755 Nummos
615 727 769 755 aureos
811 716 986 767 praeter
1027 713 1227 756 meritum
1271 714 1438 768 accepi,
1482 718 1526 756 et
1567 729 1649 768 ago
1690 730 1795 758 sane
1835 716 2003 769 gratias

242 779 492 831 praeclarae
525 778 644 828 huic,
688 792 798 831 quae
830 781 978 820 tamen
1010 778 1113 820 mihi
1146 793 1258 821 noua
1296 793 1381 820 non
1415 782 1501 830 est,
1545 780 1810 824 liberalitati.
1874 781 2002 824 Mitto

241 857 354 886 nunc
386 844 548 897 aliquid
582 858 604 885 e
638 844 760 885 nouis
793 843 927 894 libris,
963 844 998 885 si
1031 847 1175 886 tamen
1210 844 1344 886 otium
1378 845 1708 899 occupatissimo
1743 846 1916 888 dabitur
1947 847 2001 888 ad

240 908 347 951 istas
380 923 519 962 nugas
552 909 820 964 respiciendi.

357 974 414 1016 ,Jn
439 974 622 1016 Galliam
658 977 701 1016 et
734 974 989 1016 electionem
1022 973 1122 1015 noui
1146 974 1373 1016 Rectoris4
1406 974 1602 1016 conuersi
1635 974 1823 1017 omnium
1856 975 2000 1020 animi.

239 1038 462 1081 Ecclesiae
515 1053 690 1081 causam
739 1039 964 1092 utrobique
1013 1039 1178 1080 saluam
1227 1039 1421 1081 Christus
1469 1054 1563 1082 esse
1617 1041 1837 1083 concedat.
1901 1041 2000 1083 Non

239 1104 453 1147 dormient
486 1104 743 1159 aduersarii,
785 1104 860 1146 sed
894 1105 981 1145 suis
1014 1105 1145 1146 etiam
1179 1104 1420 1158 sacrilegijs
1453 1108 1496 1148 et
1529 1105 1744 1147 erroribus
1777 1106 1891 1149 forte
1922 1120 1998 1148 uo—

238 1169 328 1211 lent
371 1169 656 1224 patrocinari,
704 1170 844 1223 quoad
890 1169 980 1210 eius
1025 1169 1114 1210 fieri
1158 1172 1303 1223 potest
1338 1205 1345 1212 .
1381 1169 1534 1212 Calicis
1579 1171 1799 1224 negotium
1840 1174 1998 1224 urgent

237 1234 423 1283 Romae,
467 1238 515 1277 ut
546 1249 721 1286 uereor,
758 1235 829 1288 qui
863 1234 1130 1277 conditiones
1164 1235 1519 1288 praescribendas
1552 1239 1627 1278 aut
1660 1236 1878 1290 reijcient‚
1922 1240 1998 1279 aut

237 1314 261 1341 a
295 1301 424 1354 uulgo
467 1314 686 1353 nunquam
729 1301 1063 1354 impetrabunt5.
1129 1300 1209 1341 Hic
1243 1300 1294 1342 de
1336 1301 1500 1354 synodo
1541 1301 1661 1343 breui
1703 1301 1997 1344 concludenda

236 1365 458 1419 spargitur
493 1400 499 1408 .
535 1365 775 1407 Romanam
814 1364 1166 1406 reformationem
1199 1365 1443 1419 promoueri
1476 1369 1519 1408 et
1551 1366 1693 1420 reipsa
1726 1367 1995 1421 comprobarj

235 1430 529 1472 desideramus
546 1432 574 1473 ⁴3.

353 1496 506 1538 Adfuit
538 1496 604 1537 1115
637 1497 784 1538 diebus
808 1496 858 1537 D.
884 1495 1056 1538 Natalis
1090 1499 1237 1537 noster
1261 1496 1486 1547 Augustae
1501 1497 1528 1545 ⁷,
1564 1510 1689 1549 quem
1722 1496 1849 1539 isthic
1881 1496 1995 1540 forte

234 1575 318 1602 non
351 1562 487 1604 multo
520 1566 618 1616 post
658 1561 930 1615 conspicietis
966 1595 972 1603 .
1008 1560 1140 1602 Amat
1174 1563 1290 1603 certe
1324 1565 1517 1604 nostram
1551 1561 1825 1604 Germaniam
1866 1565 1910 1605 et
1942 1563 1993 1604 de

233 1626 307 1668 illa
348 1626 535 1668 iuuanda
578 1641 662 1669 non
704 1626 896 1679 segniter
939 1626 1103 1679 cogitat
1138 1661 1144 1669 .
1181 1626 1392 1680 Optamus
1432 1626 1587 1668 Patres
1629 1627 1741 1680 quod
1781 1627 1992 1680 reliquum

233 1695 312 1741 est,
349 1693 439 1734 sine
462 1692 600 1735 turbis
634 1695 677 1735 et
710 1707 804 1734 cum
838 1691 1036 1746 profectu
1060 1691 1281 1733 Ecclesiae
1313 1706 1390 1746 per
1412 1691 1491 1734 Dei
1525 1692 1711 1745 gratiam
1735 1692 1990 1746 transigere.

233 1758 373 1800 Erunt
405 1758 468 1800 uti
492 1771 728 1812 speramus,
763 1757 936 1799 solliciti
970 1757 1100 1799 etiam
1134 1757 1186 1798 de
1209 1756 1417 1810 Catalogo
1441 1757 1645 1799 librorum
1679 1760 1990 1812 suspectorum,

233 1823 285 1864 de
317 1823 541 1865 Breuiario
584 1827 627 1866 et
661 1823 931 1865 Catechismo
964 1822 1138 1864 tandem
1183 1822 1368 1872 edendo,
1413 1825 1461 1864 ut
1493 1822 1739 1865 Catholicae
1772 1823 1993 1866 doctrinae

231 1888 398 1942 puritas
432 1892 475 1931 et
498 1888 795 1930 Ecclesiastici
823 1888 983 1929 ordinis
1006 1887 1202 1941 grauitas
1224 1887 1383 1930 rectius
1407 1890 1717 1930 conseruentur
1741 1923 1748 1931 .
1784 1888 1991 1930 Dominus

229 1953 309 1995 hoc
342 1953 589 1996 institutum
622 1956 849 2007 prosperet
881 1953 923 1994 in
956 1953 1139 2006 gloriam
1172 1967 1316 2001 suam,
1352 1956 1395 1994 et
1427 1953 1733 1995 Celsitudinem
1766 1956 1885 1996 tuam
1919 1953 1990 1995 diu

230 2018 352 2060 nobis
386 2022 614 2061 conseruet
646 2019 700 2060 ad
733 2018 955 2060 Ecclesiae
989 2018 1237 2060 utilitatem.
1302 2019 1527 2071 Augustae
1562 2020 1615 2059 24
1650 2017 1787 2060 Octob
1823 2053 1830 2061 .
1864 2018 1990 2061 Anno

229 2084 400 2138 Dominj
435 2084 698 2126 M.DLXI.J³.
1174 2084 1332 2125 Seruus
1364 2083 1407 2124 in
1439 2083 1606 2125 Christo
1640 2083 1685 2126 P.
1721 2083 1927 2127 Canisius.

347 2217 359 2230 ³
390 2210 495 2254 ΟΜΝ.
524 2222 587 2244 om.
618 2222 663 2244 (Ἥ,
691 2222 760 2254 sqq.

350 2336 359 2354 ¹
386 2333 557 2378 Aloysius
592 2333 807 2378 Lipomanus
845 2334 880 2376 (†
919 2333 1024 2375 1559)
1063 2333 1250 2377 episcopus
1286 2331 1513 2367 veronensis.
1554 2342 1584 2365 a.
1615 2332 1703 2365 1555
1741 2343 1761 2365 a
1790 2331 1900 2365 Paulo
1926 2331 1987 2366 IV.

225 2388 373 2421 nuntius
399 2387 434 2420 in
461 2386 645 2421 Poloniam
671 2387 813 2427 missus,
841 2386 1027 2420 Nicolaum
1055 2384 1241 2419 Radziwill
1271 2384 1475 2427 „Nigrum⁴‘‚
1503 2384 1700 2429 palatinum
1726 2384 1926 2419 vilnensem
1953 2386 1989 2418 et

226 2441 503 2485 protestantium
529 2440 760 2485 praecipuum
786 2439 821 2473 111
840 2439 987 2473 Polonia
1010 2442 1209 2484 patronum,
1238 2438 1367 2472 litteris
1386 2438 1441 2472 21.
1461 2437 1644 2471 Februarii
1673 2438 1762 2472 1556
1789 2438 1882 2472 datis
1909 2449 1988 2482 gra-

226 2495 320 2528 viter
345 2493 501 2534 monuit;
529 2493 572 2527 ad
599 2504 688 2537 quas
714 2492 771 2526 hic
798 2493 980 2537 respondit
1000 2492 1153 2537 epistula
1181 2503 1242 2536 per
1261 2491 1462 2536 Gasparum
1483 2490 1597 2525 Lacki
1624 2491 1829 2536 composita,
1855 2491 1892 2524 in
1918 2502 1988 2534 qua

225 2547 378 2581 ecclesia
404 2557 549 2580 romana
576 2546 809 2580 vehementer
834 2546 1084 2590 impetebatur.
1120 2545 1320 2588 Utramque
1347 2546 1466 2578 autem
1493 2543 1685 2588 epistulam
1703 2543 1833 2578 Petrus
1853 2543 1987 2578 Paulus

226 2600 423 2644 Vergerius
448 2611 519 2633 una
545 2611 626 2633 cum
645 2599 937 2633 adnotationibus
962 2599 1037 2633 suis
1063 2598 1184 2632 libello
1215 2597 1335 2639 „Duae
1354 2597 1548 2642 epistula&
1572 2599 1636 2631 etc.
1664 2596 1837 2642 inscripto
1863 2597 1986 2631 eodem

226 2665 316 2687 anno
345 2654 434 2688 1556
461 2652 695 2696 Regiomonte
723 2652 930 2695 evulgavit3
968 2663 1059 2695 quae
1085 2651 1262 2696 epistulae
1289 2650 1396 2684 etiam
1424 2649 1584 2694 polonice
1611 2649 1728 2684 editae
1754 2651 1839 2684 sunt
1866 2650 1988 2693 (Hosz'i

225 2706 407 2752 Epistolae
433 2706 477 2747 ΙΙ,
504 2705 704 2740 668—671.
732 2705 829 2748 748).
976 2705 989 2724 2
1016 2704 1069 2738 Cf.
1097 2715 1206 2748 supra
1232 2716 1264 2748 p.
1293 2703 1373 2737 239.
1399 2702 1468 2736 408
1479 2703 1501 2736 ⁵.

344 2760 357 2780 ³
383 2758 434 2793 Cf.
466 2760 552 2793 Can.
580 2758 668 2803 Epp.
695 2758 738 2799 ΙΙ,
766 2759 844 2792 914.
944 2759 956 2777 ⁴
982 2757 1092 2800 Regis
1118 2757 1377 2795 Romanorum;
1406 2756 1487 2789 vide
1513 2767 1622 2800 supra
1647 2767 1680 2800 p.
1706 2755 1788 2790 485.
1813 2755 1894 2790 492.

344 2814 356 2833 ⁵
383 2812 579 2847 Concilium
615 2812 651 2845 111
677 2811 836 2846 sessione
862 2810 994 2851 XXII„
1032 2810 1086 2844 17.
1115 2809 1334 2854 Septembris
1363 2809 1453 2843 1562
1479 2808 1620 2850 habita,
1655 2809 1835 2852 integrum
1862 2808 1984 2842 calicis

224 2866 438 2900 concedendi
472 2866 655 2909 negotium
690 2864 734 2898 ad
769 2875 946 2898 summum
983 2863 1186 2908 pontificem
1221 2862 1428 2902 rettulerat;
1465 2873 1485 2896 a
1520 2873 1588 2906 quo
1625 2864 1660 2896 et
1685 2861 1930 2896 Ferdinandus
1956 2861 1982 2896 Ι.

223 2930 348 2953 caesar
376 2918 436 2962 (cf.
464 2930 573 2963 supra
599 2930 632 2963 p.
658 2918 764 2961 499¹)
793 2920 828 2951 et
854 2917 1026 2951 Albertus
1044 2916 1086 2950 V.
1112 2916 1287 2950 Bavariae
1314 2915 1387 2949 dux
1415 2914 1609 2959 (Knopfler
1634 2915 1656 2949 1.
1676 2926 1705 2949 c.
1724 2927 1757 2959 p.
1780 2913 1980 2958 106—107)

223 2972 370 3006 calicem
397 2974 519 3017 petere
545 2971 763 3015 cogitabant.

342 3026 354 3046 ⁶
380 3024 467 3059 Pius
484 3025 546 3059 IV.
565 3025 646 3059 inde
664 3024 708 3058 ab
727 3026 881 3058 exeunte
898 3034 945 3057 m.
966 3022 1167 3068 Septembri
1185 3022 1260 3056 fere
1280 3021 1409 3056 cotidie
1432 3021 1729 3064 congregationes
1755 3020 1920 3061 habebat,
1946 3020 1982 3054 111

222 3078 352 3122 quibus
378 3079 420 3112 de
446 3078 699 3112 reformatione
735 3077 885 3112 consilia
911 3076 1205 3115 conferebantur;
1243 3087 1284 3109 ac
1311 3075 1342 3109 9.
1370 3074 1536 3109 Octobris
1565 3074 1654 3109 1562
1691 3073 1980 3108 constitutionem

206 3132 264 3180 *de
299 3131 551 3165 reformatione
592 3130 810 3173 „conclavis“
851 3129 1096 3175 promulgavit
1123 3129 1254 3173 (Sickel
1280 3128 1302 3162 l.
1330 3139 1358 3162 c.
1394 3139 1426 3173 p.
1455 3127 1534 3162 390.
1585 3127 1797 3171 Raynazdus
1829 3125 1852 3160 l.
1880 3137 1909 3160 c.
1944 3125 1980 3159 in

221 3195 252 3218 a.
281 3185 381 3225 1562,
408 3196 442 3218 11.
471 3183 566 3227 188).
713 3184 725 3203 ⁷
752 3183 805 3218 Cf.
833 3183 937 3224 infra,
963 3193 1117 3216 monum.
1145 3181 1226 3219 282.
