2093 3444
227 173 310 213 160
430 170 509 204 569.
547 169 713 204 Canisius
739 169 923 204 Leonardo
949 170 1090 204 Kessel.
1135 170 1300 214 Augusta
1327 170 1468 205 Vindel.
1498 171 1552 206 10.
1579 171 1672 205 Iunii
1700 172 1803 206 1561.

1045 287 1176 330 569.

963 386 1261 435 CANISIUS

598 491 662 532 P.
694 490 1097 534 LEONARDO
1130 492 1422 535 KESSEL
1458 492 1514 535 S.
1547 493 1623 544 J„

834 573 966 607 rectori
993 573 1137 617 collegii
1165 574 1391 608 coloniensis.

719 666 889 713 Augusta
915 665 1189 703 Vindelicorum
1216 666 1270 702 10.
1297 666 1392 702 Iunii
1418 665 1506 702 1561.

341 749 396 782 Ex
424 748 631 793 apographo
655 748 762 782 huius
780 748 985 782 litterarum
1005 748 1129 794 partis,
1156 748 1200 782 ab
1227 749 1304 794 ipso
1323 750 1479 783 Kesselz'o
1506 749 1641 794 scripto
1668 751 1704 783 et
1729 749 1783 784 sic
1809 749 1998 795 inscripto:

227 800 446 844 Ἡ0011101115.ὦ
502 801 585 836 cod.
614 802 726 836 colon.
759 801 903 843 ,Kess.“
934 802 958 836 f.
986 802 1054 836 95¹¹
1083 802 1132 845 (in
1162 814 1192 836 a.
1223 802 1311 836 1561
1341 802 1365 836 f.
1393 801 1491 845 27³2).

343 855 565 900 Epistulam,
602 855 727 900 paucis
754 854 875 889 verbis
901 855 1063 896 omissis,
1097 867 1142 889 ex
1169 855 1293 890 eodem
1319 855 1418 890 fonte
1444 856 1581 901 primus
1609 855 1719 890 edidit
1745 857 1893 890 Hansen
1919 855 1941 890 l.
1969 868 1998 891 0.

224 920 258 954 p.
285 909 386 943 396⁴.
414 909 511 943 411⁵.

346 986 434 1018 Pius
450 986 514 1018 IV.
540 986 688 1018 concilio
714 986 908 1018 tridentino
933 987 1063 1019 seriam
1085 997 1223 1029 operam
1244 987 1314 1019 dat.
1360 986 1608 1030 Typoyraphz'a
1628 987 1762 1019 Romae
1789 987 1999 1030 instituitur,

227 1050 269 1072 ex·
300 1050 369 1082 (sua
398 1039 589 1082 Scriptura
625 1044 655 1072 et
680 1039 806 1072 Patres
838 1040 1023 1082 prodeant.
1079 1039 1266 1083 Collegfl'um
1303 1041 1588 1083 oenipontanum.
1644 1039 1851 1073 Cardinalis
1880 1040 2001 1073 Gran-

226 1093 385 1125 vellanus
411 1093 585 1135 Fuyyeris
605 1094 785 1136 promisit,
811 1104 845 1125 se
872 1093 1075 1126 Societatem
1104 1094 1313 1126 adiuturum
1343 1104 1421 1127 esse.

344 1205 401 1209 ——
423 1206 482 1209 —
515 1180 714 1234 Synodus
746 1181 789 1222 in
823 1181 1124 1235 Septembrem
1146 1195 1283 1235 vsque
1307 1182 1614 1236 prorogarem-1.
1658 1180 1863 1223 Pontifex
1895 1180 2000 1222 nihil

224 1245 491 1288 intentatum
523 1245 750 1298 relinquit,
785 1249 833 1289 vt
867 1246 1095 1289 conuocati
1127 1260 1223 1288 sese
1257 1246 1536 1299 coniungant,
1578 1248 1622 1288 et
1653 1260 1742 1288 rem
1777 1246 1889 1288 serio
1922 1260 1999 1288 ex-

225 1311 463 1361 ordiantur,
498 1311 645 1364 itaque
678 1312 791 1353 bona
823 1325 924 1366 spes
957 1314 1025 1354 est
1056 1312 1162 1362 fore,
1198 1315 1247 1354 vt
1279 1312 1394 1354 adsit
1426 1312 1588 1353 vicario
1621 1326 1698 1353 suo
1728 1311 1924 1355 Christus
1956 1311 1999 1353 in

224 1376 304 1418 hoc
346 1376 593 1418 miserando
636 1376 860 1418 Ecclesiae
901 1391 1006 1419 suae
1047 1379 1189 1427 statu,
1245 1391 1322 1431 pro
1374 1391 1456 1430 quo
1503 1379 1552 1420 vt
1592 1377 1771 1419 seorsim
1813 1379 1858 1420 et
1899 1391 1999 1419 con-

223 1441 403 1485 iunctim
435 1444 534 1496 post
566 1442 648 1484 hac
683 1456 854 1484 oremus
876 1442 1114 1497 prudenter
1143 1446 1186 1484 et
1219 1443 1313 1496 1110ιι
1336 1442 1518 1484 Romani
1550 1445 1699 1496 patres
1722 1442 1957 1485 admonent
1969 1444 1998 1484 2.

343 1507 507 1549 Romae
539 1507 783 1550 instituitur
815 1522 929 1549 noua
960 1507 1253 1562 typographia
1286 1508 1398 1549 unde
1430 1508 1644 1562 prodeant
1680 1507 1803 1549 nobis
1836 1507 2000 1562 optima

223 1572 307 1614 fide
341 1572 545 1626 castigati
569 1575 612 1614 et
645 1573 837 1616 restituti
870 1577 1020 1627 patres
1035 1575 1064 1615 3.
1110 1573 1226 1616 Data
1256 1576 1323 1616 est
1345 1573 1569 1627 prouincia
1592 1572 1730 1616 doctis
1752 1573 1998 1626 Theologis,

225 1640 274 1680 vt
306 1637 438 1680 biblia
470 1652 596 1688 noua,
632 1641 676 1680 et
708 1639 817 1680 bene
851 1638 1110 1681 concinnata
1142 1639 1185 1680 in
1217 1639 1358 1680 lucem
1390 1638 1616 1693 proferant
1631 1639 1660 1681 4.

351 1924 359 1943 ¹
386 1923 459 1957 Ian]
489 1923 545 1957 die
574 1923 627 1957 12.
656 1923 791 1968 Aprilis
820 1923 908 1957 1561
937 1924 1094 1967 Prosper
1120 1924 1164 1957 ab
1193 1926 1287 1957 Areo
1313 1922 1426 1957 Roma
1453 1922 1498 1957 ad
1523 1922 1787 1957 Ferdinandum
1815 1934 1998 1957 caesarem

227 1977 442 2021 scripserat:
474 1976 559 2018 „Doi
587 1989 606 2011 o
632 1979 687 2010 tre
714 1977 830 2019 giorni
857 1988 953 2018 sono,
980 1977 1011 2011 si
1037 1988 1099 2011 era
1117 1976 1299 2022 publicato
1326 1988 1387 2022 per
1407 1976 1520 2010 Roma
1545 1975 1609 2010 che
1629 1975 1662 2011 S.
1682 1976 1822 2011 Santita
1848 1988 1910 2011 era
1934 1988 1998 2022 per

227 2029 305 2064 fare
331 2041 402 2064 una
428 2030 660 2074 sospensione
687 2030 735 2064 dil
763 2030 912 2064 concilio
947 2030 1003 2064 sin
1039 2042 1059 2064 a
1085 2030 1307 2071 Settembre;
1345 2041 1404 2064 ma
1438 2030 1494 2064 sin
1529 2030 1656 2064 adesso
1691 2042 1761 2064 non
1795 2042 1814 2064 e
1848 2029 1998 2064 riuscita

227 2095 315 2117 vera
342 2085 470 2127 questa
495 2083 611 2117 fama“
647 2084 787 2127 (Sici-ez,
813 2083 939 2117 Trient
964 2095 997 2128 p.
1027 2084 1121 2127 189).

348 2137 361 2157 2
388 2136 441 2170 Cf.
477 2148 587 2181 supra
621 2148 654 2181 p.
686 2137 881 2171 154—-155.
933 2136 1123 2182 Philippus
1149 2136 1193 2170 II.
1233 2137 1286 2171 13.
1314 2136 1405 2170 Iunii
1434 2137 1520 2172 1561
1557 2136 1692 2171 bullam
1728 2136 1997 2172 convocationis

229 2190 369 2224 concilii
396 2190 551 2224 admisit.

348 2244 361 2263 ³
386 2243 502 2277 Huius
536 2243 587 2277 rei
624 2243 743 2287 gratia
778 2244 854 2289 ipso
890 2243 956 2278 hoc
994 2254 1086 2277 anno
1115 2243 1203 2277 1561
1240 2255 1260 2277 a
1287 2242 1350 2277 Pio
1376 2243 1437 2278 IV.
1473 2242 1616 2288 magnis
1650 2243 1819 2288 praemiis
1845 2243 1995 2278 Romam

227 2296 365 2331 accitus
392 2298 447 2331 est
473 2296 702 2331 doctissimus
729 2297 785 2331 vir
812 2296 948 2331 Paulus
974 2296 1169 2338 Manutius,
1197 2299 1365 2337 venetus,
1391 2296 1474 2330 Aldi
1500 2296 1669 2338 Manutii,
1696 2296 1873 2342 praeclari
1898 2296 1996 2331 illius

224 2350 444 2394 typographi
471 2352 506 2384 et
533 2351 689 2392 editoris,
717 2350 813 2385 filius
843 2350 1056 2393 (Panvim'us
1081 2350 1104 2384 1.
1132 2362 1160 2384 c.
1194 2362 1226 2395 p.
1255 2350 1335 2384 342.
1384 2351 1704 2394 Laqomarsinius,
1738 2349 1888 2393 Pogiani
1913 2349 1996 2395 Epi·
2066 2352 2074 2386 f

225 2403 340 2436 stolae
367 2403 410 2444 ΙΙ,
438 2403 574 2444 273511.
626 2405 702 2438 Jul.
731 2404 892 2448 Schlick,
928 2403 1043 2437 Aldus
1069 2403 1254 2438 Manutius
1281 2404 1353 2438 und
1378 2404 1477 2437 seine
1503 2403 1758 2447 Zeitgenossen
1792 2403 1828 2437 111
1866 2403 1995 2437 Italien
2068 2412 2075 2428 Λ

224 2457 297 2490 und
324 2456 572 2490 Deutschland
599 2456 736 2500 [Berlin
766 2456 870 2501 1862]
897 2469 930 2502 p.
960 2456 1176 2499 139—148).

344 2511 358 2530 ¹
385 2509 581 2544 Concilium
598 2510 835 2544 tridentinum
860 2511 897 2544 in
922 2510 1082 2545 sessione
1101 2511 1241 2554 quarta,
1270 2509 1324 2544 18.
1343 2509 1479 2555 Aprilis
1499 2510 1589 2544 1546
1612 2509 1746 2551 habita,
1773 2509 1993 2552 decreverat,
2061 2549 2066 2556 ι

224 2564 265 2596 ut
290 2574 394 2597 sacra
421 2562 626 2608 Scriptura,
663 2563 890 2608 potissimum
922 2575 1008 2597 vero
1042 2563 1157 2597 latina
1191 2562 1253 2597 illa
1279 2562 1438 2597 eiusdem
1463 2563 1583 2597 versio
1614 2563 1826 2606 „vulgata“‚
1865 2574 1994 2607 „quam

225 2615 518 2650 emendatissime
537 2616 836 2661 imprimeretur‘.
872 2617 910 2650 Id
930 2616 1024 2661 quod
1050 2616 1186 2661 primus
1213 2618 1363 2651 conatus
1389 2618 1446 2651 est
1470 2618 1656 2661 praestare
1681 2627 1712 2650 a.
1734 2616 1823 2650 1547
1841 2616 1994 2650 Ioannes

225 2668 427 2703 Hentenius
453 2669 495 2704 Ο.
521 2669 590 2711 Ρ1·.,
618 2669 808 2713 theologus
834 2669 1065 2704 lovaniensis.
1101 2669 1153 2704 De
1179 2670 1336 2704 romanis
1362 2671 1483 2704 autem
1508 2669 1607 2704 hisce
1633 2669 1821 2704 conatibus
1838 2670 1994 2704 Latinus

225 2723 395 2756 Latinius
412 2722 526 2757 Roma
544 2723 600 2757 27.
619 2723 743 2757 Martii
763 2724 852 2757 1561
882 2723 927 2758 ad
953 2723 1135 2757 Andream
1161 2723 1317 2757 Masium
1342 2723 1507 2768 scripsit:
1538 2722 1660 2765 „Addo
1688 2750 1695 2756 .
1715 2749 1722 2756 .
1743 2750 1750 2757 .
1777 2722 1993 2757 conductum

224 2775 294 2810 huc
321 2775 474 2810 Paulum
500 2776 723 2818 Manutium,
759 2779 801 2810 vt
825 2787 948 2811 sacros
973 2777 1129 2821 primum
1155 2776 1276 2818 libros,
1307 2776 1434 2810 deinde
1460 2776 1570 2811 etiam
1597 2803 1603 2810 .
1632 2803 1639 2810 .
1667 2804 1674 2810 .
1701 2776 1860 2810 virorum
1886 2775 1992 2810 Sanc-

223 2830 342 2863 torum
369 2828 562 2871 volumina,
590 2830 757 2864 excudat.
792 2829 914 2864 Prima
941 2831 1061 2863 autem
1088 2831 1202 2871 erunt,
1230 2831 1269 2863 vt
1296 2829 1411 2871 audio,
1438 2828 1549 2863 Sacra
1566 2828 1683 2863 Biblia
1701 2828 1839 2869 Latina,
1866 2828 1992 2863 deinde

226 2881 384 2923 Graeca,
420 2883 529 2926 atque
556 2882 600 2916 ad
627 2893 705 2916 eam
731 2894 807 2916 rem
836 2881 1009 2926 [Gabriel]
1037 2882 1197 2916 Faernus
1231 2881 1304 2916 iam
1329 2893 1410 2916 cum
1436 2880 1682 2926 [Guiglielmo]
1709 2880 1838 2915 Sirleto
1863 2881 1992 2916 bonam

225 2933 295 2968 diei
328 2937 468 2979 partem
503 2935 697 2969 incumbit“
730 2934 865 2979 (Latini
892 2935 1024 2969 Latinii
1049 2934 1289 2970 Viterbiensis
1323 2934 1508 2980 Epistolae
1534 2936 1603 2969 etc.
1637 2946 1659 2969 a
1692 2935 1835 2969 Domin.
1862 2935 1991 2978 Maqro

226 2987 382 3021 selectae
408 2987 442 3022 II
468 2987 636 3032 [Viterbii
665 2988 781 3031 1667],
808 2987 977 3032 87—88).
1029 2988 1101 3023 Sub
1127 2988 1222 3022 idem
1251 2990 1393 3033 tempus
1419 2987 1620 3023 cardinales
1645 2987 1825 3029 Moronus,
1852 2986 1990 3028 Scotus,

225 3040 410 3082 Amulius,
436 3040 607 3075 Vitellius
642 3053 663 3075 a
688 3041 752 3075 Pio
778 3041 840 3076 IV.
879 3041 923 3075 ad
957 3041 1068 3076 biblia
1102 3041 1313 3085 corrigenda
1351 3040 1531 3085 designati
1569 3042 1672 3074 erant
1699 3039 1754 3084 (Ο.
1781 3041 1990 3084 Vercellone,

225 3093 483 3128 Dissertazioni
501 3094 761 3129 Accademiche
789 3093 916 3138 [Roma
945 3094 1048 3139 1864]
1076 3107 1109 3140 p.
1136 3095 1286 3130 62—63.
1314 3093 1370 3130 87.
1420 3095 1484 3129 Fr.
1503 3095 1658 3137 Kaulen,
1685 3091 1901 3128 Geschichte
1928 3092 1991 3127 der

225 3145 387 3190 Vulgata
414 3146 547 3191 [Mainz
574 3147 679 3192 1868]
704 3159 739 3192 p.
765 3148 864 3191 441).
