2093 3444
622 172 835 207 Vindobona
863 173 916 208 16.
944 172 1166 218 Septembris
1194 174 1295 208 1561.
1763 180 1846 220 219

73 304 233 341 omnes,
266 292 317 333 vt
338 290 481 332 nullus
514 289 639 344 (haec
672 291 796 344 quasi
820 292 953 333 verba
976 291 1171 345 fuerunt)
1205 291 1398 345 quisquis
1425 292 1558 335 fuerit
1591 293 1711 337 bibat
1743 295 1848 337 foris

72 357 234 409 absque
265 357 394 397 mea1
437 355 650 398 facultate
692 356 784 397 siue
818 355 905 398 sint
943 356 1092 408 amici,
1137 357 1229 399 siue
1270 359 1498 411 parentes,
1543 358 1634 400 siue
1676 359 1748 413 alij
1782 360 1849 402 fa-

71 420 263 463 miliares
296 421 448 474 nostrj.
500 420 544 462 Si
578 423 725 463 autem
759 421 1034 475 contingeret
1066 422 1189 463 uobis
1223 422 1317 464 dari
1350 437 1375 464 a
1404 436 1471 464 me
1495 423 1711 466 facultasa
1743 425 1849 467 foris

71 485 310 541 prandendi
352 486 495 527 nullus
537 485 657 528 bibat
689 486 807 528 aliud
840 501 969 540 quam
1009 501 1179 540 aquam.
1244 487 1474 530 Caeterum
1517 489 1630 530 domi
1671 492 1849 532 nostrae

70 551 215 594 nullus
245 551 367 593 bibat
400 553 477 593 aut
509 551 710 594 comedat
742 554 918 605 praeter
950 552 1176 606 prandium
1222 556 1266 595 et
1300 566 1478 594 coenam
1514 553 1606 595 sine
1639 568 1848 609 expressa

70 630 168 658 mea
200 617 293 658 sola
325 616 539 658 facultate
573 651 581 659 .
616 616 783 660 addidit
817 652 824 659 .
859 618 938 659 sub
971 632 1110 672 poena
1143 617 1474 669 inobedientiae,
1510 618 1545 660 si
1577 619 1671 672 quis
1704 623 1848 662 trans-

71 695 248 736 gressus
281 681 413 724 fuerit
428 682 459 725 2.
492 695 604 735 quae
637 681 808 735 quidem
842 683 978 724 verba
1011 697 1079 724 me
1111 683 1344 737 plurimum
1376 684 1698 737 angustiarum,
1734 686 1848 728 malo

71 746 185 789 enim
217 746 372 788 millies
404 747 514 789 mori
547 761 675 800 quam
704 750 857 789 contra
890 747 1178 790 obedientiam
1213 748 1313 801 quid
1346 763 1491 802 agere.
1535 750 1663 792 Multi
1696 764 1751 792 ex
1782 751 1848 793 his

71 811 216 854 verbis
258 811 462 854 commoti
503 815 604 855 sunt
645 826 700 854 ex
742 812 973 863 fratribus,
1018 815 1062 855 et
1103 827 1187 855 non
1231 813 1402 867 quidem
1436 814 1538 856 mihi
1582 850 1589 857 .
1633 816 1710 857 sed
1752 816 1848 870 alijs

71 877 274 920 dicebant
308 913 316 920 .
351 877 478 919 video
520 878 629 919 bene
671 878 784 931 quod
816 877 885 920 hic
919 878 1118 921 minister
1158 893 1243 920 non
1285 879 1342 922 sit
1383 879 1499 921 aliud
1540 883 1849 934 praeterquam

71 957 223 985 seruus
253 942 431 996 Collegij
465 941 597 996 (quod
630 943 796 985 vtinam
829 943 939 985 bene
972 944 1144 996 essem).
1208 944 1398 999 Jnsuper
1430 945 1631 988 dicebant
1668 981 1676 990 .
1710 946 1848 990 Ante-

72 1022 200 1061 quam
242 1012 437 1063 peterem
469 1023 495 1050 a
528 1008 574 1052 P.
609 1008 796 1050 Rectore
838 1008 939 1062 quid
980 1009 1124 1063 potius
1167 1009 1285 1052 sitim
1328 1024 1378 1052 ac
1419 1010 1580 1052 famem
1617 1011 1762 1066 patiar
1793 1013 1848 1054 ad

72 1076 255 1116 mortem
289 1088 425 1127 usque
459 1109 467 1116 .
502 1074 623 1116 Haec
656 1088 706 1115 eo
740 1073 924 1115 dixerim
956 1089 1042 1116 non
1074 1076 1123 1116 ut
1155 1077 1304 1128 putem
1339 1090 1348 1116 :
1382 1089 1480 1116 eum
1511 1075 1715 1130 ignorare
1748 1077 1849 1130 quid

71 1138 207 1181 faciat
239 1139 311 1192 qui
343 1142 436 1181 tam
476 1139 714 1194 prudenter
746 1139 890 1181 omnia
932 1139 1025 1192 agit
1059 1175 1067 1182 .
1102 1140 1178 1181 sed
1212 1141 1325 1193 quod
1358 1154 1469 1182 nunc
1506 1141 1738 1195 plurimum
1771 1143 1848 1184 du-

70 1203 193 1245 biusb
227 1202 287 1258 [P]
331 1204 412 1246 sim
454 1204 556 1258 quid
588 1204 734 1247 facere
776 1204 957 1246 debeam
991 1240 999 1248 .
1033 1205 1084 1248 R.
1122 1205 1171 1248 V.
1206 1205 1344 1247 uoluit
1385 1208 1433 1248 ut
1475 1221 1620 1248 curem
1660 1221 1713 1249 ne
1747 1208 1848 1261 quid

71 1269 282 1311 fratribus
316 1270 440 1320 desit,
480 1270 549 1312 hic
580 1270 793 1324 prohibet.
857 1270 1046 1313 Jnterim
1079 1270 1239 1313 fratres
1272 1272 1506 1314 turbantur
1539 1274 1583 1314 et
1615 1272 1848 1326 plurimum

71 1334 329 1389 affliguntur
361 1338 405 1378 et
436 1335 566 1378 facile
597 1335 696 1377 hinc
728 1335 891 1389 tentarj
924 1338 1108 1389 possunt
1142 1371 1149 1378 .
1184 1336 1458 1390 potissimum
1492 1351 1572 1390 ego
1605 1337 1686 1380 hoc
1718 1341 1848 1392 pacto

71 1401 224 1443 turbor
263 1400 472 1455 nouisque
516 1400 833 1444 tentationibus
877 1401 1022 1455 agitor
1067 1400 1161 1454 (sed
1202 1402 1347 1455 gratia
1390 1402 1536 1457 diujna
1578 1407 1730 1446 contra
1771 1418 1848 1445 vo-

73 1465 289 1508 cationem
321 1480 555 1520 nunquam,
589 1470 685 1509 tota
716 1481 814 1508 mea
836 1466 1024 1509 tentatio
1058 1469 1125 1509 est
1156 1481 1210 1509 ne
1234 1467 1449 1509 offendam
1471 1468 1610 1510 Deum
1641 1468 1705 1511 ita
1730 1472 1848 1512 trac-

71 1532 205 1574 tando
238 1531 418 1585 fratres)
434 1538 457 1576 ⁰.
523 1531 567 1575 Si
599 1532 712 1574 facio
755 1532 990 1574 secundum
1032 1535 1224 1574 mentem
1258 1532 1562 1576 ‚Reuerentiae
1595 1548 1634 1577 V.
1675 1535 1847 1588 omnjno

72 1596 198 1650 ujdeo
233 1597 347 1651 quod
379 1600 532 1640 contra
564 1598 837 1640 uoluntatem
880 1612 1003 1640 suam
1036 1597 1196 1640 faciam
1229 1601 1306 1640 aut
1339 1600 1457 1640 certe
1498 1613 1584 1641 non
1616 1600 1847 1642 admodum

73 1662 113 1704 ei
143 1663 310 1717 placet,
353 1663 389 1705 si
422 1663 483 1718 illj
527 1664 778 1718 obtempero
822 1699 830 1707 .
874 1664 987 1717 quod
1028 1663 1240 1706 hactenus
1281 1663 1428 1706 facere
1471 1664 1596 1718 debuj
1639 1668 1683 1708 et
1720 1665 1802 1720 fecj
1838 1699 1847 1708 .

72 1727 207 1771 timeo
241 1731 288 1771 ut
322 1729 412 1771 dixi
452 1743 507 1771 ne
538 1729 748 1772 fratribus
791 1729 892 1783 quid
935 1729 1048 1772 desit
1090 1732 1134 1772 et
1166 1728 1337 1771 facilius
1377 1729 1421 1771 in
1452 1730 1740 1773 tentationem
1779 1745 1851 1773 ca-

72 1793 177 1836 dant
211 1829 219 1837 .
254 1794 363 1844 Quid
395 1794 530 1848 igitur
561 1794 720 1837 faciam
742 1794 859 1836 aliud
892 1798 1200 1848 praeterquam
1233 1809 1300 1836 me
1326 1795 1599 1838 submitendo
1633 1796 1851 1839 uoluntati

71 1858 362 1902 Reuerentiae
384 1860 437 1903 V.
463 1862 506 1902 et
534 1860 615 1903 toti
640 1859 914 1902 sanctissime
938 1860 1153 1910 societati,
1188 1859 1354 1903 faciant
1375 1874 1542 1903 mecum
1565 1861 1850 1915 quodcunque

71 1925 245 1974 uolunt;
279 1925 381 1969 licet
412 1940 526 1968 nunc
549 1926 782 1980 plurimum
813 1928 960 1968 tenter
992 1940 1067 1968 001·
1099 1940 1184 1968 11011
1208 1925 1462 1968 studeam3:
1497 1929 1541 1968 et
1574 1927 1660 1969 alia
1693 1927 1850 1969 similia

62 1990 202 2045 (quae
234 1990 409 2033 meraed
441 1994 544 2033 sunt
576 1990 901 2044 ostentationis)
924 1990 1095 2042 faciam,
1130 1991 1205 2033 sed
1229 1991 1373 2044 gratia
1397 1991 1542 2034 diuina
1564 2006 1650 2034 non
1677 1992 1749 2034 diu
1781 2007 1850 2034 me

72 2069 235 2098 uexare
276 2057 419 2100 solent
459 2057 728 2099 tentationes
770 2057 882 2098 tales
926 2056 1158 2110 cogitando
1202 2056 1344 2098 omnia
1386 2070 1481 2099 esse
1522 2058 1698 2100 studere
1740 2072 1851 2111 quae

74 2121 320 2164 obedientia
352 2122 565 2177 praecipit
596 2122 700 2165 licet
733 2122 857 2175 quasi
888 2121 1027 2164 indies
1060 2122 1240 2164 ueniant
1272 2124 1316 2164 et
1354 2136 1661 2176 nonnunquam
1693 2123 1851 2166 fortius

74 2189 119 2229 et
161 2186 345 2240 denique
386 2190 435 2230 vt
479 2190 621 2230 totum
663 2201 736 2229 cor
775 2201 919 2229 meum
963 2187 1268 2230 .Reuerentiae
1308 2187 1360 2230 V.
1397 2187 1590 2242 aperiam
1631 2202 1849 2242 nunquam

73 2254 178 2306 puto
211 2266 279 2294 me
320 2252 383 2294 ita
416 2252 631 2295 afflictum
662 2252 797 2294 fuisse
838 2255 887 2295 ut
919 2267 1043 2295 nunc.
1108 2252 1281 2295 Jdcirco
1315 2267 1422 2307 rogo
1455 2253 1763 2297 Reuerentiam
1796 2255 1849 2297 V.

74 2319 286 2371 tanquam
318 2320 489 2372 patrem
532 2333 674 2361 meum
709 2318 961 2372 primarium
994 2321 1043 2360 vt
1073 2318 1156 2361 hac
1197 2319 1242 2360 in
1282 2333 1329 2361 re
1371 2319 1592 2360 consilium
1629 2319 1732 2360 mihi
1765 2319 1851 2362 det.

76 2382 120 2425 Si
151 2383 410 2437 paciendum
452 2386 519 2426 est
550 2384 607 2426 ι111
648 2383 821 2426 1101111110
863 2383 1099 2426 dulcissimi
1136 2384 1309 2427 JESVS
1351 2384 1637 2427 libentissime
1679 2386 1851 2436 suffero,

76 2462 203 2502 spero
249 2448 363 2490 enim
404 2449 518 2503 quod
563 2449 697 2491 semel
740 2449 959 2492 liberabor
1003 2449 1171 2492 solutus
1216 2449 1268 2491 de
1311 2449 1393 2492 hoc
1437 2463 1619 2504 corpore
1663 2451 1849 2504 putrido.

194 2600 209 2614 ²
237 2596 291 2628 Ab
318 2596 365 2629 H.
391 2597 468 2639 ipso
494 2601 689 2630 correctum
714 2608 758 2630 ex
782 2596 1005 2632 facultatem.

195 2647 211 2669 b
241 2649 297 2681 Vel
321 2648 358 2682 in
385 2648 516 2692 dubio;
542 2651 587 2683 H.
617 2651 688 2693 ipse
713 2652 856 2694 scripsit
881 2650 1048 2685 indubius
1058 2664 1073 2693 ;
1098 2652 1137 2685 id
1163 2653 1257 2695 qnod
1282 2657 1372 2685 certe
1397 2653 1647 2695 corrz'yendmn
1673 2657 1731 2686 est.

199 2707 211 2722 ⁰
236 2701 382 2736 fratres.
417 2707 490 2737 aut.
589 2703 604 2723 ‘¹
629 2714 728 2737 mera
754 2709 827 2738 aut.

200 2839 211 2859 ¹
237 2839 265 2873 I.
293 2850 322 2873 e.
351 2838 536 2873 Victoriae
562 2840 725 2874 rectoris.

200 2893 213 2912 ²
237 2892 407 2927 Fortasse
433 2892 595 2927 Victoria
620 2893 826 2937 significare
858 2893 1023 2935 volebat,
1060 2905 1098 2928 se
1138 2894 1193 2937 „in
1219 2895 1354 2929 virtute
1390 2894 1657 2929 oboedientia&
1687 2895 1766 2928 sive
1797 2892 1854 2935 „vi

78 2945 175 2980 voti“
205 2957 248 2980 ea
273 2945 492 2991 praecipere,
519 2946 570 2980 ita
595 2948 646 2988 ut,
673 2946 734 2990 qui
759 2949 994 2992 praeceptum
1021 2947 1214 2990 violasset,
1252 2959 1322 2982 non
1348 2948 1464 2982 solum
1490 2949 1649 2982 erratum
1676 2946 1854 2991 quoddam

79 2999 292 3044 perfectioni
317 2999 466 3034 virtutis
485 2999 729 3034 oboedientiae
758 3000 978 3034 contrarium
1008 3000 1241 3042 commisisse,
1268 3001 1331 3035 sed
1358 3002 1475 3046 ipsum
1501 3000 1747 3035 oboedientiae
1774 2999 1853 3034 reli-

79 3052 203 3096 giosae
229 3055 353 3087 votum
378 3052 530 3087 laesisse
557 3054 776 3087 censeretur.

128 3159 151 3193 4
189 3106 408 3194 6³5Hollerus
434 3105 638 3140 litterarum
664 3106 785 3141 studia
811 3106 965 3141 nondum
994 3107 1220 3148 absolverat;
1249 3107 1294 3142 cf.
1319 3108 1405 3142 Can.
1424 3107 1514 3153 Epp.
1533 3107 1578 3148 ΙΙ,
1605 3107 1685 3142 596.
1713 3107 1781 3141 643
1808 3107 1853 3141 ad

82 3159 126 3194 64
154 3186 161 3194 .
237 3160 269 3194 9.
