2093 3444
235 210 317 250 748
668 206 823 240 Monuni.
855 205 1080 250 (tridentina)
1111 206 1188 240 367.
1219 206 1291 250 (15.
1318 207 1411 241 Iunii
1439 208 1556 251 1562.)

234 324 432 373 ehae0s1,
461 323 573 376 quod
594 323 728 365 ritus³
747 321 807 377 [P]
833 324 1074 366 contrarius
1098 324 1354 375 mutavitb‘2,
1387 327 1430 367 et
1454 339 1570 367 conc.
1595 326 1998 378 Constantiense‘33

233 402 342 442 quae
375 387 557 430 mutatio
600 388 653 430 ab
687 388 869 430 ecclesia
900 388 993 430 fieri
1032 391 1192 443 potest.
1256 389 1355 431 Fuit
1396 389 1439 430 in
1481 390 1660 444 antiqua
1693 391 1875 433 ecclesia
1907 406 1999 434 mos

234 453 578 495 communicandi
611 454 689 494 sub
722 456 927 506 utraque,
972 456 1016 496 et
1047 455 1095 495 ut
1126 454 1328 508 ipsimetd
1361 458 1601 505 sumerent,
1646 459 1690 498 et
1722 456 1835 498 domi
1868 457 1998 499 etiam

233 521 556 569 conservarent,
590 521 638 560 ut
661 518 902 572 Cyprianus
934 533 1061 561 serm.
1086 519 1137 561 V.
1164 519 1215 560 de
1247 519 1381 573 lapsis
1397 520 1425 570 4,
1461 523 1504 562 et
1536 520 1609 562 alii
1637 521 1761 564 multi
1784 525 1998 573 asserunt,

233 583 308 625 sed
348 584 453 625 sube
494 598 579 625 una
620 583 762 638 specie
796 584 1136 633 conservabant,
1180 584 1328 637 itaque
1360 585 1439 626 sub
1476 588 1682 639 utraque,
1727 588 1771 628 et
1803 587 1881 628 sub
1916 601 1999 629 una

351 747 365 761 ἢ
390 741 514 774 Nescio
535 751 580 773 an
601 740 708 773 Mass.
728 740 880 773 seribere
897 741 1065 774 voluerit:
1090 751 1177 774 usus
1195 741 1245 774 rel
1258 742 1400 784 potins:
1424 752 1529 785 quem
1548 742 1656 776 ritum
1675 753 1772 777 usus.
1813 743 1865 785 Cf.
1884 743 2000 787 infm,

233 795 352 827 adnot.
380 796 402 827 2
429 799 458 826 et
485 796 516 826 3.

352 847 366 867 ¹³
392 848 437 880 In
462 847 641 879 emendato
669 847 823 889 evemplo
848 857 921 880 meo
949 858 997 880 rr.
1026 847 1118 890 quod
1146 847 1238 881 ritus
1265 848 1467 881 contrarius
1485 848 1642 882 mutavit
1659 868 1704 872 —
1724 860 1744 882 α
1769 850 2001 892 ΤΙι.])νον5·ηε

234 902 361 934 omissa
390 920 431 923 —
459 905 539 933 ante
565 902 602 933 et
627 899 697 933 Leo
719 902 838 942 posita
864 904 970 942 seium
1006 912 1093 943 quae
1120 905 1200 934 ante
1230 902 1266 934 et
1301 912 1398 935 conc.
1427 900 1701 936 Constantiense
1729 903 1897 946 ponenda
1932 914 2001 936 esse

234 966 290 988 res
315 956 394 997 ipsa
421 954 570 987 ostendit
580 966 594 995 ,·
619 954 696 987 vide
722 954 835 996 infra,
862 954 944 987 adn.
976 956 994 986 1
1021 958 1051 987 et
1078 957 1108 987 3.

357 1014 367 1027 ⁰
396 1008 637 1050 Supplensdum
663 1008 837 1049 fortasse:
862 1006 896 1040 id
924 1006 1173 1049 confirmavit,·
1199 1008 1275 1041 ride
1301 1009 1414 1051 infra,
1441 1009 1524 1042 adn.
1553 1011 1584 1042 3

353 1061 367 1080 ‘¹
395 1061 549 1104 Supple:
574 1059 657 1093 laici
684 1059 949 1093 eucharistiam.
1050 1066 1061 1080 ⁰
1094 1061 1156 1094 Tle.
1184 1063 1311 1094 omittit
1337 1061 1414 1095 sub.

234 1211 399 1255 scripsit:
431 1209 697 1254 „Comperimus
723 1211 854 1248 autem,
881 1209 975 1253 quod
1001 1209 1146 1254 quidam
1174 1236 1180 1243 .
1210 1237 1216 1244 .
1245 1237 1252 1244 .
1279 1212 1424 1254 sumpta
1450 1212 1591 1244 tantum
1618 1211 1776 1256 corporis
1803 1212 1896 1246 sacri
1922 1223 2000 1256 por-

234 1265 329 1298 tione
356 1275 376 1297 a
403 1263 526 1298 calicis
551 1262 646 1297 sacri
672 1274 797 1297 cruore
824 1262 1038 1297 abstineant.
1075 1263 1141 1305 Qui
1167 1263 1292 1308 procul
1318 1263 1422 1298 dnbio
1450 1264 1616 1308 quoniam
1642 1265 1762 1299 nescio
1789 1277 1860 1309 qua
1878 1277 2000 1310 super·

235 1317 380 1352 stitione
407 1318 578 1351 docentur
605 1316 800 1359 obstringi,
837 1317 899 1350 aut
924 1316 1066 1359 integra
1092 1319 1321 1351 sacramenta
1347 1318 1566 1362 percipiant,
1603 1320 1666 1352 aut
1699 1319 1743 1352 ab
1769 1318 1921 1363 integris
1947 1330 2000 1352 ar·

235 1371 402 1405 ceantur“
445 1371 576 1414 (Andr.
618 1370 735 1413 Thid,
783 1369 965 1414 Epistolae
1007 1370 1247 1404 Romanorum
1282 1370 1496 1405 Pontificum
1532 1371 1547 1405 I
1582 1370 1848 1416 [Brunsbergae
1885 1371 2000 1416 1868],

234 1424 433 1459 451—*452
477 1425 606 1467 Missae,
634 1422 703 1457 ΡΡ.
732 1423 799 1457 LL.
828 1423 927 1464 LIX,
956 1423 1053 1466 141).
1105 1423 1287 1465 Quodnam
1316 1425 1436 1458 autem
1462 1425 1658 1459 Innocentii
1688 1425 1750 1468 (L,
1776 1427 1816 1459 ut
1842 1425 1999 1469 videtur)

234 1479 410 1512 statutum
438 1477 602 1511 Canisius
629 1476 741 1517 dicat,
778 1476 917 1517 nescio;
953 1477 1022 1510 nisi
1053 1477 1146 1511 forte
1173 1477 1217 1511 ad
1252 1477 1345 1511 113110
1381 1490 1455 1511 rem
1490 1478 1625 1512 referre
1661 1478 1794 1520 voluit,
1829 1490 1921 1523 quae
1956 1479 2000 1513 ad

234 1533 356 1576 patres
383 1530 524 1565 concilii
550 1529 751 1564 milevitani
777 1529 821 1564 ab
847 1530 1054 1564 Innocentio
1081 1530 1216 1575 scripta
1243 1542 1322 1564 esse
1348 1542 1456 1576 supra
1483 1543 1516 1576 p.
1545 1532 1634 1565 7447
1659 1531 1795 1566 rettuli.
1833 1532 2000 1566 Fortasse

236 1587 356 1618 autem
382 1583 617 1618 Massarellus
647 1583 916 1625 „Innocentius“
948 1595 1134 1628 perperam
1171 1584 1230 1618 vel
1264 1584 1444 1618 intellexit
1478 1585 1537 1618 vel
1572 1585 1718 1630 scripsit
1752 1597 1815 1630 pro
1846 1585 1996 1627 „Iulius“

236 1638 294 1672 vel
325 1637 456 1680 „Iulius
492 1637 670 1682 primus“;
710 1638 831 1671 exstat
866 1639 961 1671 certe
996 1637 1032 1670 in
1060 1636 1214 1682 Corpore
1240 1639 1340 1671 Iuris
1375 1640 1537 1672 canonici
1565 1638 1633 1680 (De
1668 1650 1824 1673 consecr.
1851 1638 1942 1673 Dist.
1969 1639 2000 1680 2,

233 1703 309 1736 cap.
338 1691 374 1735 7)
402 1691 468 1725 sub
494 1691 636 1724 nomine
662 1692 751 1724 Iulia·
777 1692 805 1724 I.
833 1702 947 1735 papae
977 1690 1197 1734 (337—352)
1226 1691 1409 1724 decretum
1439 1691 1580 1736 (reapse
1616 1694 1670 1726 est
1705 1692 1845 1726 concilii
1879 1692 2001 1726 braca-

232 1744 348 1778 rensis
376 1745 436 1779 IV.
463 1744 529 1778 sub
555 1756 587 1778 a.
615 1744 682 1778 675
710 1744 822 1778 habiti
849 1743 1045 1788 capitulum
1073 1744 1133 1787 2.),
1160 1744 1195 1777 111
1223 1756 1302 1788 quo,
1335 1744 1395 1788 qui
1427 1744 1634 1787 „intinctam
1662 1745 1916 1780 eucharistiam
1941 1757 2000 1790 po-

232 1798 328 1843 pulis
359 1810 422 1843 pro
459 1798 718 1842 complemento
754 1798 1012 1831 communionis
1048 1797 1269 1842 porrigunt“‚
1309 1798 1578 1842 vituperantur,
1618 1799 1710 1842 quod
1749 1799 1785 1832 in
1812 1799 2000 1842 evangelio

237 1863 417 1894 „seorsum
444 1851 557 1897 panis,
589 1853 625 1885 et
650 1863 811 1885 seorsum
839 1851 961 1885 calicis
987 1852 1248 1886 commendatio
1274 1853 1508 1886 memoretu1·“
1541 1852 1687 1896 (Mz'yne,
1714 1852 1784 1886 ΡΡ.
1809 1852 1876 1887 LL.
1903 1852 2000 1894 VIII,

233 1905 451 1949 969—970).
504 1904 609 1938 Certe
646 1906 832 1938 Martinus
873 1905 1091 1938 Chemm'tins
1133 1905 1169 1938 in
1215 1904 1412 1946 „Examine
1456 1905 1605 1939 Concilii
1647 1905 1865 1939 Tridentini“
1912 1905 2000 1940 haec

237 1959 335 2001 „Iulii
363 1959 409 1993 I.“
442 1958 551 1993 verba
577 1969 648 1991 una
674 1970 754 1991 cum
783 1957 918 1992 Gelasii
944 1958 970 1992 I.
998 1960 1034 1992 et
1060 1958 1189 1993 Leonis
1215 1958 1262 1999 1.,
1299 1970 1388 2003 quos
1416 1957 1579 1992 Canisius
1606 1958 1665 1993 hic
1691 1961 1885 2001 memorat,
1911 1959 1999 1993 locis

232 2012 277 2046 ad
303 2012 586 2046 communionem
612 2011 678 2045 sub
704 2013 856 2056 utraque
883 2011 1001 2056 specie
1029 2011 1289 2046 defendendam
1315 2012 1452 2057 profert
1480 2011 1668 2055 (Examen,
1700 2012 1753 2046 ed.
1776 2014 1843 2047 Ed.
1870 2013 2000 2047 Preuss

235 2065 406 2109 [Berolini
435 2064 551 2109 1861],
579 2077 611 2109 p.
639 2064 737 2108 349).

352 2119 362 2139 1
399 2120 470 2152 Leo
513 2120 668 2162 Magynns
710 2118 746 2152 in
791 2129 954 2152 sermone
997 2118 1059 2153 IV.
1105 2118 1148 2152 de
1192 2118 1476 2162 Quadragesima
1520 2118 1641 2153 habito
1680 2119 1723 2153 de
1757 2119 1999 2154 Manichaeis:

237 2171 380 2214 7,(311111“,
415 2172 550 2216 inquit,
590 2172 653 2214 „ad
679 2171 871 2216 tegendam
898 2171 1148 2206 infidelitatem
1174 2183 1277 2206 suam
1303 2172 1436 2206 nostris
1463 2172 1618 2206 audeant
1643 2171 1818 2207 interesse
1848 2184 1999 2207 conven-

230 2225 327 2260 tibus
355 2225 440 2269 [cel.-
464 2224 673 2270 mysteriis]‚
702 2225 752 2259 ita
778 2225 814 2258 in
839 2227 1146 2259 sacramentorum
1173 2225 1421 2259 communione
1447 2237 1485 2259 se
1511 2227 1724 2270 temperant,
1750 2227 1791 2259 ut
1808 2226 1998 2268 interdum,

230 2290 274 2312 ne
301 2279 444 2323 penitus
470 2279 583 2313 latere
608 2291 679 2313 non
704 2278 854 2323 possint,
882 2290 941 2312 ore
967 2278 1113 2322 indigno
1132 2278 1266 2313 Christi
1285 2290 1413 2323 corpus
1432 2278 1621 2323 accipiant,
1648 2279 1859 2322 sanguinem
1878 2284 1999 2314 autem

231 2332 485 2377 redemptionis
511 2334 655 2366 nostrae
681 2332 825 2366 haurire
852 2331 993 2366 omnino
1021 2332 1211 2366 declinent.
1263 2330 1363 2373 Quod
1397 2331 1476 2365 ideo
1511 2334 1655 2366 vestrae
1689 2334 1811 2366 notum
1847 2333 1998 2367 facimus

231 2385 435 2427 sanctitati,
470 2387 511 2419 ut
535 2385 636 2420 vobis
662 2385 909 2430 hujuscemodi
934 2385 1096 2419 homines
1123 2388 1160 2419 et
1184 2385 1241 2419 his
1274 2385 1551 2419 manifestentur
1585 2385 1744 2426 indiciis,
1779 2387 1816 2419 et
1849 2397 1999 2430 quorum

231 2439 454 2483 deprehensa
479 2439 588 2473 fuerit
614 2438 792 2482 sacrilega
818 2438 1019 2480 simulatio,
1059 2450 1079 2473 a
1106 2440 1312 2473 sanctorum
1338 2438 1511 2472 societate
1537 2438 1750 2473 sacerdotali
1784 2439 1999 2474 auctoritate

231 2492 454 2537 pellantur“:
483 2491 605 2526 Sermo
631 2492 739 2533 XLII,
768 2492 858 2526 alias
884 2491 973 2534 XLI,
1001 2504 1031 2526 c.
1058 2492 1078 2526 5
1108 2492 1256 2536 (Migme,
1282 2491 1352 2526 ΡΡ.
1380 2491 1448 2526 LL.
1477 2492 1566 2534 LIV,
1594 2492 1812 2536 279—280).

351 2545 365 2565 2
391 2545 676 2587 Consuetudine,
712 2557 780 2579 non
808 2545 944 2590 scripta
970 2545 1050 2588 lege
1077 2545 1361 2579 communionem
1387 2545 1452 2579 sub
1479 2557 1550 2579 una
1585 2545 1704 2590 specie
1738 2545 1774 2579 in
1809 2545 1999 2580 ecclesiam

231 2599 415 2633 inductam
441 2611 521 2633 esse
546 2599 683 2633 fatetur
709 2598 818 2632 etiam
844 2599 912 2632 Iul.
942 2599 1083 2642 Smend,
1109 2598 1312 2642 theologiae
1338 2598 1617 2643 protestantium
1644 2598 1842 2643 professor:
1869 2598 1998 2633 Kelch-

231 2664 441 2696 versagung
466 2652 537 2686 und
564 2652 871 2697 Kelchspendung
897 2651 932 2685 in
960 2652 1022 2685 der
1048 2651 1375 2686 abendlandischen
1401 2651 1534 2686 Kirche
1555 2651 1892 2696 (Gottingen1898)
1913 2663 1945 2696 p.
1965 2652 1997 2686 5.

352 2707 365 2726 s
394 2707 591 2739 Concilium
617 2707 871 2739 constantiense
896 2705 932 2738 in
958 2705 1117 2739 sessione
1140 2705 1248 2746 XIIL,
1279 2706 1331 2739 15.
1350 2704 1443 2739 Iunii
1464 2705 1553 2739 1415
1579 2704 1714 2746 habita,
1740 2705 1997 2749 pronuntiavit,

236 2759 569 2800 ,consuetudinem
601 2770 680 2793 esse
712 2757 992 2801 „rationabiliter
1018 2758 1293 2799 introductam“,
1332 2758 1426 2802 quod
1461 2760 1725 2792 sacramentum
1760 2757 1998 2792 eucharistiae

237 2823 277 2853 „a
302 2812 404 2846 laicis
428 2812 676 2846 tantummodo
702 2812 769 2846 sub
796 2811 914 2856 specie
940 2811 1044 2856 panis
1070 2811 1351 2857 susciperetur“,
1388 2822 1537 2855 eamque
1576 2810 1796 2854 „habendam
1822 2823 1901 2846 esse
1934 2823 1998 2857 pro

233 2865 332 2908 leg&
365 2865 504 2909 (Menesi
528 2865 550 2900 1.
578 2877 608 2899 c.
635 2865 783 2907 XXVII,
812 2865 910 2908 727).

351 2920 364 2939 4
395 2918 504 2961 „Cum
530 2919 706 2962 quaedam
732 2929 852 2952 arcam
878 2929 980 2952 3113111
1006 2917 1042 2951 111
1069 2928 1139 2962 qua
1164 2917 1307 2952 Domini
1333 2918 1497 2951 sanctum
1525 2916 1595 2951 fuit
1619 2916 1784 2951 manibus
1818 2917 1998 2952 inmundis

232 2973 449 3015 temptasset
474 2972 631 3016 aperire,
663 2972 746 3015 igne
772 2971 853 3005 inde
879 2972 1051 3014 surgente
1079 2971 1250 3005 deterrita
1278 2972 1333 3005 est
1357 2982 1402 3004 ne
1429 2970 1577 3004 auderet
1602 2970 1788 3013 adtingere
1808 2997 1815 3004 .
1843 2972 1879 3004 et
1905 2970 1998 3005 alius

234 3024 294 3067 qui
320 3026 356 3058 et
380 3024 457 3069 ipse
483 3024 686 3058 maculatus
711 3024 886 3058 sacrificio
913 3035 934 3058 a
959 3024 1146 3058 sacerdote
1173 3024 1354 3058 celebrato
1381 3025 1520 3068 partem
1547 3034 1627 3057 cum
1653 3023 1782 3057 ceteris
1807 3034 1916 3057 ausus
1942 3025 1998 3057 est

234 3075 389 3110 latenter
413 3077 595 3122 accipere,
631 3080 795 3112 sanctum
821 3076 963 3111 Domini
989 3077 1093 3111 edere
1120 3079 1156 3111 et
1182 3079 1403 3111 contrectare
1438 3088 1508 3110 non
1544 3075 1678 3121 potuit,
1715 3077 1866 3110 cinerem
1903 3076 1996 3110 ferre

235 3139 273 3162 se
299 3130 433 3173 apertis
458 3130 622 3164 manibus
648 3130 828 3164 invenit“:
859 3131 1073 3174 Cyprianus,
1099 3129 1152 3164 De
1178 3130 1290 3175 lapsis
1317 3141 1345 3164 c.
1374 3130 1418 3164 26
1449 3129 1582 3174 (Opera
1610 3127 1677 3172 [ed.
1698 3128 1837 3173 Har-tel]
1863 3129 1888 3171 I,
1916 3129 1995 3164 256.

236 3182 365 3225 Miyne,
392 3181 461 3216 ΡΡ.
489 3183 557 3217 LL.
583 3183 643 3224 IV,
672 3183 887 3226 500—501).
