2093 3444
241 179 321 214 678.
359 177 524 213 Canisius
550 177 734 222 Alphonso
762 176 973 211 Sahneroni.
1011 177 1105 221 Aug.
1131 176 1237 211 Vind.
1265 176 1321 211 25.
1348 176 1485 221 Aprilis
1514 177 1614 211 1562.
1730 179 1814 219 415

41 300 121 340 fiee
163 297 372 347 mittitur,
412 296 466 338 ad
509 310 587 336 nos
628 295 749 337 breui
783 298 992 338 uenturus
1033 295 1255 346 uideatur,
1301 296 1378 337 aut
1410 295 1567 336 saltem
1600 295 1691 336 eius
1723 295 1817 337 1000

41 364 88 407 P.
114 361 444 405 Commissarius
467 362 518 403 D.
542 360 717 402 Natalis
735 362 762 412 1,
797 361 964 402 Horum
998 361 1233 402 aduentum
1255 360 1443 402 libenter
1475 361 1816 414 expectabimus,

0 437 1 452 ¹
41 429 293 484 priusquam
327 427 382 469 ad
404 425 597 478 Collegia
619 425 838 467 uisitanda
860 425 1031 468 initium
1062 426 1152 473 fiat,
1188 425 1299 467 sicut
1321 425 1371 467 R.
1397 425 1444 467 T.
1469 428 1629 467 monet.
1675 425 1818 467 OEni-

42 496 222 548 pontum
255 507 358 534 uero
391 491 541 533 statim
573 490 794 543 ingrediar
824 491 931 540 iter,
970 494 1018 533 ut
1051 505 1161 544 quae
1194 490 1248 532 ad
1281 490 1519 543 Collegium
1552 492 1596 532 et
1628 490 1819 533 studium

42 559 129 601 illic
175 557 464 600 inchoandum
512 558 735 610 spectant;
790 556 951 598 rectius
998 556 1285 598 instituantur
1332 555 1515 597 Domino
1570 555 1818 598 adiuuante.

45 623 202 667 Scribit
233 623 390 666 iterum
425 621 695 663 Cardinalis2
736 623 785 662 ut
827 635 882 662 ex
916 620 1173 674 OEniponto
1211 623 1508 663 transcurram
1541 620 1819 662 Tridentum:

43 689 299 744 Expectabo
333 690 479 730 autem
501 701 756 741 responsum
778 686 829 730 R.
853 686 900 728 T.
926 700 1055 738 quam
1079 686 1231 727 eadem
1254 686 1307 727 de
1332 699 1379 727 re
1401 685 1599 739 proxime
1632 685 1776 738 monuj
1791 686 1820 728 3.

45 755 297 798 Statueram
329 754 380 795 D.
404 753 629 806 Lanoyum
663 765 749 793 una
782 765 950 793 mecum
975 750 1276 805 OEnipontum
1310 751 1538 801 adducere,
1573 751 1648 792 sed
1681 750 1823 804 coepit

44 821 81 862 is
114 834 169 862 ex
201 819 393 861 febribus
425 818 638 867 laborare,
673 819 722 859 ut
754 830 840 858 non
872 816 1002 858 liceat
1034 816 1155 857 illum
1188 830 1214 857 a
1246 815 1436 869 Collegio
1470 830 1547 857 suo
1579 830 1819 858 remouere.

45 884 405 927 Commendamus
428 883 519 925 eius
541 882 835 924 ualetudinem
853 881 904 923 R.
923 882 970 924 T.
996 884 1255 935 patrumque
1279 881 1460 923 aliorum
1485 880 1821 935 precationibus.

164 950 226 992 Vt
257 949 454 1004 proxime
487 947 750 1000 significauj,
785 947 832 988 P.
867 946 1180 995 Valentinus4,
1215 946 1287 999 qui
1319 961 1432 988 nunc
1464 946 1695 988 Rectorem
1729 947 1822 999 agit

47 1015 316 1070 OEniponti‚
350 1029 436 1056 non
467 1013 577 1055 satis
609 1015 738 1067 aptus
770 1011 944 1054 uidetur
975 1011 1037 1053 illi
1064 1011 1243 1065 munerj.
1287 1010 1449 1065 Accepi
1483 1011 1636 1053 deinde
1669 1011 1821 1054 literas

47 1081 389 1135 OEnipontanas
401 1085 428 1130 ὃ,
465 1078 618 1132 quibus
651 1091 830 1119 moneor
861 1077 1019 1119 iterum
1053 1077 1107 1119 ad
1138 1077 1249 1119 hanc
1281 1076 1551 1120 Prouintiam
1582 1077 1703 1119 illum
1736 1091 1823 1118 non

46 1147 155 1189 50115
189 1146 417 1198 quadrare.
460 1144 585 1186 Vnde
619 1142 783 1196 cogitet
815 1157 975 1196 quaeso
1008 1142 1058 1185 R.
1089 1143 1136 1185 T.
1170 1145 1214 1184 et
1245 1144 1417 1184 mature
1449 1145 1620 1185 statuat
1652 1142 1704 1183 de
1738 1142 1822 1184 alio

46 1211 312 1254 instituendo
355 1209 654 1262 mittendoque
687 1208 896 1259 Rectore,
939 1222 1065 1261 quem
1106 1207 1181 1249 uix
1222 1221 1406 1260 usquam
1447 1207 1491 1248 in
1533 1207 1630 1262 alijs
1662 1207 1824 1250 nostris

47 1277 251 1330 Collegijs
282 1274 539 1318 industrium
564 1273 704 1327 magis
738 1276 869 1326 atque
892 1275 1115 1315 uersatum
1148 1287 1243 1314 esse
1266 1273 1496 1326 oportebat
1528 1287 1657 1325 quam
1682 1272 1825 1314 OEni-

48 1343 169 1397 pontj
213 1341 326 1396 apud
366 1340 624 1395 praecipuos
666 1339 865 1381 Caesaris
907 1338 1225 1392 magistratus5
1267 1341 1310 1380 et
1352 1338 1404 1379 ob
1446 1337 1591 1379 uarias
1632 1338 1826 1380 rationes

47 1407 163 1450 illius
186 1406 379 1461 Collegij,
414 1405 527 1459 quod
559 1419 800 1460 permagna
831 1404 955 1446 nobis
987 1404 1029 1445 in
1061 1403 1232 1445 domino
1255 1402 1496 1457 pollicetur,
1530 1402 1824 1457 promouendi.

49 1473 119 1515 Ex
150 1472 231 1514 hac
264 1471 436 1525 quidem
458 1470 688 1512 Prouincia
721 1472 769 1512 ut
801 1469 967 1524 scripsi,
1003 1469 1107 1511 dare
1134 1469 1298 1510 nullum
1322 1468 1552 1511 Rectorem
1584 1483 1826 1522 possumus.

50 1538 108 1580 Et
156 1537 360 1591 expediet
406 1536 616 1587 fortasse,
666 1538 715 1578 ut
762 1535 913 1578 statim
961 1535 1015 1576 ab
1062 1535 1143 1576 hoc
1187 1548 1364 1575 munere
1411 1536 1640 1575 moueatur
1688 1533 1828 1576 dictus

50 1603 98 1648 P.
132 1602 414 1652 Valentinus,
459 1601 636 1654 eiusque
668 1601 762 1642 1000
806 1600 860 1642 ad
892 1603 1065 1654 tempus
1098 1591 1411 1649 substituatur,
1455 1598 1527 1652 qui
1568 1601 1670 1641 ante
1708 1599 1828 1641 illum

52 1671 97 1711 et
128 1671 228 1723 post
260 1670 445 1710 mortem
467 1667 514 1709 P.
539 1666 680 1709 Caroli
697 1667 713 1693 6
744 1680 815 1708 105
847 1665 962 1707 111105
984 1665 1162 1718 Collegij
1187 1664 1449 1717 gubernauit
1470 1664 1517 1706 P.
1541 1664 1829 1707 Laurentius7

51 1734 155 1776 licet
184 1733 271 1776 iam
306 1732 560 1786 designatus
593 1735 637 1775 et
659 1730 931 1774 necessarius
954 1730 1153 1773 Minister
1175 1729 1406 1783 Monachij,
1440 1730 1604 1771 Verum
1637 1733 1685 1772 ut
1715 1729 1830 1772 idem

53 1799 215 1842 Rector
247 1801 424 1841 maneat
447 1797 803 1852 OEnipontanus,
837 1796 975 1839 multa
1007 1795 1260 1850 impediunt,
1296 1796 1409 1849 quod
1436 1795 1492 1838 sit
1524 1795 1829 1849 scrupulosior,

53 1864 319 1919 perexiguae
352 1863 588 1914 doctrinae,
622 1877 762 1916 neque
795 1876 1000 1915 magnam
1031 1875 1137 1916 prae
1170 1875 1217 1902 se
1248 1861 1394 1902 ferens
1425 1860 1752 1911 authoritatem,
1787 1863 1832 1903 et

52 1930 180 1984 primi
210 1929 311 1971 anni
333 1928 537 1971 sacerdos
559 1953 616 1957 -—
640 1928 712 1982 qui
734 1930 963 1982 praeterea
985 1941 1071 1968 non
1092 1927 1278 1968 libenter
1299 1925 1387 1968 illic
1410 1925 1641 1976 detinetur,
1674 1926 1738 1968 ho
1752 1941 1793 1967 m
1807 1940 1830 1967 o

54 1995 293 2050 simplex
334 1997 387 2037 et
427 1994 671 2044 1001058,
712 1993 783 2047 qui
816 1995 860 2034 et
891 1992 984 2046 ipse
1017 1992 1203 2034 Rectore
1236 1994 1365 2045 egeat
1399 2026 1406 2034 .
1441 2005 1666 2046 speramus
1697 1991 1832 2045 igitur

53 2057 170 2112 fore,
212 2063 261 2103 ut
293 2060 344 2103 R.
379 2060 426 2102 T.
459 2059 754 2102 necessariam
795 2057 918 2100 nobis
960 2057 1133 2100 adferat
1173 2056 1535 2108 consolationem,
1579 2056 1614 2098 51
1646 2057 1830 2098 001111105

54 2125 290 2180 primordia
331 2124 510 2179 Collegij
551 2124 679 2167 huius
720 2124 802 2167 rite
845 2123 1098 2174 succedere,
1142 2125 1185 2165 et
1226 2121 1436 2165 fratribus
1477 2122 1638 2165 nostris
1679 2136 1829 2175 quem-

56 2191 288 2233 admodum
319 2205 400 2245 par
432 2194 499 2234 est
533 2190 772 2240 consulere,
807 2188 878 2242 qui
900 2188 1084 2230 solidum
1115 2187 1312 2242 profecto
1346 2189 1490 2242 caput,
1525 2190 1569 2230 et
1598 2187 1830 2230 Rectorem

56 2256 214 2310 agendi
260 2255 448 2311 peritum
491 2255 731 2309 requirunt.
804 2254 960 2296 Posset
1007 2256 1156 2295 autem
1199 2253 1246 2296 P.
1287 2253 1549 2295 Valentinus
1593 2252 1708 2295 mitti
1755 2254 1832 2294 aut

56 2321 333 2364 Monachium
366 2323 442 2363 aut
474 2321 685 2375 Pragam,
729 2322 805 2362 aut
837 2319 969 2361 etiam
1003 2318 1291 2372 Tyrnauiam,
1335 2318 1448 2361 sicut
1488 2321 1660 2372 tempus
1691 2318 1832 2372 ipsum

58 2386 251 2438 docebit,
295 2386 553 2441 praesertim
593 2386 638 2428 in
676 2384 874 2440 proxima
915 2383 1181 2426 uisitatione.
1229 2383 1505 2426 -Judicarunt
1536 2383 1692 2426 Patres
1725 2384 1835 2425 Con-

58 2452 246 2495 sultores
267 2451 545 2506 Jngolstadij‚
578 2451 727 2505 magni
759 2450 937 2500 referre,
972 2451 1020 2492 ut
1052 2449 1104 2491 de
1132 2449 1214 2491 1100
1245 2463 1358 2491 0000
1380 2449 1569 2491 Rectore
1602 2448 1835 2490 scriberem

59 2519 104 2560 et
135 2531 308 2571 agerem
354 2516 585 2571 diligenter
620 2553 628 2560 .
663 2515 821 2558 obnixe
862 2529 1068 2568 rogamus
1099 2514 1150 2558 R.
1186 2515 1233 2558 Τ.
1267 2518 1315 2558 01
1355 2515 1469 2556 hanc
1509 2528 1686 2557 causam
1719 2513 1838 2556 cordi

58 2583 220 2625 habeat
253 2617 261 2626 .
295 2583 360 2624 De
382 2582 480 2636 alijs
502 2582 700 2637 proxime
733 2581 919 2622 scribam
942 2594 998 2622 ex
1030 2579 1301 2635 OEniponto,
1335 2580 1372 2622 51
1394 2580 1604 2622 Dominus
1634 2579 1834 2621 uoluerit.

61 2648 122 2691 Vt
154 2651 299 2690 autem
331 2648 383 2690 D.
414 2648 738 2702 Wolfgangus9
770 2646 959 2699 Pragam
991 2645 1298 2696 transferatur,
1332 2659 1380 2687 re
1412 2646 1573 2688 collata
1606 2659 1701 2687 cum
1735 2658 1837 2686 con-

61 2713 296 2756 sultoribus
329 2712 591 2766 diligentius,
625 2726 710 2753 non
743 2710 850 2753 satis
883 2710 1128 2753 consultum
1160 2710 1347 2753 uidetur.

181 2841 195 2855 ³
221 2833 492 2879 Oenipontanos
518 2835 562 2868 A.

185 2953 194 2973 ¹
222 2952 315 2986 Vide
341 2962 450 2996 supra
476 2962 509 2995 p.
536 2950 640 2984 412¹.

185 3006 198 3026 2
223 3005 377 3046 Hosius;
404 3004 473 3038 hae
498 3003 643 3037 litterae
668 3001 741 3036 iam
766 3013 836 3036 non
862 3001 1031 3036 videntur
1057 3003 1213 3036 exstare.

186 3059 199 3079 ³
224 3058 303 3093 Hae
329 3068 470 3102 quoque
495 3056 640 3090 litterae
666 3054 803 3100 perisse
828 3054 1016 3096 videntum
1043 3055 1086 3089 de
1113 3054 1243 3099 quibus
1269 3065 1304 3087 v.
1330 3052 1426 3086 infra
1451 3064 1485 3097 p.
1509 3051 1590 3086 418.
1690 3053 1702 3071 ‘¹
1729 3051 1838 3097 Voyt.

187 3113 199 3131 ⁵
224 3111 331 3156 Apud
357 3110 526 3145 Austriae
552 3107 747 3153 superioris
777 3108 976 3152 „regimen“
1007 3109 1044 3142 et
1073 3108 1307 3151 „eameram“.

187 3166 199 3185 ⁶
227 3164 337 3199 Grim.
462 3164 474 3184 ⁷
500 3161 770 3196 Hermanutius.
882 3162 895 3182 ⁸
921 3161 989 3196 Job
1018 3162 1047 3204 1,
1075 3161 1108 3196 8.
1219 3161 1232 3181 ⁹
1259 3159 1424 3203 Georgii;
1452 3159 1536 3193 vide
1560 3170 1672 3204 supra
1696 3170 1730 3204 p.
1757 3159 1837 3194 405.
