2093 3444
227 160 279 199 16
364 156 442 189 506.
481 154 646 188 Canisins
672 154 720 187 Io.
748 154 791 187 de
817 153 989 187 Victoria.
1041 152 1135 195 Aug.
1155 151 1296 186 Vindel.
1323 151 1441 186 medio
1467 152 1543 186 fere
1569 163 1615 186 m.
1643 152 1717 186 Ian.
1747 152 1850 187 1561.

223 275 421 323 offerunt,
457 275 501 314 et
532 272 647 313 inter
679 285 754 312 eos
786 270 896 312 duae
930 269 1158 312 Comitisse
1190 271 1470 323 praestantes
1503 283 1611 322 quas
1644 269 1764 311 breui
1798 269 1866 324 (vt
1897 285 1996 324 spe-

220 337 385 391 ramus)
430 337 600 379 Christo
646 339 690 378 et
734 335 958 377 Ecclesiae
1008 334 1289 377 restituemus
1303 336 1331 376 1.
1405 334 1651 376 Monachii⁸
1695 349 1853 389 magno
1898 350 1994 378 cum

221 404 366 446 fructu
398 402 535 444 nostri
568 403 813 450 versantur,
847 403 897 442 vt-
929 414 984 442 ex
1017 399 1155 442 literis
1188 399 1359 441 illorum
1382 400 1431 441 fit
1457 400 1743 454 perspicuum.
1788 400 1856 442 Ex
1887 401 1995 444 vrbe

221 469 417 510 scribunt
448 471 498 510 vt
529 481 600 508 res
632 466 783 509 fratris
817 466 902 508 cito
946 465 1238 519 expediendas
1278 464 1322 505 in
1354 464 1499 518 patria
1532 479 1742 516 curemus,
1785 480 1840 507 ne
1873 465 1995 508 diffe-

221 537 343 576 ratur
375 533 490 575 illius
522 532 788 587 professio2‚
833 545 917 584 qua
950 531 993 572 in
1035 544 1081 571 re
1123 530 1354 584 plurimum
1399 533 1545 583 potest
1582 530 1633 572 D.
1667 530 1882 572 Henricus
1927 531 1995 573 cui

220 613 359 640 nouae
392 597 676 652 promotionis
710 596 816 649 egob
851 594 911 650 [P]
947 596 1074 637 valde
1119 595 1318 648 gratulor
1333 596 1361 637 3.
1426 595 1592 637 Deinde
1623 598 1802 638 monent
1834 597 1887 638 de
1917 610 1993 650 pe-

220 663 346 705 cunia
379 663 415 704 si
459 677 540 716 que
584 662 712 704 isthic
756 661 939 703 collecta
971 661 1025 703 sit
1061 661 1105 703 P.
1140 660 1351 702 Martini*
1395 660 1590 711 nomine,
1635 663 1685 702 vt
1716 664 1887 703 mature
1918 661 1994 704 illa

221 742 390 781 quoque
423 728 624 770 mittatur
656 727 697 768 in
732 727 896 776 vrbem,
931 727 984 767 ob
1017 740 1197 779 grauem
1230 739 1340 779 quae
1363 728 1537 767 nostros
1568 726 1695 767 modo
1727 726 1886 780 premit
1917 740 1993 769 ne-

221 794 527 841 cessitatem5,
574 795 807 845 Vtrumque
852 791 1075 844 negotium
1121 794 1378 845 promoueat
1422 804 1582 844 quaeso
1625 790 1675 833 R.
1710 791 1781 841 Τ..
1829 795 1872 834 et
1915 806 1993 846 pro

218 858 342 900 nobis
384 861 477 900 oret
511 859 649 900 Deum
692 858 863 907 sedulo,
912 858 948 898 is
981 857 1168 909 gratiam
1211 856 1334 898 nobis
1376 870 1498 898 suam
1540 858 1590 899 vt
1629 856 1712 910 ipsi
1753 871 1856 898 vere
1896 857 1992 911 pla-

220 938 415 973 ceamus,
455 927 498 966 et
531 923 572 965 in
606 926 803 977 tempore
836 926 986 965 sancte
1019 922 1254 964 moriamur
1287 921 1483 963 conferre
1517 921 1733 975 dignetur.
1798 922 1992 965 Salutem

220 1003 274 1031 ex
315 1003 383 1031 me
425 988 622 1042 patribus
664 991 707 1030 et
748 987 959 1030 fratribus
1005 987 1201 1029 omnibus
1243 986 1324 1028 dici
1358 987 1501 1029 velim.
1566 988 1792 1040 Augustae
1829 989 1881 1028 14
1913 988 1991 1030 Ja-

219 1055 359 1109 nuarij
397 1056 522 1096 1561.

1020 1132 1172 1160 seruus
1204 1117 1246 1158 in
1280 1117 1449 1159 Christo
1484 1117 1576 1160 Pet.
1611 1116 1806 1159 Canisius

912 1183 983 1236 qui
1016 1197 1062 1225 se
1094 1183 1291 1237 pat-ribus
1324 1186 1367 1225 et
1400 1182 1609 1225 fratribus
1642 1183 1928 1226 commendat.

339 1273 466 1307 Kosscl
495 1272 637 1307 Canisio
664 1272 849 1317 rescripsit
879 1273 931 1306 10.
959 1271 1145 1305 Februarii
1175 1271 1276 1305 1561.

1038 1412 1168 1453 506.

952 1517 1249 1565 CANISIUS

563 1622 626 1663 P.
660 1621 920 1665 IOANNI
952 1620 1050 1662 DE
1084 1619 1442 1663 VICTORIA
1477 1621 1532 1664 S.
1565 1621 1641 1674 J.9

796 1708 939 1751 collegii
965 1707 1242 1742 vindobonensis
1268 1707 1409 1742 rectori.

528 1801 696 1848 Augusta.
723 1800 997 1837 Vindelicornm
1022 1799 1140 1837 medio
1167 1799 1246 1836 fere
1272 1811 1317 1836 m.
1345 1800 1516 1837 Ianuario
1543 1810 1576 1836 a.
1602 1800 1688 1837 1561.

316 1887 371 1921 Ex
399 1888 574 1920 Victoriae
600 1885 754 1931 epistula
782 1885 1017 1930 autographa.
1062 1884 1146 1919 Cod.
1178 1884 1239 1927 „G.
1267 1885 1331 1930 Ep.
1358 1885 1410 1918 H“
1442 1884 1465 1918 f.
1495 1884 1549 1918 7¹’.

338 1972 519 2012 Victoria
555 1971 724 2022 Lainio,
759 1970 1006 2011 Vindobona
1037 1972 1107 2011 :2:3.
1142 1969 1344 2010 Ianuarii
1376 1971 1516 2010 1561:
1562 1968 1651 2018 „Mi
1683 1969 1739 2009 Ιῑα
1770 1969 1924 2023 scripto
1958 1970 1986 2010 il

220 2037 365 2078 Padrc
399 2037 669 2077 Prouinciale
700 2036 771 2077 che
811 2049 909 2076 sono
947 2036 1021 2089 qia.
1062 2035 1258 2075 mandati
1289 2035 1320 2075 li
1351 2036 1439 2076 400
1480 2034 1623 2075 (Incerti
1657 2033 1947 2088 cl’Auyusta.“
1970 2033 1986 2061 6

337 2200 351 2214 ²¹
378 2196 432 2228 lta
459 2196 560 2227 etistm
588 2194 634 2227 II.
663 2194 818 2227 correan'f
845 2204 887 2225 ear
912 2190 1090 2231 Monachi,
1117 2192 1211 2235 quod
1230 2193 1352 2234 posuit
1377 2192 1422 2224 K.

338 2248 353 2268 b
382 2249 440 2281 Sic
464 2248 508 2281 K.
521 2261 533 2289 ;
558 2248 618 2281 sed
645 2247 810 2280 Canisins
834 2247 1015 2289 scripsisse
1040 2246 1179 2278 videtur
1204 2249 1267 2277 aut
1292 2255 1421 2278 nouam
1447 2243 1706 2289 promotionem
1732 2255 1810 2288 ego,
1837 2248 1900 2278 aut
1926 2245 1985 2286 (id

219 2302 312 2346 quod
338 2302 425 2334 mihi
451 2302 562 2343 maqis
581 2300 781 2344 probatur)
808 2311 924 2333 nouae
949 2298 1182 2344 promotionis
1209 2309 1305 2342 ergo.

340 2448 348 2467 ¹
387 2446 523 2481 Harum
561 2457 631 2480 una
670 2448 747 2480 erat
782 2444 921 2490 Sibylla
955 2445 998 2478 de
1033 2443 1242 2485 Eberstein,
1280 2443 1394 2477 Marci
1430 2443 1491 2478 III.
1527 2443 1685 2487 Fuggeri
1719 2454 1830 2484 uxor,
1869 2442 1984 2478 altera

219 2500 373 2534 fortasse
393 2499 578 2534 Elisabeth
598 2499 640 2533 de
658 2498 934 2539 Weissenstein‚
962 2497 1104 2532 Ioannis
1123 2497 1166 2532 Π.
1186 2497 1343 2540 Fuggeri
1360 2509 1470 2538 uxor;
1497 2496 1580 2531 vide
1599 2495 1702 2539 infra,
1728 2507 1884 2531 monum.
1904 2496 1984 2531 269.

218 2553 298 2588 270.
327 2553 406 2587 271.

338 2607 352 2627 ²
377 2607 415 2640 P.
443 2605 687 2640 Theodoricus
715 2605 900 2646 Canisffls,
937 2604 1080 2648 collegii
1105 2604 1332 2638 monacensis
1357 2606 1494 2645 rector,
1522 2615 1542 2637 a
1567 2602 1711 2644 Lainio,
1737 2604 1844 2648 prout
1869 2602 1984 2638 Socie-

216 2660 304 2694 tatis
331 2659 647 2694 constitutionibus
678 2658 759 2702 (Ex.
787 2670 816 2692 c.
843 2659 876 2699 4,
903 2670 935 2692 n.
963 2658 992 2691 1.
1021 2657 1052 2692 2.
1080 2658 1119 2698 5;
1146 2657 1186 2691 Ρ.
1213 2657 1245 2697 4,
1273 2669 1302 2691 c.
1329 2657 1361 2699 4,
1389 2656 1436 2697 Ε;
1463 2656 1502 2691 Ρ.
1531 2657 1562 2697 6,
1589 2668 1618 2691 c.
1645 2656 1677 2698 2,
1703 2668 1736 2690 n.
1759 2656 1812 2695 11.
1838 2655 1872 2690 Η
1897 2655 1982 2700 etc.)

217 2713 396 2747 sancitum
423 2714 518 2754 erat,
546 2715 582 2746 et
608 2712 821 2746 canonicatu
847 2723 911 2746 suo
936 2711 1104 2745 xantensi
1132 2712 1168 2744 et
1192 2711 1424 2756 patrimonio,
1464 2712 1657 2754 antequam
1684 2708 1874 2744 Societatis
1899 2711 1985 2744 vota

217 2766 407 2800 sollemnia
431 2768 666 2811 nuncuparet,
693 2777 732 2800 se
758 2765 880 2799 levare
905 2765 1027 2799 iussus
1053 2766 1149 2804 erat;
1177 2764 1220 2798 de
1246 2775 1315 2808 qua
1341 2775 1380 2797 re
1406 2763 1488 2797 vide
1519 2763 1604 2797 Can.
1623 2762 1713 2808 Epp.
1732 2763 1776 2804 ΙΙ,
1804 2762 1883 2797 701.
1903 2762 1982 2797 708.

219 2819 298 2854 709.
333 2820 416 2907 Ἐξ..
441 2819 622 2906 ‘gg-Irieus
648 2871 845 2916 Dionysius
872 2870 905 2905 S.
934 2871 988 2912 J.‚
1023 2870 1279 2914 noviomagus,
1319 2870 1372 2904 16.
1399 2869 1614 2904 Novembris
1643 2869 1734 2903 1560
1767 2869 1803 2903 in
1841 2868 1982 2902 univer-

217 2924 325 2959 sitate
353 2925 547 2959 coloniensi
575 2925 618 2959 ad
645 2924 848 2968 theologiae
875 2924 1100 2958 doctoratum
1126 2925 1311 2969 promotus
1339 2923 1576 2966 (Reiffenbery
1600 2921 1622 2956 1.
1643 2933 1672 2956 c.
1691 2933 1725 2966 p.
1744 2922 1800 2956 91.
1835 2922 1983 2955 Hansen

217 2978 239 3012 l.
259 2991 288 3012 c.
312 2990 345 3023 p.
365 2979 485 3022 376¹),
513 2978 544 3012 3.
571 2978 759 3012 Februarii
786 2978 877 3012 1562
906 2977 1052 3011 Colonia
1076 2976 1351 3020 Noviomagum,
1377 2978 1418 3010 ut
1443 2974 1652 3010 Theodorici
1679 2974 1812 3009 Canisii
1837 2975 1984 3017 negotia

218 3034 435 3075 procuraret,
463 3032 646 3076 profectus
672 3033 728 3066 est
756 3030 919 3074 (Hansen
945 3030 968 3065 l.
996 3041 1025 3064 c.
1052 3042 1085 3075 p.
1113 3030 1194 3064 382.
1221 3028 1319 3073 383).

337 3086 350 3104 ⁴²
377 3084 614 3119 Stevordiani.
761 3085 774 3104 ⁵
799 3084 890 3118 Vide
916 3095 1027 3128 supra
1051 3095 1085 3128 p.
1113 3084 1167 3117 7⁸.

337 3138 350 3157 ⁶
375 3136 466 3171 Vide
493 3149 602 3182 supra
627 3149 660 3182 p.
691 3138 706 3171 1
736 3138 773 3171 et
798 3137 893 3170 infra
917 3148 950 3182 p.
980 3136 1034 3171 18.
