2093 3444
279 156 361 191 604.
399 156 530 190 Petrus
558 156 600 190 de
627 156 867 190 Ribadeneira
894 156 1048 192 Oanisio.
1092 158 1205 192 Roma
1234 159 1288 192 11.
1317 158 1485 194 Octobris
1514 161 1613 194 1561.
1752 165 1833 204 241

54 273 166 308 Hosio
192 273 357 318 scripsit:
391 271 511 315 „Quod
538 272 667 306 scribis
693 273 736 306 de
763 273 966 308 adiuuando
994 286 1047 315 eo,
1074 274 1132 318 qui
1162 274 1392 308 conciliorum
1411 275 1542 309 librum
1569 278 1605 309 et
1630 277 1835 322 locupletis-

54 327 186 360 simum
212 328 249 360 et
275 325 607 360 emendatissimum
635 326 739 360 edere
766 327 907 371 cupiat,
935 339 1001 371 ego
1027 339 1112 361 uero
1138 327 1377 362 libentissime
1404 340 1509 372 agam
1537 331 1572 363 et
1598 341 1679 364 cum
1706 331 1836 366 Sirleto

55 381 91 414 et
117 391 197 414 cum
225 379 458 421 Borromaeo‚
485 379 649 420 Amulio,
677 380 881 424 ceterisque
909 381 1171 419 cardinalibus,
1199 380 1259 425 qui
1286 384 1321 415 et
1347 381 1520 416 librorum
1546 382 1773 427 impressioni
1800 392 1836 419 et

54 433 254 467 Vaticanae
274 432 513 466 bibliothecae
532 432 729 477 praepositi
747 435 842 474 sunt,
869 435 919 474 ut,
947 434 1220 478 quibuscunque
1239 434 1347 468 rebus
1366 435 1555 469 consilium
1574 438 1609 470 et
1627 436 1833 472 institutum

54 486 150 528 eius,
177 498 284 531 quem
310 485 399 520 mihi
425 486 675 527 commendaS,
711 486 827 520 iuuari
854 488 989 531 possit,
1024 487 1219 521 iuuandum
1247 489 1392 522 curent“
1425 489 1561 531 (Weber
1586 489 1608 523 1.
1637 502 1666 524 c.
1694 503 1728 535 p.
1756 492 1834 526 104.

56 541 209 584 Poyiani
233 539 418 584 Epistolae
444 539 489 581 H,
517 539 614 583 349).
667 539 714 573 Et
740 541 898 574 Latinas
923 542 1096 575 Latinius
1120 541 1234 575 Roma
1263 542 1318 576 16.
1344 542 1436 575 Iunii
1465 543 1555 577 1562
1582 543 1626 577 ad
1653 544 1835 579 Andream

54 593 211 628 Masium
238 593 280 627 de
307 592 457 627 Sirleto:
489 593 549 634 „In
576 593 811 627 restituendis
839 594 930 628 actis
958 594 1182 638 Synodorum
1209 606 1352 639 operam
1378 598 1507 630 nauat“
1542 596 1676 640 (Latini
1702 598 1834 633 Latinii

53 646 238 692 Epistolae
264 658 285 680 a
311 648 501 680 Dominico
528 647 658 689 Mam-0
684 646 858 681 collectae
885 647 918 681 H
947 647 1114 691 [Viterbii
1145 647 1259 692 1667]‚
1289 648 1385 692 104).
1424 650 1545 694 Atque
1571 662 1663 684 anno
1690 653 1832 695 quidem

56 701 147 735 1567
173 699 390 734 Laurentius
417 699 562 741 Sui-ius,
596 699 850 734 carthusianus
878 700 1091 735 coloniensis
1119 703 1155 734 et
1181 701 1315 735 Canisii
1342 702 1497 744 amicus,
1530 703 1726 748 pleniorem
1752 717 1832 739 con-

54 753 218 788 ciliorum
245 753 438 788 editionem
475 753 513 795 (4
538 753 625 787 voll.
652 753 688 786 in
715 753 768 797 20)
798 753 966 788 Coloniae
999 754 1035 788 in
1061 754 1179 788 lucem
1212 755 1350 796 emisit,
1386 768 1478 790 anno
1505 769 1590 791 vero
1619 758 1707 792 1561
1735 759 1832 804 ipsos

54 806 176 842 Socios
203 806 424 842 colonienses
451 807 626 841 eiusmodi
654 807 847 841 editionem
869 808 1064 842 meditatos
1092 819 1170 842 esse
1200 808 1324 853 (quam
1342 811 1464 843 tamen
1490 822 1560 844 non
1578 812 1823 857 perfecerunt)

53 872 100 895 ex
124 861 385 895 Ribadeneirae
409 860 543 895 litteris
571 861 624 894 11.
652 860 819 895 Octobris
848 861 936 895 1561
966 862 1009 895 ad
1037 861 1219 896 Ganisium
1247 862 1341 897 datis
1367 863 1536 907 colligere
1562 864 1658 899 licet.

876 985 1008 1026 (304.

392 1077 457 1119 P.
490 1076 779 1120 PETRUS
811 1077 910 1119 DE
943 1078 1482 1132 RIBADENEIRA,

274 1159 481 1204 provinciae
506 1160 632 1193 tuscae
659 1158 693 1193 S.
722 1159 755 1193 J.
782 1159 1012 1204 praepositus
1038 1162 1074 1194 et
1099 1161 1285 1194 secretarii
1312 1160 1345 1195 S.
1375 1162 1407 1195 J.
1435 1162 1604 1205 vicarius,

272 1242 447 1284 nomine
478 1241 694 1296 Alphonsi
727 1242 1006 1292 Salmeronis,
1040 1243 1193 1285 vicarii
1225 1244 1445 1297 generalis
1479 1245 1520 1289 S.
1553 1247 1609 1296 J.,

803 1344 1079 1392 CANISIO.

694 1452 806 1489 Roma
831 1452 871 1488 11.
899 1452 1070 1489 Octobris
1097 1453 1185 1489 1561.

172 1536 227 1570 Ex
255 1535 461 1581 apographo
488 1535 649 1569 eiusdem
676 1536 860 1581 temporis,
893 1537 950 1570 cui
976 1536 1013 1570 in
1039 1537 1202 1581 margine
1229 1538 1355 1571 eadem
1381 1549 1489 1572 manu
1516 1540 1726 1575 adnotatum
1755 1544 1829 1576 est:

57 1590 246 1634 „Augusta
273 1589 450 1631 Canisio“,
478 1590 645 1633 quodque
672 1591 794 1624 exstat
819 1590 855 1623 in
883 1590 959 1624 cod.
983 1590 1109 1631 „Italia
1137 1591 1238 1625 1560.
1270 1591 1370 1626 1561.
1402 1592 1510 1626 1562“
1542 1593 1566 1627 f.
1586 1594 1828 1630 237b—2382.

51 1643 221 1678 Eiusdem
242 1642 419 1688 epistulae
436 1643 473 1676 in
491 1643 566 1677 cod.
587 1643 727 1685 „Germ
747 1643 855 1677 1561“
877 1643 918 1687 (f.
935 1643 1018 1687 26²²)
1035 1643 1091 1678 his
1106 1644 1228 1678 verbis
1241 1645 1376 1678 mentio
1390 1645 1450 1680 fit:
1473 1647 1661 1691 „Augusta
1676 1647 1828 1683 Canisio.

52 1697 132 1732 Pax
157 1697 285 1732 christi
311 1698 378 1731 etc.
431 1695 567 1738 Questa
593 1697 723 1731 lettera
749 1699 807 1731 sta
841 1697 900 1731 nel
925 1697 1016 1732 libro
1043 1697 1074 1731 d'
1092 1698 1205 1732 Jtalia
1232 1700 1252 1732 a
1279 1698 1314 1732 di
1342 1700 1409 1733 .11.
1437 1699 1467 1732 (Γ
1484 1701 1622 1735 ottobre
1650 1702 1784 1736 .1561.·“’

176 1775 270 1817 Quid
287 1775 489 1808 cardinalis
506 1776 750 1818 Auynstamcs,
777 1779 816 1807 ut
833 1777 1089 1808 πιοηαειέψῖωηΓ
1108 1775 1144 1808 S.
1165 1776 1311 1818 Georyii
1330 1776 1444 1809 Sociis
1469 1778 1684 1823 traderetur,
1711 1782 1830 1825 eyerit,

53 1834 84 1862 et
109 1829 196 1873 quid
225 1828 370 1862 canisio
396 1829 471 1862 eius
495 1829 549 1861 rei
571 1829 692 1872 qratia
720 1829 894 1872 ayendmn
919 1829 974 1861 sit.
1025 1829 1079 1862 De
1104 1829 1206 1862 domo
1224 1829 1465 1874 probationis,
1496 1832 1582 1875 quid
1600 1835 1830 1876 praepositus

49 1883 228 1927 yeneralis
252 1886 403 1926 statuat,
439 1883 710 1925 eoespectandmn
736 1893 815 1915 esse.
868 1882 1110 1915 Salmeronem
1137 1883 1258 1916 Socios
1289 1884 1500 1917 colonienses
1534 1886 1573 1918 in
1598 1887 1830 1921 conciliorum

52 1937 203 1970 editione
222 1936 398 1980 paranda
424 1937 637 1970 adiuturum
663 1947 740 1969 esse.

749 2019 843 2060 Pax
875 2018 1027 2061 christi
1060 2020 1142 2061 etc.

170 2101 403 2144 Riceuemo
437 2103 581 2156 quella
613 2102 655 2144 di
688 2102 754 2145 .V.
787 2102 839 2145 R.
874 2101 917 2144 di
950 2103 1034 2144 .27.
1069 2102 1137 2144 del
1167 2106 1346 2157 passato
1365 2104 1393 2153 1,
1432 2104 1548 2145 nella
1580 2104 1709 2157 quale
1741 2119 1827 2147 non

51 2167 192 2210 scriue
225 2167 303 2210 che
344 2182 446 2210 cosa
479 2168 516 2209 si
548 2168 612 2210 sia
643 2167 922 2222 fatto-sopra
954 2168 1053 2221 quel
1086 2168 1400 2219 monasterio2,
1444 2169 1523 2211 che
1560 2169 1597 2211 si
1628 2172 1828 2213 trattaua

49 2233 187 2275 hauer
217 2247 296 2288 per
327 2234 370 2275 la
403 2233 662 2288 compagnia
697 2268 705 2276 .
738 2233 925 2275 Jntorno
967 2233 1010 2275 al
1042 2233 1170 2286 quale
1211 2233 1388 2287 negotio
1422 2236 1455 2275 s'
1480 2237 1504 2276 e
1535 2235 1706 2288 parlato
1742 2239 1827 2290 qua

50 2299 94 2341 al
133 2302 284 2342 nostro
325 2299 705 2341 Reuerendissimo
748 2298 1008 2341 Cardinale3
1050 2299 1081 2340 il
1124 2299 1252 2352 quale
1291 2301 1458 2342 mostra
1498 2302 1624 2342 tener
1660 2302 1827 2354 grande

51 2378 262 2419 speranza
294 2365 409 2407 della
448 2365 592 2407 buona
633 2364 882 2407 conclusion
915 2364 957 2406 di
990 2364 1156 2418 quello:
1198 2365 1257 2406 Et
1289 2364 1382 2406 dice
1422 2365 1561 2407 hauer
1597 2366 1750 2409 scritto
1784 2367 1827 2409 al

51 2429 208 2483 Signor
228 2430 457 2484 Preposito
490 2430 626 2472 Remo
642 2431 672 2481 4,
707 2429 785 2472 che
806 2429 978 2484 procuri
1010 2443 1089 2484 per
1121 2429 1222 2483 ogni
1247 2444 1392 2472 mezzo
1424 2430 1629 2484 possibile
1660 2431 1691 2472 il
1724 2445 1826 2474 con—

168 2575 248 2610 Pax
275 2574 411 2610 Christi
437 2577 505 2610 etc.

169 2647 212 2682 R.
230 2647 274 2682 V.
300 2647 444 2682 litteras
470 2647 526 2681 die
552 2647 608 2681 27.
636 2647 770 2681 mensis
796 2646 993 2692 superioris
1019 2646 1124 2681 datas
1151 2646 1400 2691 accepimus¹;
1431 2646 1468 2680 in
1494 2646 1624 2691 quibus
1650 2647 1729 2692 ipsa
1754 2660 1825 2682 non

49 2701 207 2746 scripsit,
233 2701 318 2745 quid
344 2701 382 2735 in
404 2712 514 2735 causa
530 2700 742 2735 monasterii
766 2700 873 2735 istius
885 2700 908 2742 ²,
936 2700 979 2734 de
997 2711 1066 2744 quo
1085 2699 1256 2734 Societati
1273 2700 1448 2734 tradendo
1474 2701 1661 2744 agebatur,
1687 2701 1824 2735 factum

49 2757 158 2789 esset.
208 2754 261 2789 De
288 2766 358 2798 quo
383 2755 528 2798 negotio
553 2754 612 2788 hic
638 2754 941 2789 reverendissimo
968 2753 1142 2788 cardinali
1169 2754 1317 2787 nostro³
1342 2753 1454 2787 locuti
1479 2765 1622 2795 sumus,
1659 2755 1719 2798 qui
1746 2755 1824 2789 eius

49 2820 220 2853 prospere
246 2807 457 2842 conficiendi
481 2819 651 2852 magnam
686 2807 754 2842 sibi
782 2818 883 2853 spem
918 2818 999 2841 esse
1025 2806 1267 2849 significavit3
1304 2807 1339 2840 et
1365 2805 1457 2840 dixit
1491 2818 1530 2840 se
1556 2807 1697 2841 domino
1722 2819 1823 2853 prae-

49 2862 166 2906 posito
200 2861 351 2896 Remio4
384 2861 593 2907 scripsisse,
631 2863 690 2903 ut,
728 2871 942 2905 quacunque
976 2859 1116 2894 ratione
1149 2859 1228 2893 fieri
1262 2861 1405 2904 posset,
1445 2859 1595 2904 capituli
1628 2860 1823 2905 impetrare

171 2985 181 3005 ¹
208 2983 288 3018 Hae
313 2983 458 3018 litterae
482 2983 620 3028 perisse
645 2982 826 3017 videntur.
925 2982 939 3002 2
966 2981 999 3016 S.
1019 2981 1186 3025 Georgii3
1212 2981 1296 3015 vide
1322 2992 1432 3026 supra
1458 2993 1491 3026 p.
1511 2981 1712 3017 223—224.
1738 2981 1819 3017 235.

170 3038 183 3058 3
208 3036 334 3071 Ottoni
359 3036 570 3071 Truchsess.

168 3092 182 3111 4
206 3090 429 3134 Wolfgango
455 3090 621 3124 Andreae
638 3089 765 3130 Rhem,
792 3087 992 3131 collegialis
1018 3087 1192 3122 ecclesiae
1219 3086 1253 3121 S.
1279 3086 1442 3121 Mauritii
1468 3089 1693 3131 augustanae
1719 3101 1819 3134 prae-

49 3143 165 3189 posito
191 3145 228 3178 et
253 3143 472 3178 cathedralis
498 3143 673 3177 ecclesiae
699 3143 926 3186 augustanae
952 3140 1122 3175 canonico
1134 3153 1142 3181 ;
1169 3141 1214 3175 cf.
1245 3141 1333 3175 Can.
1360 3139 1449 3185 Epp.
1476 3140 1522 3182 II,
1549 3140 1617 3175 397
1628 3141 1652 3177 ².

119 3209 142 3233 B
151 3215 166 3233 r
175 3207 296 3233 aunsb
304 3215 342 3233 er
350 3215 368 3239 g
376 3214 428 3237 er,
448 3208 560 3233 Oanisii
574 3207 734 3238 Epistulae
750 3207 781 3231 et
794 3207 878 3232 Acta.
898 3206 951 3230 111.
1501 3202 1544 3234 16
