2093 3444
254 173 335 213 724
553 171 708 205 Monuni.
739 171 965 215 (tridentina)
995 171 1074 206 348.
1104 171 1174 214 (15.
1205 174 1239 206 et
1265 173 1319 207 23.
1347 173 1554 208 Decembris
1583 175 1700 217 1561.)

249 291 316 329 est
362 288 608 330 reverentia
656 288 968 332 nudiustertius
1015 290 1093 331 sub
1146 292 1317 332 noctem
1370 290 1589 332 humiliter
1636 292 1807 345 accepi,
1862 293 2014 346 quibus

248 352 288 394 S.
314 352 521 394 Maiestas
544 353 596 396 V.
631 354 866 396 clementer
896 354 999 395 mihi
1033 355 1295 396 demandare
1328 354 1507 407 dignata
1530 359 1596 398 est
1628 359 1676 399 ut
1706 357 1844 398 eidem
1875 358 2013 411 primo

247 432 377 471 super
408 418 636 471 praefatae
657 418 955 461 instructionis
987 419 1175 461 formula
1209 456 1216 463 .
1244 455 1251 461 .
1280 454 1286 461 .
1322 419 1564 473 opinionem
1594 435 1735 463 meam
1759 423 2014 475 quantocius

246 482 523 536 perscribam.
550 518 558 526 .
585 518 622 526 ..
684 483 828 526 Unum
861 484 1017 526 saltem
1051 487 1182 537 atque
1215 485 1400 527 alterum
1434 487 1501 527 est
1534 485 1585 527 de
1618 486 1771 539 quibus
1804 487 1917 529 circa
1948 488 2012 530 in-

247 547 528 590 structionem
557 548 596 591 S.
621 548 899 591 Maiestatem
922 549 974 592 V.
1009 549 1228 592 humiliter
1260 550 1574 592 admonendam
1608 551 1723 602 duxi,
1757 566 1910 606 nempe
1934 588 1942 596 .
1970 588 1976 595 .
2003 589 2010 596 .

247 626 301 654 an
335 627 419 654 non
452 614 492 656 S.
527 613 735 655 Maiestas
769 614 821 657 V.
856 614 1102 656 oratoribus
1143 614 1232 656 suis
1274 629 1405 655 unum
1437 615 1507 656 vel
1540 616 1706 669 plures,
1750 631 1834 658 non
1866 620 2013 660 tamen

246 677 372 718 nimis
404 677 649 732 pertinaces
672 692 750 720 nec
784 678 1098 733 superciliosos,
1133 681 1180 721 ut
1202 679 1454 733 plerumque
1481 694 1575 722 esse
1598 681 1752 729 solent,
1786 682 2012 736 theologos

246 742 481 796 adiungere
504 743 622 793 velit,
658 757 839 796 quorum
863 758 995 798 opera
1027 746 1072 786 et
1104 744 1308 785 consilio⁴²
1339 744 1381 785 in
1412 745 1539 787 rebus
1563 746 1868 789 ecclesiasticis
1899 750 2011 789 tam-

247 821 373 859 quam
407 808 741 850 amanuensibus
782 823 859 862 pro
902 812 1096 863 tempore
1138 809 1202 852 uti
1234 813 1433 863 possent,
1477 811 1646 863 quando
1689 811 1840 853 horum
1872 812 1915 854 in
1947 813 2012 854 in-

246 872 486 915 structione
520 874 638 915 nulla
670 875 718 915 fit
750 874 924 917 mentio,

364 951 437 991 Ad
479 951 581 991 haec
622 951 930 992 Iso-(limandus
970 952 1116 1005 Prafsa
1157 954 1226 994 23.
1265 952 1508 993 Decembris
1547 956 1658 994 1561
1704 954 1908 1010 Giewgsero
1950 970 2011 997 re-

244 1016 437 1069 scripsit:
469 1014 576 1064 Quia
598 1015 817 1058 humiliter
848 1030 998 1057 mones
1031 1030 1085 1058 an
1108 1031 1193 1058 non
1215 1016 1399 1059 velimus
1423 1018 1666 1060 oratoribus
1688 1020 1848 1062 nostris
1881 1034 2011 1061 unum

244 1079 315 1120 vel
348 1080 492 1133 plures
533 1080 760 1133 theologos
802 1081 1059 1134 adiungere,
1104 1095 1284 1134 quorum
1327 1096 1459 1136 opera
1500 1085 1543 1125 et
1585 1083 1762 1125 consilio
1803 1084 1846 1125 in
1883 1086 2012 1127 rebus

244 1144 551 1188 ecclesiasticis
583 1160 660 1199 pro
682 1149 877 1200 tempore
910 1146 973 1189 uti
995 1150 1186 1200 possent,
1220 1147 1418 1189 nolumus
1442 1148 1637 1201 equidem
1671 1153 1715 1192 te
1737 1150 1875 1192 latere
1898 1151 2011 1203 quod

243 1209 324 1252 hoc
358 1210 470 1263 quod
503 1211 654 1252 scribis
687 1211 739 1252 de
762 1211 977 1265 theologis
1010 1212 1123 1266 apud
1156 1226 1234 1254 nos
1256 1212 1342 1254 iam
1366 1213 1524 1254 dudum
1547 1213 1590 1255 in
1624 1215 2011 1258 consultationibus

244 1275 503 1318 ventilatum
536 1276 668 1319 fuerit
701 1279 744 1318 et
777 1291 802 1318 a
834 1277 958 1318 nobis
990 1291 1040 1319 ac
1073 1277 1329 1319 consiliariis
1351 1279 1511 1320 nostris
1538 1279 1617 1321 hoc
1639 1283 1835 1334 tempore
1868 1281 2011 1323 nobis-

245 1354 340 1382 cum
384 1341 673 1383 existentibus
718 1355 889 1395 semper
928 1341 1166 1384 iudicatum
1207 1357 1285 1397 pro
1326 1357 1373 1384 re
1414 1344 1542 1385 valde
1584 1345 1809 1387 commoda
1851 1349 1895 1388 et
1935 1360 2011 1388 ner«

244 1406 433 1448 cessaria
458 1442 465 1448 .
493 1441 500 1448 .
527 1441 535 1448 .
560 1407 635 1448 sed
668 1406 783 1460 piam
806 1407 916 1449 hanc
938 1407 1212 1450 voluntatem
1234 1410 1428 1450 nostram
1457 1409 1638 1463 impedit
1659 1424 1826 1452 summa
1858 1411 2009 1453 talium

242 1470 461 1512 hominum
494 1471 694 1525 penuria,
736 1485 876 1524 neque
908 1472 1020 1513 enim
1052 1472 1228 1526 ignoras
1262 1473 1384 1515 nobis
1426 1488 1511 1515 nou
1552 1488 1647 1516 esse
1688 1475 1853 1529 copiam
1887 1476 2010 1518 theo-

243 1536 439 1589 logorum
472 1537 542 1590 qui
575 1537 662 1579 sint
684 1537 753 1578 vel
776 1537 923 1590 magni
944 1537 1128 1579 nominis
1151 1538 1264 1592 apud
1297 1541 1473 1581 exteras
1495 1539 1694 1582 nationes
1717 1541 1787 1582 vel
1820 1541 2010 1595 alioquin

243 1601 297 1642 ad
329 1604 421 1643 tam
453 1602 589 1644 ardua
615 1602 796 1655 negocia
827 1602 969 1644 idonei
1004 1637 1011 1646 .
1045 1602 1159 1645 inter
1180 1603 1373 1646 Jesuitas
1407 1606 1473 1646 est
1505 1604 1676 1658 quidem
1700 1605 1908 1657 Canisius,
1943 1610 2009 1650 est

243 1665 374 1708 etiam
406 1666 613 1709 Nicolaus
644 1667 853 1718 Lanoius‚
893 1668 969 1710 sed
1002 1667 1205 1710 videntur
1237 1669 1362 1711 ambo
1396 1683 1490 1711 esse
1522 1670 1618 1724 plus
1651 1685 1778 1724 quam
1811 1671 1920 1714 satis
1952 1671 2009 1715 sit

243 1731 477 1773 duriusculi
518 1732 562 1773 in
604 1733 858 1785 quibusdam
892 1733 1209 1775 concedendis1
1250 1736 1295 1776 et
1333 1734 1533 1777 fortassis
1574 1736 1628 1777 ad
1670 1736 1908 1789 urgendam
1939 1751 2008 1779 re-

241 1796 546 1839 formationem
582 1798 663 1840 R.2
695 1798 839 1840 curiae
871 1798 1004 1840 futuri
1036 1798 1306 1841 remissiores
1339 1813 1468 1852 quam
1499 1800 1739 1843 necessitas
1771 1801 1964 1854 requirat
1998 1837 2006 1845 .

240 1861 309 1904 hic
341 1876 445 1904 vero
467 1862 669 1913 Lanoius,
703 1877 829 1916 quem
852 1863 1020 1906 Canisio
1053 1864 1097 1905 in
1129 1864 1311 1906 scientia
1344 1865 1590 1918 theologiae
1622 1866 1889 1920 praeferunt,
1923 1881 2009 1909 non

243 1929 310 1969 est
341 1926 403 1969 ita
444 1927 642 1970 absolute
680 1928 724 1969 in
756 1931 976 1982 potestate
1017 1931 1168 1971 nostra
1209 1932 1257 1971 ut
1298 1930 1352 1971 ad
1395 1944 1561 1972 omnem
1604 1931 1773 1974 libitum
1811 1934 2006 1974 nostrum

242 2006 374 2045 opera
406 1992 497 2034 eius
530 1993 593 2035 uti
625 2007 833 2046 queamus
849 1994 877 2036 3.
942 1995 1079 2035 Addit
1111 1995 1440 2046 Ferdinamlus,
1477 2011 1527 2037 ne
1559 1997 1808 2052 Staphylmn
1840 1998 2008 2052 quidem

240 2059 300 2099 'cel
317 2059 514 2099 Vesscelium
538 2060 646 2100 mitta·
663 2074 796 2113 posse,
822 2074 870 2101 ac
892 2060 1063 2101 tcwzdem
1085 2061 1243 2113 statuit.
1267 2065 1312 2101 ut
1338 2061 1545 2112 „loannes
1566 2061 2002 2104 Colosmonostrensis“

240 2122 314 2174 (tle
337 2120 593 2179 Kolosncirgs)
619 2124 663 2166 O.
688 2125 777 2177 Pr..
813 2126 1027 2180 episcopus
1064 2125 1416 2177 ‚fileanadiensis“
1443 2125 1640 2176 (Csamid
1675 2128 1716 2168 in
1740 2127 2005 2182 ῘΙιιῃῃανὶα),

240 2190 389 2242 partes
429 2188 622 2242 theologi
661 2188 776 2231 inter
815 2189 932 2243 ipsos
970 2192 1166 2232 oratores
1208 2192 1252 2232 et
1294 2190 1524 2244 deputatos
1565 2194 1737 2234 nostros
1778 2191 2004 2243 sustineat,

241 2252 376 2295 donec
409 2253 539 2295 alium
573 2254 810 2297 doctiorem
843 2258 918 2297 aut
950 2254 1091 2308 magis
1122 2255 1322 2297 idoneum
1355 2255 1667 2299 nanciscamur.

359 2342 605 2377 Ferdinandus
630 2343 807 2384 fortasse,
842 2354 948 2387 quam
976 2343 1172 2386 diligenter
1199 2343 1364 2378 Canisius
1390 2356 1436 2378 m.
1463 2344 1593 2379 Martio
1619 2357 1651 2380 a.
1680 2346 1771 2380 1562
1807 2358 1852 2380 ex
1886 2346 2005 2380 cathe-

241 2395 350 2430 dralis
378 2396 552 2430 eeclesiae
578 2399 802 2439 augustanae
829 2399 1007 2440 suggestu
1034 2397 1318 2431 communionem
1354 2398 1419 2432 sub
1457 2409 1528 2431 una
1562 2398 1681 2443 specie
1716 2399 1936 2433 defendisset
1971 2401 2007 2433 et

241 2449 365 2483 calicis
395 2449 703 2494 „usurpationem“
735 2450 983 2495 reprobasset,
1016 2450 1148 2485 certior
1173 2451 1293 2485 factus
1319 2454 1416 2491 erat;
1453 2451 1535 2485 vide
1561 2463 1670 2496 supra
1697 2464 1728 2496 p.
1757 2453 1836 2486 642.
1886 2453 2005 2497 Atque

241 2503 283 2536 de
310 2502 458 2536 concilio
484 2502 579 2536 idem
606 2514 683 2537 cum
714 2503 856 2537 Canisio
883 2515 1001 2538 eoram
1028 2504 1147 2547 egisse
1173 2504 1317 2538 videtur
1343 2504 1574 2539 Vindobonae
1600 2505 1666 2539 sub
1692 2505 1833 2539 initium
1859 2517 1905 2540 m.
1924 2506 2005 2540 Iulii

243 2556 352 2596 1561;
380 2556 462 2590 vide
487 2567 597 2601 supra
624 2568 655 2601 p.
687 2557 763 2591 170.

359 2674 373 2688 ²²
397 2669 454 2702 Ita
481 2669 663 2711 Zeyendwn
689 2680 758 2701 esse
786 2669 929 2702 omnino
954 2669 1114 2711 cidetm·;
1141 2667 1289 2702 concilio
1317 2669 1412 2703 Sc'ck.

364 2779 370 2798 ¹
398 2777 439 2812 ln
464 2789 567 2812 sacro
593 2778 705 2813 calice
731 2777 845 2818 laicis,
872 2777 1099 2812 matrimonio
1126 2777 1373 2812 sacerdotibus
1399 2777 1634 2812 concedendis
1660 2779 1727 2812 etc.

360 2832 373 2851 ‘²
399 2831 424 2866 I.
452 2843 481 2865 e.
514 2832 707 2866 Romanae.
753 2832 1012 2865 Ferdimmdas
1045 2831 1081 2865 in
1120 2831 1394 2872 „instructione“
1434 2830 1636 2865 oratoribus
1679 2830 1755 2865 suis
1799 2830 2003 2865 tridentinis

241 2883 359 2927 Praga
386 2884 558 2918 Kalendis
593 2884 768 2919 Ianuariis
806 2885 895 2918 1562
931 2885 1016 2918 data
1050 2884 1207 2918 monuit:
1247 2884 1442 2928 „Rigorosa
1474 2886 1510 2918 et
1545 2883 1714 2918 canonica
1749 2883 2002 2919 reformatione

241 2948 377 2970 morum
404 2937 439 2971 in
465 2940 616 2982 utroque
641 2937 824 2971 hominum
851 2939 951 2971 statu
978 2939 1014 2971 et
1039 2937 1231 2982 praecipue
1257 2937 1529 2971 ecclesiastico,
1551 2964 1557 2970 .
1579 2964 1584 2971 .
1635 2936 1777 2970 Italiam
1815 2938 1851 2971 et
1887 2937 2001 2981 ipsam

241 3001 381 3033 quoque
408 2990 604 3024 Romanam
640 2990 775 3025 curiam
809 2990 957 3035 perinde
983 3002 1024 3025 ac
1061 2990 1290 3025 Germaniam
1325 2992 1361 3024 et
1395 2990 1553 3034 reliquas
1586 2989 1750 3024 nationes
1786 2989 2001 3024 christianae

241 3042 458 3086 reipublicae
484 3043 718 3078 vehementer
744 3055 834 3088 opus
860 3043 1012 3078 habel-43⁸⁴
1045 3043 1179 3087 (Siclcel
1203 3043 1225 3077 l.
1254 3055 1282 3077 c.
1309 3055 1343 3088 p.
1370 3042 1587 3086 258—259).

361 3096 373 3115 ³
400 3096 438 3129 P.
464 3095 634 3131 Nicolaus
659 3096 816 3130 Lanoius
851 3096 992 3140 collegii
1027 3096 1340 3139 ingolstadiensis,
1376 3096 1420 3130 ab
1455 3095 1604 3129 Alberto
1630 3095 1672 3129 V.
1700 3094 1876 3129 Bavariae
1911 3096 2000 3130 duce

241 3146 407 3188 instituti,
434 3150 551 3182 rector
577 3151 664 3183 erat.
