2093 3444
183 192 236 231 22
759 185 838 221 509.
875 185 1040 220 Canisius
1066 185 1155 219 Iulio
1182 185 1225 219 de
1252 185 1368 228 Pflug.

998 303 1128 345 509.

913 407 1210 454 CANISIUS

748 517 957 560 mmo
991 518 1089 559 DE
1124 518 1385 571 Plania,

604 604 770 650 episcopo
797 604 1079 648 naumburgensi
1107 608 1143 639 et
1168 606 1306 650 imperii
1334 605 1486 650 principi
1505 607 1524 639 ¹.

633 703 801 750 Augusta
828 703 1099 740 vindelicorum
1130 704 1186 740 20.
1215 703 1377 740 Ianuarii
1406 703 1491 740 1561.

304 798 359 832 Ex
385 797 592 842 archetypo,
626 796 683 831 cui
711 797 876 831 Canisius
903 798 979 842 ipse
1006 810 1134 831 nomen
1161 798 1376 842 subscripsit
1405 798 1482 841 (2⁰3
1511 798 1531 831 2
1557 810 1635 844 pp.;
1663 798 1698 833 in
1724 811 1756 844 p.
1783 800 1816 834 4.
1844 800 1952 834 inser.

185 854 221 886 et
246 851 343 895 sig),
371 851 537 895 quodque
566 850 705 884 Gothae
733 852 853 885 exstat
880 851 916 884 in
943 851 1159 885 bibliotheca
1187 851 1315 893 ducali,
1345 851 1427 885 Cod.
1449 852 1515 886 385
1547 851 1724 897 (Append.
1748 852 1791 887 II.
1820 853 1954 898 epistu-

183 906 298 940 larum
327 904 444 947 Hosii)
474 916 506 949 p.
536 904 686 938 91—94.

304 964 505 1009 Epistulam
534 963 670 1009 primus
698 975 741 997 ex
777 964 974 1009 archetypo
1010 964 1120 997 edidit
1146 965 1236 998 Ern.
1267 965 1340 997 Sal.
1373 965 1595 1008 Cyprianus,
1631 964 1861 999 Tabularium
1888 964 1955 1000 Ec-

185 1018 316 1052 clesiae
354 1018 534 1051 Romanae
570 1016 681 1051 seculi
718 1017 846 1051 decimi
883 1018 977 1051 sexti
1017 1017 1257 1060 (Francofurti
1294 1019 1328 1051 et
1365 1017 1506 1062 Lipsiae
1545 1017 1650 1062 1743)
1691 1030 1724 1063 p.
1752 1018 1955 1053 551—553.

185 1071 389 1106 Particulas
429 1071 489 1113 (ex
526 1070 722 1115 Cypriano)
758 1073 974 1115 posuerunt:
1014 1072 1163 1104 Hieron.
1200 1072 1500 1114 Layomarsinizcs
1526 1071 1560 1105 S.
1589 1071 1641 1113 J.,
1679 1071 1767 1106 Julii
1802 1070 1954 1116 Pogiani

185 1124 358 1159 Sunensis
384 1123 565 1169 Epistolac
594 1126 628 1157 ct
655 1124 845 1158 Orationes
872 1124 905 1157 II
934 1124 1084 1165 (Romae
1114 1123 1232 1166 1756),
1263 1124 1366 1159 107⁰:
1401 1125 1501 1158 Flor.
1528 1125 1629 1158 Riese
1654 1123 1688 1158 S.
1717 1124 1770 1165 J.,
1802 1123 1874 1158 Der
1899 1135 1955 1158 se-

185 1178 257 1222 lige
284 1178 414 1212 Petrus
442 1177 608 1212 Canisius
638 1177 830 1221 (Freiburg
856 1177 877 1211 i.
906 1177 963 1211 ΒΓ.
995 1177 1099 1219 1865)
1130 1189 1163 1221 p.
1190 1176 1269 1211 281.
1298 1178 1364 1211 ⁴297
1395 1177 1644 1222 (germanice).

305 1237 439 1271 Eadem
467 1236 622 1281 epistula
648 1248 735 1271 usus
762 1239 817 1270 est
843 1237 880 1269 P.
910 1238 1044 1280 Drews,
1072 1236 1202 1270 Petrus
1229 1236 1404 1277 Canisius,
1432 1237 1494 1271 der
1520 1239 1615 1271 erste
1641 1236 1812 1271 deutsche
1836 1235 1960 1271 Jesuit

187 1290 309 1334 (Halle
339 1289 444 1333 1892)
474 1302 506 1335 p.
535 1291 590 1324 96.

306 1373 506 1416 Stephanus
532 1373 700 1415 Ayresscola
729 1373 861 1405 Romae
884 1377 1032 1416 gyt·(ttus,·
1066 1374 1141 1405 eius
1172 1373 1315 1415 familia
1352 1384 1372 1405 a
1410 1373 1664 1407 lutheranis-mo
1699 1374 1747 1407 ad
1779 1374 1956 1408 ecclesiam

186 1427 359 1460 reditura.
395 1427 603 1469 Principum
632 1430 818 1459 roneentus
845 1427 1147 1469 71aunilmryensis.
1190 1427 1384 1459 Concilium
1414 1428 1555 1470 eiusque
1573 1428 1770 1470 praesides.
1811 1426 1870 1460 Pii
1887 1427 1955 1461 IV.

188 1482 308 1514 virtus.
365 1481 418 1514 De
464 1481 678 1514 Germaniae
722 1480 896 1512 iuvandae
938 1480 1138 1513 rationibus
1176 1480 1322 1513 Romam
1365 1481 1600 1514 scribendum.
1659 1484 1956 1524 Augmstanorum

181 1535 308 1577 pietas.
345 1534 573 1567 Sacer-dotum
596 1534 773 1576 paucitas.
810 1533 901 1566 Nori
926 1534 1012 1566 libri
1031 1535 1227 1576 Anytus-tam
1247 1534 1416 1566 mittendi.
1453 1534 1563 1567 Liber
1585 1534 1755 1567 Cromert'.
1795 1534 1956 1568 Flacz'us.

190 1587 342 1631 Colleyia
370 1592 563 1620 {reserense
590 1592 618 1619 et
645 1591 895 1629 auqustannm.

1057 1670 1084 1722 ἦ.

470 1753 589 1794 Pax⁸
622 1753 779 1795 Christi
812 1752 1032 1794 nobiscum
1067 1752 1442 1794 Reuerendissime
1475 1753 1670 1796 Domine.

307 1835 551 1889 Stephanus
593 1835 798 1888 Agricola
840 1836 1040 1883 noster2‚
1087 1835 1206 1877 cuius
1247 1835 1392 1889 gratia
1433 1850 1544 1878 nunc
1585 1835 1727 1878 isthuc
1767 1835 1961 1879 mittitur

188 1900 465 1950 tabellarius.
510 1903 577 1943 est
609 1900 773 1942 Romae
806 1904 1038 1955 pergratus
1071 1900 1390 1951 Cal-dinalibus‚
1433 1901 1509 1942 sed
1549 1900 1751 1955 precipue
1784 1903 1961 1944 amatur

188 1966 241 2007 ab
274 1966 554 2019 Augustam,
599 1966 669 2019 qui
712 1980 794 2007 non
828 1966 964 2007 solum
998 1965 1081 2016 illi,
1125 1966 1199 2008 sed
1238 1966 1368 2008 etiam
1402 1966 1529 2008 vxori
1560 1968 1679 2008 recte
1713 1967 1957 2009 consultum

188 2030 318 2084 cupit.
383 2032 487 2073 Cum
520 2045 622 2073 uero
655 2031 717 2073 ita
751 2031 1032 2074 constitutum
1070 2031 1262 2081 uideam,
1305 2035 1353 2074 ut
1385 2045 1516 2082 vxor,
1558 2031 1697 2074 frater
1738 2034 1783 2074 et
1813 2031 1960 2085 proles

189 2096 378 2138 eiusdem
422 2095 653 2149 Agricolae
696 2097 776 2138 huc
819 2097 1169 2150 proficiscantur,
1216 2110 1294 2139 nec
1336 2097 1473 2138 solum
1518 2111 1662 2139 aerem
1707 2096 1783 2139 sed
1824 2096 1958 2139 etiam

189 2161 457 2219 Religionem
491 2161 572 2204 hac
605 2161 830 2204 occasione
862 2164 1053 2212 mutent,
1098 2162 1229 2204 etiam
1268 2165 1399 2216 atque
1432 2162 1562 2205 etiam
1595 2162 1804 2217 pietatem
1835 2164 1956 2204 tuam

189 2240 363 2280 precor,
407 2229 455 2268 ut
494 2226 591 2268 huic
634 2227 856 2281 praeclaro
890 2227 1129 2269 Cardinalis
1169 2227 1368 2270 instituto
1410 2227 1581 2278 faueat,
1623 2225 1836 2282 illis[que]
1880 2227 1958 2270 ab·

190 2292 390 2334 euntibus
423 2305 544 2333 suam
579 2292 770 2334 declaret
803 2291 1148 2334 beneuolentiam
1183 2296 1313 2346 atque
1347 2293 1620 2336 charitatem.

308 2442 321 2456 ³
350 2438 427 2470 Hoc
451 2449 480 2471 v.
508 2442 538 2471 et
565 2441 585 2472 4
610 2449 681 2481 sqq.
710 2449 731 2471 α
762 2439 867 2482 Cypr.
896 2441 1023 2472 omissa
1049 2443 1141 2472 sunt.

314 2572 322 2591 ¹
349 2570 401 2604 De
427 2571 494 2605 hoc
520 2571 603 2605 vide
630 2572 716 2605 Can.
746 2571 834 2617 Epp.
862 2573 886 2612 1,
914 2572 1016 2607 384².

311 2623 324 2644 ²
350 2623 554 2669 Stephanus
573 2624 807 2669 Castenpaur‚
835 2625 946 2669 vulgo
964 2624 1135 2669 Agricola
1166 2625 1334 2667 „iunior“,
1362 2626 1550 2668 Augustae
1568 2624 1834 2660 Vindelicorum
1853 2627 1959 2670 patre

192 2676 372 2721 Stephano
402 2677 570 2721 Agricola
602 2678 793 2720 „seniore“‚
821 2679 1105 2713 Lutheranorum
1134 2679 1393 2720 contionatore,
1420 2680 1527 2713 natus
1554 2680 1590 2713 et
1615 2678 1891 2722 vitembergae,
1916 2679 1959 2713 ut

191 2729 346 2772 videtur,
372 2742 393 2764 a
418 2730 697 2765 Melanchthone
730 2731 938 2773 institutus,
975 2743 1017 2766 ac
1042 2731 1266 2776 Naumburgi
1301 2733 1337 2766 in
1373 2731 1525 2766 ecclesia
1560 2731 1759 2766 cathedrali
1784 2731 1958 2766 Luthera-

191 2795 317 2816 norum
353 2783 575 2817 contionator
610 2795 640 2818 a.
671 2784 760 2818 1557
797 2785 1035 2826 constitutus,
1072 2796 1102 2819 a.
1134 2785 1223 2820 1560
1259 2796 1367 2830 opera
1393 2785 1528 2820 Canisii
1554 2785 1809 2829 Socim-umque
1843 2783 1956 2828 ingol-

191 2836 426 2870 stadiensium
453 2837 497 2871 ad
533 2836 722 2871 ecclesiam
759 2838 972 2873 catholicam
1007 2838 1172 2872 redierat.
1224 2837 1309 2872 Otto
1344 2840 1465 2873 autem
1500 2838 1693 2873 cardinalis
1719 2838 1958 2882 Augustanus

192 2889 305 2923 Roma
331 2889 386 2924 21.
414 2890 621 2924 Decembris
650 2891 737 2925 1561
766 2890 908 2935 Pflugio
933 2891 1097 2936 scripsit,
1135 2891 1341 2935 Agricolam
1381 2892 1577 2934 „accersitu
1611 2893 1695 2926 suo“
1726 2892 1875 2925 Romam
1910 2891 1956 2926 ad

192 2953 231 2976 se
257 2942 420 2985 venisse,
456 2943 635 2988 simulque
662 2943 843 2987 Pflugium
870 2945 1033 2988 rogavit,
1068 2947 1109 2978 ut
1138 2947 1283 2987 „uetera
1308 2956 1374 2979 sua
1408 2945 1444 2979 in
1469 2944 1674 2989 Agricolam
1701 2943 1829 2978 merita
1862 2954 1958 2978 noua

192 2994 261 3029 hac
287 2996 493 3030 accessione
519 2996 703 3031 cumulare
728 2997 851 3038 uellet,
877 2999 919 3031 ut
944 2998 1021 3032 eius
1045 2997 1220 3032 familiam
1240 3025 1246 3032 .
1267 3025 1274 3032 .
1295 3025 1301 3032 .
1329 2998 1531 3041 Augustam
1551 3025 1558 3032 .
1584 3025 1590 3032 .
1619 3025 1626 3032 .
1653 2997 1780 3032 deduci
1805 2995 1956 3039 iuberet,

193 3048 439 3092 iuuaretque“‚
473 3049 504 3083 si
539 3061 628 3094 opus
663 3052 778 3092 esset,
819 3051 1006 3093 ⁷,uiatico“.
1056 3051 1109 3085 Ibi
1145 3051 1238 3085 enim
1273 3063 1312 3085 se
1347 3063 1427 3085 eam
1465 3051 1656 3093 „familiam
1690 3051 1789 3084 recte
1824 3051 1861 3084 et
1894 3060 1955 3084 ex-

194 3100 393 3144 cipiendam
420 3104 457 3135 et
482 3101 724 3137 collocandam
760 3103 963 3144 curauisse,
998 3115 1075 3137 eam
1112 3115 1233 3138 curam
1269 3106 1306 3138 et
1340 3103 1594 3148 cogitationem
1629 3102 1847 3148 suscipiente
1874 3129 1881 3136 .
1910 3129 1918 3137 .
1945 3128 1954 3137 .

196 3151 372 3188 Canisio“.
423 3154 533 3188 Plura
559 3156 642 3189 vide
672 3157 758 3190 Can.
786 3156 874 3201 Epp.
902 3156 944 3196 ΙΙ,
976 3157 1175 3191 909-914.
