2093 3444
227 243 412 272 XXXVIII

303 635 391 669 1561

303 742 390 776 1561

304 956 392 991 1561

306 1063 393 1098 1561

305 1117 393 1151 1561

306 1170 394 1204 1561

295 1314 405 1355 1561

296 1641 405 1682 1561

308 1798 397 1833 1561

298 1942 408 1982 1561

314 2364 400 2398 1561

315 2417 402 2451 1561

314 2471 402 2504 1561

315 2524 403 2558 1561

316 2631 403 2664 1561

315 2683 403 2718 1561

316 2737 404 2771 1561

318 2791 405 2824 1561

317 2843 406 2878 1561

320 3003 407 3037 1561

323 3160 410 3194 1561

323 3213 411 3247 1561

682 227 743 261 111.
780 225 938 260 Tabulae
965 224 1237 269 chronologicae
1263 224 1361 259 vitae
1388 225 1532 260 Canisii.

602 633 675 666 lan.
705 632 758 665 19.

602 739 675 773 lan.
703 738 758 772 20.

604 954 678 987 Ian.
705 952 761 986 25.

604 1061 677 1094 Ian.
705 1059 761 1093 26.

605 1114 705 1148 Febr.
732 1113 764 1147 2.

602 1167 704 1201 Febr.
733 1166 764 1200 3.

531 1313 621 1355 Ian.
646 1337 702 1342 —
725 1309 839 1352 Maio

512 1640 636 1682 Febr.
654 1639 750 1693 (sub
769 1638 856 1691 lo.)

594 1797 696 1832 Febr.
726 1796 779 1830 16.

542 1955 566 1982 a
604 1942 669 1982 19.
704 1939 827 1980 Febr.

555 2006 609 2048 ad
643 2008 682 2048 5.
715 2006 819 2059 Apr.

599 2365 700 2400 Febr.
730 2364 784 2399 19.

598 2418 700 2453 Febr.
728 2418 784 2452 20.

600 2472 701 2507 Febr.
729 2472 783 2505 21.

520 2526 713 2561 Februario
735 2524 794 2558 vel
812 2524 861 2557 in-

560 2583 666 2614 eunte
691 2577 822 2612 Martio

600 2633 701 2667 Febr.
729 2631 786 2665 22.

600 2686 703 2720 Febr.
731 2685 787 2718 23.

600 2739 703 2774 Febr.
731 2738 787 2772 24.

601 2793 704 2826 Febr.
732 2791 787 2825 25.

551 2848 653 2881 Febr.
681 2847 835 2880 exeunte

603 3000 705 3034 Febr.
733 2999 790 3033 26.

605 3159 707 3193 Febr.
735 3158 790 3194 27.

607 3211 633 3245 F
637 3211 708 3246 ebr.
736 3212 792 3246 28.

947 342 1205 385 catholicam
1223 342 1430 396 privatim
1448 343 1613 394 edocet,
1633 343 1853 386 exercitiis
1869 342 1996 398 spiri-

946 407 1136 450 tualibus
1169 407 1344 458 excolit,
1378 408 1573 461 generali
1594 411 1872 463 peccatorum
1905 407 1996 450 eius

948 472 1220 515 confessione
1253 475 1460 527 excepta,
1501 473 1712 516 ecclesiae
1745 472 1998 516 reconciliat

948 537 1036 590 (20.
1072 539 1140 580 39.
1177 539 1275 581 595.
1311 538 1427 591 656).

889 631 1062 718 ΒοῐηέῙὲΙ.
1089 633 1170 676 post
1197 631 1259 676 Ep.
1296 630 1331 664 in
1367 630 1519 665 ecclesia
1551 631 1747 665 cathedrali
1773 630 1999 666 contionatur

891 684 1063 783 Stebharii
1081 738 1272 782 Agricolae
1295 738 1338 772 ad
1358 738 1464 772 fidem
1483 738 1647 772 conversi
1665 737 1838 772 familiam
1858 736 1998 780 Pfiugio

950 791 1116 836 episcopo
1158 791 1438 835 naumburgensi
1477 791 1720 832 commendat,
1764 791 1998 834 eundemque.

950 847 990 878 ut
1023 845 1065 879 de
1093 844 1285 880 Germania
1317 844 1474 879 iuvanda
1500 845 1651 879 Romam
1687 844 1841 886 scribat,
1880 846 1999 878 monet

953 898 1044 942 (22).

871 945 997 1006 JFesto
1033 951 1286 987 Conversionis
1320 951 1354 986 S.
1391 951 1494 986 Pauli
1531 951 1566 986 iu
1600 951 1687 986 aede
1721 950 1879 985 maxima
1915 950 2001 985 dicit

892 1005 1078 1094 Doglllll.
1106 1062 1188 1104 post
1214 1059 1276 1104 Ep.
1304 1059 1434 1093 ibidem
1463 1071 1480 1092 e
1508 1060 1685 1102 suggestu
1712 1057 1798 1092 dicit
1825 1057 1940 1101 (618).

893 1112 992 1146 Dom.
1019 1113 1055 1146 in
1085 1113 1397 1158 „Septuagesilna“
1429 1112 1559 1146 ibidem
1586 1111 1812 1146 contionatur
1840 1111 1954 1154 (618).

894 1166 957 1200 Die
989 1166 1273 1208 „Purificationis
1301 1166 1339 1200 B.
1366 1166 1415 1200 M.
1445 1166 1506 1200 V.‘
1545 1164 1721 1200 translato
1756 1164 1886 1199 ibidem
1923 1175 2001 1199 con-

952 1220 1112 1254 tionatur
1138 1219 1184 1264 [Ἢ]
1216 1219 1329 1262 (618).

894 1309 1192 1352 Elisabetham
1210 1308 1262 1350 de
1274 1308 1591 1351 Weissenstein
1607 1306 1683 1362 [?]‚
1702 1307 1876 1349 Ioannis
1887 1307 2002 1360 Fug-

952 1375 1045 1428 geri
1078 1387 1271 1423 uxorem,
1305 1373 1509 1415 Iacobum
1542 1372 1743 1415 comitem
1776 1372 1828 1414 de
1862 1372 2002 1415 Mont-

952 1440 1041 1482 fort
1083 1443 1125 1482 et
1159 1438 1438 1481 Catharinam
1471 1438 1716 1492 Fuggeram
1757 1451 1937 1479 uxorem
1980 1451 2003 1479 e

952 1505 1310 1560 protestantismo
1343 1505 1398 1546 ad
1430 1504 1557 1546 fidem
1591 1502 1850 1546 catholicam
1880 1502 2003 1544 redu-

955 1571 1013 1614 cit
1047 1570 1334 1624 (663—665).

896 1634 1157 1691 Ingolstadii
1195 1635 1423 1689 collegium
1455 1634 1559 1676 visit
1602 1637 1646 1676 et
1679 1647 1775 1675 cum
1812 1631 2004 1683 „consul-

953 1701 1142 1745 toribus“
1183 1700 1363 1743 consilia
1396 1700 1566 1742 confert
1599 1698 1706 1753 (50).

897 1796 997 1829 Dom.
1016 1793 1343 1838 Quinquagesimae
1362 1791 1550 1838 Augustae
1575 1792 1611 1826 in
1638 1792 1725 1826 aede
1748 1790 1906 1825 maxima
1925 1801 2004 1824 con-

955 1849 1115 1883 tionatur
1144 1847 1259 1892 (618).

898 1935 1264 1990 Quadragesimae
1296 1939 1493 1990 tempore
1526 1937 1701 1989 praeter
1734 1935 1759 1974 4
1783 1932 2005 1975 contiones

956 2002 1138 2055 singulis
1182 2000 1463 2043 hebdomadis
1507 2000 1695 2042 usitatas
1738 1996 1912 2052 [quibus
1953 1997 2005 2039 de

957 2071 1152 2111 extremo
1182 2066 1338 2108 iudicio
1370 2064 1669 2120 „particulari“
1698 2061 1812 2117 agit]
1837 2065 1863 2105 :3
1886 2065 2006 2105 cate-

956 2133 1145 2175 cheticas
1179 2130 1242 2186 [in
1281 2131 1474 2173 ecclesiis
1513 2129 1754 2173 cathedrali
1786 2131 1831 2171 et
1864 2128 1905 2170 S.
1939 2128 2004 2169 Io-

957 2196 1101 2252 annis]
1135 2198 1288 2246 habet;
1333 2197 1482 2238 diebus
1515 2195 1698 2238 Veneris
1731 2196 1775 2236 et
1812 2192 2006 2236 sabbatis

956 2264 1116 2306 multas
1146 2262 1438 2306 confessiones
1465 2261 1627 2315 excipit
1650 2260 1738 2312 (72.
1764 2260 1861 2302 594.
1888 2256 2005 2311 619).

898 2357 962 2391 Die
989 2356 1147 2391 cinerum
1166 2354 1217 2400 [in
1234 2354 1368 2400 templo
1387 2355 1421 2390 S.
1440 2354 1583 2388 Ioannis
1592 2352 1624 2397 ‘?]
1645 2352 1871 2387 contionatur
1892 2349 2006 2393 (618).

899 2410 1133 2445 Contionatur
1159 2408 1207 2453 [‘?]
1238 2409 1334 2451 (618.
1362 2408 1441 2442 623.
1470 2408 1568 2449 624).

900 2464 1135 2498 Contionatur
1165 2462 1236 2499 (72.
1264 2462 1363 2505 627).

900 2517 1098 2560 Collegium
1117 2515 1319 2550 coloniense
1338 2526 1402 2560 per
1423 2513 1564 2548 litteras
1584 2510 1808 2547 Cartusianis
1832 2512 1868 2544 et
1893 2509 2008 2544 archi-

947 2571 1112 2615 episcopo
1138 2568 1365 2603 commendat
1393 2568 1483 2610 (66).

901 2624 1134 2658 Contionatur
1162 2621 1208 2666 [Ρ]
1239 2621 1335 2660 (618.
1363 2621 1462 2663 627).

901 2678 1001 2712 Dom.
1023 2678 1050 2711 Ι.
1071 2675 1375 2719 Quadragesimae
1403 2672 1512 2718 [bis‘3]
1539 2671 1765 2706 contionatur
1794 2669 1889 2708 (618.
1908 2668 2007 2711 627).

902 2732 967 2766 Die
993 2730 1028 2765 S.
1054 2729 1214 2764 Mathiae
1239 2728 1276 2762 in
1302 2727 1389 2762 aede
1415 2726 1574 2760 maxima
1600 2724 1826 2759 contionatur
1854 2721 1969 2766 (618).

903 2784 1138 2818 Contionatur
1167 2780 1281 2825 (618).

903 2838 990 2872 Pius
1017 2836 1078 2871 IV.
1105 2848 1125 2870 a
1151 2833 1331 2869 cardinale
1357 2834 1570 2876 Augustano
1597 2831 1640 2865 de
1667 2829 1802 2865 Canisii
1827 2827 2010 2863 laboribus

963 2889 1176 2934 augustanis
1214 2887 1345 2922 certior
1382 2887 1520 2927 factus,
1559 2883 1696 2928 gratias
1733 2881 1941 2928 spirituales
1979 2879 2012 2914 ei

965 2943 1070 2978 offert
1098 2941 1188 2985 (61).

905 2996 1070 3032 Canisius
1105 2994 1350 3034 contionatur;
1386 2990 1592 3026 cathedrale
1619 2987 1816 3034 capitulum
1842 2986 2010 3021 Ottonem

964 3049 1183 3084 cardinalem
1209 3059 1273 3092 per
1298 3046 1440 3080 litteras
1466 3045 1588 3088 rogat,
1624 3044 1665 3076 ut
1691 3040 1845 3080 efficiat,
1876 3051 1920 3074 ne
1946 3037 2011 3072 Ca-

962 3103 1078 3137 nisius
1104 3102 1149 3136 ad
1175 3099 1364 3135 concilium
1390 3100 1563 3132 avocetur
1590 3094 1685 3139 (618.
1714 3094 1812 3136 589).

907 3155 1071 3192 Canisius
1097 3154 1323 3189 contionatur
1352 3151 1466 3194 (618).

907 3209 1141 3244 Contionatur
1169 3207 1284 3250 (618).
