2093 3444
241 228 325 269 598
486 225 642 258 Monuni.
672 223 906 268 (augustana)
935 224 1015 258 233.
1045 224 1092 268 (A
1118 236 1163 258 m.
1191 225 1286 258 Maio
1313 224 1356 258 ad
1383 224 1627 269 Septembrem
1657 225 1773 269 1561.)

241 345 285 384 et
326 342 520 385 Jesuitas
563 356 732 391 onmes,
778 345 825 383 ut
865 342 947 396 ipsi
988 344 1148 384 uocant
1187 342 1229 383 in
1273 342 1413 384 odium
1460 346 1503 384 et
1543 342 1747 384 inuidiam
1789 343 2000 385 adducere

241 407 434 460 adeoque
470 422 544 461 pro
578 407 781 448 concione
804 407 949 461 palam
982 407 1257 460 proscindere
1283 411 1482 461 pergant,
1517 407 1588 460 qui
1620 409 1865 449 nostrorum
1900 408 1999 449 doc-

239 471 355 514 trina
398 474 441 514 et
474 472 741 514 authoritate
784 486 830 513 se
863 472 976 525 apud
1018 472 1174 525 uulgus
1206 472 1341 526 premi
1382 475 1425 514 et
1458 472 1678 514 obscurari
1710 472 1868 515 dolent.
1931 471 2000 514 Ad

240 536 455 578 audienda
487 551 612 579 sacra
645 551 755 589 quae
795 536 839 577 in
871 536 1074 590 primario
1107 538 1269 591 templo
1303 537 1534 579 recitamus
1567 538 1817 590 frequentes
1849 537 2000 591 cupide

240 602 524 652 conueniunt,
565 604 609 643 et
642 602 754 654 quod
788 604 882 643 erat
913 601 1129 644 insuetum
1163 604 1293 644 antea
1330 602 1490 644 inflexo
1523 605 1706 655 utroque
1737 616 1850 655 genu
1882 616 2000 644 more

239 670 487 709 nostrorum
519 681 566 708 se
588 666 789 719 religiose
813 669 1074 720 componunt
1108 702 1114 708 .
1150 667 1217 708 Ad
1241 667 1379 708 altare
1408 669 1632 709 nostrum1
1663 681 1793 721 saepe
1816 668 2001 710 offerunt

239 731 414 784 aliquid,
448 731 549 774 licet
571 731 650 773 hoc
682 732 726 772 in
748 746 872 773 usum
896 734 1090 774 nostrum
1123 732 1296 774 minime
1320 733 1457 782 cedat,
1492 735 1536 775 et
1567 733 1745 774 subinde
1767 734 1921 786 petunt
1953 735 2001 774 ut

237 796 430 850 ipsorum
463 810 617 838 causas
660 800 704 838 et
736 796 897 838 amicos
930 796 1156 839 defunctos
1188 797 1372 839 Domino
1406 798 1751 839 commendemus
1785 833 1792 840 .
1826 798 2002 839 Donant

239 861 354 903 ultro
398 864 442 903 et
474 863 633 915 parant
675 861 893 913 exquisita
934 862 988 903 ad
1027 875 1117 903 rem
1156 862 1344 903 diuinam
1387 863 1688 904 celebrandam
1731 865 1998 912 ornamenta,

241 940 352 979 quae
383 940 461 980 per
493 929 643 969 nostra
667 926 858 979 Collegia
891 926 1185 968 distribuimus
1198 928 1226 977 2,
1262 929 1305 969 et
1338 927 1518 968 aliorum
1542 927 1821 970 Sacerdotum
1854 927 2000 969 usibus

239 991 507 1045 applicamus
547 1026 555 1033 .
596 992 677 1034 Est
718 990 872 1033 nobilis
916 991 984 1033 hic
1028 992 1231 1034 Matrona
1276 1006 1330 1033 ex
1374 992 1704 1034 Lutheranismo
1749 1005 1957 1034 conuersa
1970 993 1998 1042 3,

238 1055 438 1098 Ciuitatis
459 1056 585 1098 huius
608 1059 652 1098 et
674 1056 991 1098 Catholicorum
1014 1056 1202 1098 omnium
1232 1056 1398 1099 illustre
1432 1057 1782 1111 spectaculum
1817 1057 1999 1108 facta4,

239 1134 350 1173 quae
381 1135 586 1174 magnam
618 1121 831 1164 rationem
853 1122 984 1163 habet
1016 1121 1060 1162 in
1089 1122 1287 1175 augendo
1321 1125 1364 1164 et
1387 1123 1577 1164 ornando
1610 1136 1788 1164 numero
1812 1122 2001 1164 Catholi-

239 1200 399 1236 corum,
425 1201 535 1239 quae
553 1186 662 1229 alias
680 1201 849 1240 quoque
871 1189 1096 1229 matronas
1113 1190 1339 1240 permonet
1362 1188 1416 1229 ad
1434 1187 1684 1240 frequentes
1702 1187 2000 1240 eleemosynas

237 1250 281 1292 in
314 1251 558 1294 Catholicos
590 1266 802 1306 pauperes
841 1251 1146 1302 conferendas,
1187 1266 1298 1305 quae
1329 1252 1506 1307 insuper
1537 1253 1607 1294 uel
1638 1252 2001 1307 praetiosissimas

238 1320 384 1359 uestes
417 1317 570 1370 quibus
602 1317 812 1359 hactenus
845 1317 1108 1368 abundabat,
1149 1317 1203 1358 ad
1235 1318 1465 1371 parandas,
1499 1320 1548 1360 ut
1579 1332 1797 1368 uocamus,
1833 1317 2001 1359 casulas

239 1382 444 1436 applicat,
478 1382 642 1424 Eadem
677 1385 721 1424 et
753 1382 826 1435 alij
848 1382 1040 1435 nonnullj
1074 1396 1204 1436 saepe
1237 1382 1292 1424 ad
1324 1396 1401 1424 nos
1423 1382 1615 1433 mittunt,
1650 1397 1759 1436 quae
1792 1397 1877 1424 non
1909 1382 2000 1423 sine

238 1447 279 1488 ui
314 1449 357 1489 et
389 1447 589 1490 molestia
623 1447 808 1500 quadam
841 1447 1083 1490 refutamus
1116 1461 1316 1499 munera,
1361 1448 1467 1489 adeo
1500 1448 1622 1489 nobis
1654 1448 1824 1498 fauere,
1865 1461 1916 1489 ac
1949 1447 2001 1489 de

238 1512 361 1553 nobis
403 1512 513 1554 bene
555 1512 732 1566 mererj,
776 1526 1083 1565 usquequaque
1125 1516 1336 1556 conantur
1481 1513 1786 1566 Est'magnus
1827 1513 1881 1554 ad
1922 1526 2000 1554 nos

239 1590 472 1619 concursus
505 1591 765 1632 pauperum,
808 1581 856 1620 ut
888 1577 1254 1632 ipsos'Diuitibus
1288 1578 1611 1621 commendatos
1643 1579 1894 1629 reddamus,
1929 1577 1999 1631 qui

238 1645 515 1696 praesentem
550 1642 889 1685 consolationem
932 1646 975 1685 et
1008 1656 1132 1696 opem
1166 1645 1360 1685 nostram
1393 1657 1523 1698 saepe
1555 1643 1635 1685 sibi
1666 1644 1871 1698 prodesse
1903 1657 2001 1685 sen-

237 1706 352 1750 tiunt
387 1707 623 1761 .Virgines
668 1708 777 1750 duae
820 1708 1002 1750 honesto
1047 1708 1140 1750 loco
1184 1711 1336 1759 natae,
1384 1711 1428 1751 ct
1469 1722 1494 1750 a
1538 1708 1660 1750 nobis
1704 1709 1914 1751 hactenus
1956 1708 1999 1749 in

236 1771 402 1826 pietate
434 1773 684 1823 institutae,
727 1776 829 1815 sunt
861 1772 956 1826 alijs
989 1772 1287 1827 admirationj,
1331 1787 1441 1826 quae
1483 1788 1559 1815 suo
1593 1774 1763 1827 quidem
1801 1773 1998 1827 exemplo

238 1838 480 1892 complures
502 1841 824 1892 pcrmouerunt,
855 1837 1080 1891 magisque
1102 1839 1428 1892 permouebunt,
1463 1853 1556 1880 cum
1581 1839 1827 1881 institutum
1850 1852 2000 1880 mona-

238 1901 394 1945 sticum
439 1903 493 1944 ad
539 1903 651 1956 quod
696 1917 874 1957 prorsus
919 1903 1115 1957 aspirant
1163 1903 1281 1945 breui
1328 1904 1555 1958 amplexae
1599 1904 1760 1946 fuerint
1794 1939 1802 1947 .
1837 1905 1999 1946 Damus

239 1967 372 2010 etiam
405 1982 581 2021 operam
606 1969 769 2010 duobus
792 1967 982 2022 Templis
1005 1968 1285 2011 restituendis
1319 1972 1361 2010 ct
1385 1969 1601 2020 ornandis,
1636 1983 1746 2022 quae
1768 1968 1999 2024 superiori-

237 2033 316 2074 bus
359 2033 482 2074 annis
523 2033 745 2087 Haereticj
786 2033 1059 2087 prophanata
1104 2033 1302 2086 omnique
1344 2047 1467 2075 sacro
1510 2034 1628 2076 cultu
1672 2034 1859 2088 spoliata
1899 2033 1999 2076 reli-

238 2100 444 2150 querant,
488 2112 598 2151 quae
631 2113 744 2140 nunc
776 2112 880 2140 uero
912 2098 1122 2152 pictores,
1165 2098 1406 2152 sculptores
1446 2101 1490 2141 et
1521 2098 1721 2141 Lathomi
1751 2099 2000 2142 instaurant

238 2165 369 2215 atque
420 2163 662 2206 reformant
710 2199 719 2206 .
767 2163 921 2216 Neque
973 2163 1098 2205 modo
1151 2163 1268 2205 sanis
1315 2163 1600 2206 uerumetiam
1652 2164 1815 2217 egrotis
1868 2167 1999 2218 atque

237 2227 520 2270 morientibus
563 2227 844 2278 inseruimus,
891 2228 961 2281 qui
1007 2228 1195 2282 acceptis
1240 2228 1470 2281 aliquando
1512 2229 1805 2272 Sacramentis
1849 2233 1999 2284 aperte

236 2292 434 2335 fatentur
465 2307 512 2335 se
544 2307 622 2347 per
652 2307 731 2335 nos
762 2293 993 2347 plurimum
1027 2293 1293 2343 consolatos,
1337 2293 1508 2336 adiutos
1541 2297 1585 2336 et
1616 2294 1740 2347 quasi
1769 2295 1998 2338 restitutos

238 2371 333 2399 esse
367 2357 532 2400 .Venit
565 2372 619 2400 ex
647 2357 837 2400 Saxonia
869 2358 1042 2411 quidam
1074 2358 1230 2399 missus
1263 2358 1316 2399 ad
1349 2372 1427 2400 nos
1459 2361 1507 2400 ut
1538 2358 1762 2401 Ecclesiae
1793 2360 1997 2403 restitue-

237 2425 370 2473 retur,
394 2422 467 2476 qui
487 2423 630 2464 laetus
653 2425 697 2465 et
714 2422 961 2465 Catholicus
982 2423 1110 2477 plane
1134 2424 1411 2465 confirmatus
1436 2423 1572 2477 abiJ't5
1577 2459 1692 2467 .....
1727 2424 1997 2468 Deseruntur

237 2486 309 2540 alij
333 2487 594 2541 Confessarij
617 2488 771 2530 Patres
805 2490 849 2529 et
879 2488 933 2530 ad
965 2502 1043 2529 nos
1067 2488 1321 2537 accurritur,
1354 2489 1470 2541 'quod
1492 2490 1713 2542 gaudeant
1735 2489 1995 2544 Augustani,

237 2551 359 2593 nobis
391 2552 535 2606 potius
559 2566 687 2605 quam
720 2552 855 2594 cuiuis
888 2553 960 2607 alij
994 2552 1163 2607 aperire
1195 2556 1326 2606 atque
1358 2554 1612 2607 permittere
1643 2569 1744 2597 suas
1777 2555 1997 2598 conscien-

236 2616 344 2666 tias;
388 2617 641 2670 Quanquam
683 2617 893 2671 insipidus
932 2620 999 2660 est
1030 2617 1246 2671 plerisque
1279 2618 1418 2669 cibus,
1463 2634 1558 2661 cum
1591 2620 1771 2663 audiunt
1803 2620 1915 2662 sicut
1953 2623 1998 2663 et

237 2681 398 2736 passim
431 2696 544 2724 nunc
576 2682 629 2724 de
662 2696 711 2724 eo
744 2697 891 2724 rumor
922 2682 1164 2737 spargitur,
1204 2686 1376 2726 nostros
1409 2684 1662 2737 quibusdam
1703 2685 1996 2728 contractibus

238 2747 446 2802 usurarijs
478 2747 705 2802 refragarj,
740 2750 784 2790 et
815 2747 1137 2790 restitutionem
1169 2762 1338 2801 urgere,
1371 2749 1414 2790 in
1444 2749 1509 2791 his
1532 2764 1642 2803 quae
1674 2751 1805 2804 longo
1837 2751 1994 2793 multo-

237 2878 395 2912 nasterio
421 2878 616 2922 Kfihba0h‚
643 2878 736 2922 quod
761 2877 969 2912 monialium
995 2877 1301 2912 benedictinarum
1327 2882 1423 2921 erat,
1450 2879 1564 2914 fuisse
1589 2880 1750 2921 videtur;
1785 2881 1867 2915 vide
1893 2881 1995 2923 infra,

237 2942 391 2966 monum.
419 2931 498 2966 272.
549 2932 590 2965 In
615 2931 748 2976 templo
774 2931 1089 2965 Dominicanorum
1115 2931 1340 2967 contionatus
1367 2935 1440 2973 est;
1477 2934 1558 2968 vide
1584 2934 1698 2975 infra,
1734 2945 1888 2969 monum.
1915 2935 1994 2970 248.

359 2986 369 3005 ¹
397 2984 539 3019 Canisio
565 2985 766 3028 ceterisque
793 2984 906 3019 Sociis
931 2984 967 3018 in
993 2983 1143 3018 ecclesia
1169 2984 1367 3020 cathedrali
1393 2987 1506 3021 altare
1532 2986 1567 3021 S.
1594 2986 1858 3021 Bartholomaei
1886 2987 1995 3032 (quod

237 3037 308 3071 iam
334 3049 404 3071 non
430 3037 566 3081 exstat)
597 3037 823 3081 assignatum
849 3040 926 3071 erat
954 3037 1058 3081 (Can.
1086 3037 1174 3082 Epp.
1201 3038 1244 3080 II,
1272 3038 1368 3082 843).

358 3091 371 3110 ‘⁸’
397 3090 450 3124 Cf.
476 3091 581 3131 infra,
606 3102 761 3125 monum.
789 3090 868 3125 288.
896 3090 975 3125 304.
1002 3090 1082 3124 344.

359 3144 371 3163 3
397 3143 534 3188 Sibylla
560 3143 742 3178 comitissa
768 3144 810 3177 de
836 3143 1036 3184 Eberstein,
1062 3143 1175 3177 Marci
1202 3144 1358 3188 Fuggeri
1382 3157 1492 3186 uxor3
1530 3145 1613 3179 vide
1639 3156 1747 3190 supra
1772 3157 1804 3190 p.
1833 3146 1888 3180 ⁴20.
1916 3146 1993 3181 595.

358 3199 370 3216 4
400 3197 414 3229 1
444 3196 522 3231 Cor.
549 3197 581 3238 4,
608 3198 640 3231 9.
683 3196 791 3230 Hebr.
821 3197 873 3238 10,
901 3196 956 3230 33.
1055 3196 1068 3216 ⁵
1094 3195 1298 3241 Stephanus
1323 3198 1493 3241 Agricola
1523 3199 1632 3240 „iun.'‘
1666 3198 1714 3240 (v.
1741 3209 1850 3243 supra
1867 3210 1900 3243 p.
1920 3199 1992 3243 22).
