2093 3444
250 250 335 290 468
435 246 513 281 700.
551 246 598 280 Io.
627 246 697 279 Iac.
726 244 853 278 Khuen
880 245 923 278 de
950 244 1083 289 Belasy
1111 244 1263 279 Canisio.
1304 244 1513 288 Salisburgo
1542 246 1594 280 15.
1622 245 1702 279 Iulii
1732 246 1832 280 1562.

250 364 305 406 ad
328 363 598 406 Christianae
630 362 851 415 religionis
882 362 1096 416 publicam
1129 362 1379 412 utilitatem,
1412 361 1519 404 talia
1545 362 1705 404 ordinis
1737 363 1801 404 tui
1835 362 2020 416 collegia

250 429 337 472 sint
369 429 483 483 apud
515 443 593 470 nos
624 428 920 477 instauranda,
954 427 999 469 in
1032 427 1246 469 communi
1269 427 1492 469 consulere
1515 427 1669 470 uelis1.
1713 427 2017 469 Mandauimus

250 494 447 548 equidem
479 494 592 536 idem
624 496 767 536 tecum
801 492 873 546 agi
904 506 982 546 per
1012 492 1219 535 Oratores
1252 494 1437 542 nostros,
1472 506 1578 545 quos
1611 492 1724 534 haud
1756 492 1819 534 ita
1850 492 2016 546 pridem

249 559 514 602 Tridentum.
547 559 602 601 ad
645 572 770 600 sacra
815 557 990 600 comitia
1033 557 1385 610 ablegauimus2,
1432 557 1508 598 sed
1552 557 1652 610 quia
1695 555 1780 611 [te]
1827 571 1878 599 eo
1921 557 2017 599 loco

252 623 563 678 Oenipontum,
608 623 663 666 ad
703 637 781 665 nos
814 622 980 664 scilicet
1015 622 1190 677 propius
1230 626 1275 665 te
1318 621 1573 672 contulisse,
1617 621 2016 673 animaduertimus,

249 689 341 731 fieri
373 689 588 731 noluimus
620 687 720 742 quin
762 688 895 730 etiam
936 701 1013 742 per
1045 687 1196 729 literas
1228 690 1401 729 nostras
1441 686 1522 728 hoc
1555 687 1632 728 abs
1672 689 1717 729 te
1749 687 2016 741 postulatum

249 753 385 796 foret:
431 754 480 795 In
522 768 604 807 quo
647 756 808 807 quanto
850 753 973 795 nobis
1013 752 1177 807 poteris
1218 751 1457 806 gratificari
1498 751 1637 806 prius,
1683 755 1808 795 tanto
1849 752 2018 795 accidet

249 819 418 873 gratius
452 855 460 862 .
496 819 629 873 Atqui
652 819 687 860 si
710 818 899 860 uicissim
920 818 1007 861 tuis
1030 818 1203 860 dabitur
1226 818 1498 859 commodare
1521 817 1676 871 studijs
1700 850 1708 868 ‚
1732 817 1811 860 tibi
1840 820 2016 872 praesto

250 885 408 926 erimus
442 888 485 928 et
518 885 659 927 animo
693 887 737 927 et
768 884 920 926 fauore
954 919 961 926 .

369 967 625 1020 Saltzburgo
659 966 726 1008 die
762 967 813 1008 15
847 966 1007 1008 mensis
1039 965 1158 1019 Julij,
1192 979 1304 1007 anno
1341 967 1466 1008 1562.

370 1063 553 1097 Librarius
590 1063 795 1108 apographo
831 1062 1033 1108 inscripsit:
1075 1063 1148 1103 „Ad
1176 1062 1322 1095 Petrum
1351 1060 1533 1097 Canisium
1565 1062 1736 1096 Iesuitam
1770 1062 2017 1097 Ecclesiasten

250 1117 535 1160 Augustanum.“
591 1117 647 1151 Ex
674 1117 806 1150 codicis
833 1119 953 1150 3111001
979 1116 1084 1150 1111110
1112 1118 1148 1149 et
1173 1115 1330 1149 maxime
1356 1127 1401 1149 ex
1427 1115 1490 1156 iis,
1518 1126 1610 1159 quae
1636 1115 1766 1149 ibidem
1793 1116 1829 1149 in
1855 1116 2020 1159 margine

250 1170 274 1203 f.
302 1170 345 1205 8α
372 1172 495 1204 notata
521 1172 625 1211 sunt,
653 1169 895 1213 intellegitur,
923 1169 1065 1203 litteras
1093 1169 1200 1203 hasce
1226 1169 1397 1202 mandatu
1425 1168 1684 1214 archiepiscopi
1710 1169 1865 1214 scriptas
1892 1180 1971 1204 esse
1997 1181 2020 1203 a

250 1223 346 1264 viro,
384 1224 485 1258 0111115
512 1224 546 1257 10
574 1223 640 1258 hoc
667 1235 773 1268 opere
799 1235 906 1267 saepe
934 1222 1067 1256 mentio
1093 1224 1273 1256 recurret:
1311 1222 1442 1256 Ioanne
1469 1222 1636 1267 Baptista
1663 1222 1800 1256 Ficlero
1829 1222 2020 1266 (Fickler),

250 1276 391 1311 homine
410 1277 507 1319 iuris,
535 1277 746 1317 litterarum,
775 1276 1031 1320 antiquitatum
1050 1276 1280 1321 peritissimo.
1318 1275 1394 1317 Qui,
1423 1287 1453 1309 a.
1475 1276 1564 1310 1533
1590 1287 1634 1309 ex
1654 1275 1862 1319 Backnang,
1889 1275 2019 1321 oppido

249 1331 599 1374 wurttembergensi,
627 1333 727 1364 ortus
754 1332 789 1364 et
807 1330 872 1364 sub
900 1341 930 1364 a.
952 1330 1054 1370 1551,
1082 1341 1161 1363 cum
1182 1329 1395 1372 Ingolstadii
1414 1328 1547 1363 litteris
1574 1341 1717 1374 operam
1736 1329 1847 1370 daret,
1876 1329 2021 1364 Canisio

250 1384 417 1427 cognitus
446 1384 501 1428 (ut
528 1384 691 1428 equidem
720 1384 883 1426 conicio).
911 1395 991 1417 cum
1019 1382 1278 1427 archiepiscopi
1306 1382 1587 1426 salisburgensis
1614 1383 1848 1417 secretarium
1876 1385 1912 1416 et
1938 1394 2019 1417 000-

249 1437 423 1471 siliarium
452 1449 493 1471 ac
520 1440 645 1482 postea
672 1437 927 1471 cancellarium
955 1437 1109 1480 egisset,
1147 1436 1227 1469 inde
1254 1436 1297 1470 ab
1325 1447 1355 1470 a.
1386 1435 1475 1470 1589
1502 1435 1740 1470 Maximiliani
1768 1436 1813 1475 1.,
1841 1436 2020 1471 Bavariae

251 1491 351 1525 ducis
378 1493 414 1525 et
439 1491 578 1536 imperii
606 1490 781 1531 electoris,
808 1491 984 1533 magister
1001 1490 1154 1534 primum
1182 1492 1217 1523 ct
1244 1501 1381 1523 morum
1400 1489 1611 1531 moderator,
1639 1490 1764 1523 deinde
1792 1489 2020 1525 consiliarius

250 1545 389 1579 aulicus
419 1544 454 1587 (†
475 1545 581 1587 1610)
608 1544 676 1578 fuit
699 1544 939 1587 (Allgemeine
959 1543 1140 1577 Deutschc
1159 1544 1377 1587 Biogsraphie
1391 1543 1450 1583 VI,
1479 1543 1685 1584 775—777;
1714 1544 1782 1577 Pet.
1803 1544 1893 1577 Phil.
1913 1545 2019 1587 Wolf,

252 1597 467 1632 Geschichte
486 1597 731 1631 Maximilians
750 1598 775 1631 1.
794 1597 865 1631 und
884 1597 1002 1631 seiner
1021 1596 1096 1630 Zeit
1114 1596 1129 1629 1
1148 1595 1341 1640 [Mnnchen
1363 1595 1478 1639 1807].
1497 1596 1657 1637 88-92;
1683 1597 1827 1630 Frtedr.
1848 1597 2019 1640 Schmidt,

252 1650 469 1685 Geschichte
496 1651 558 1685 der
586 1651 789 1693 Erziehnng
816 1650 878 1684 dor
903 1649 1141 1695 bayerischen
1167 1649 1451 1684 VVittelsbacher
1479 1648 1614 1693 [Berlin
1644 1648 1746 1693 1892]
1774 1661 1806 1694 p.
1834 1661 2018 1685 Lv—Lvu.

251 1705 451 1739 252-257.
480 1704 666 1739 349-356
695 1704 792 1747 etc).

371 1758 537 1793 Ceterum
565 1759 717 1792 Ioannes
745 1757 894 1792 lacobus
929 1757 1043 1797 idem,
1080 1757 1173 1801 quod
1208 1769 1254 1791 m.
1283 1756 1370 1790 111110
1399 1756 1490 1791 1562
1525 1768 1588 1802 per
1613 1756 1679 1790 has
1713 1756 1874 1798 litteras,
1910 1756 2020 1801 paulo

251 1814 334 1846 ante
369 1824 433 1857 per
468 1811 627 1855 legatum
664 1811 828 1856 petierat.
880 1811 970 1845 Nam
998 1812 1151 1844 Mz'cleael
1181 1812 1445 1844 Cameracensis
1471 1809 1504 1844 S.
1532 1810 1564 1844 J.
1602 1809 1637 1844 in
1664 1809 1840 1844 *Litteris
1876 1809 2019 1854 quadri-

251 1865 446 1899 mestribus
465 1864 608 1909 collegii
626 1864 860 1905 monacensis,
887 1863 1077 1898 Monachio
1099 1864 1128 1898 1.
1148 1863 1234 1897 Maii
1257 1864 1346 1897 1562
1366 1863 1478 1897 datis:
1510 1862 1865 1908 „Archiepiscopus“,
1892 1863 2020 1907 inquit,

256 1918 555 1962 „salisburgensis
593 1919 635 1952 de
662 1917 855 1952 Societatis
891 1917 1042 1961 collegio
1070 1917 1252 1951 condendo
1279 1929 1342 1961 per
1367 1916 1632 1962 metropolitani
1670 1916 1818 1961 capituli
1845 1917 2019 1951 decanum

253 1971 432 2005 Monachii
472 1983 551 2005 cum
589 1971 702 2006 Sociis
740 1971 833 2015 egit“
879 1971 940 2014 (ex
979 1970 1142 2015 exemplo
1178 1970 1385 2015 archetypo.
1438 1969 1520 2004 Cod.
1562 1969 1622 2012 „G.
1660 1970 1723 2015 Ep.
1760 1970 1830 2003 III“
1870 1970 1894 2004 f.
1923 1970 2019 2013 79²¹).

251 2026 372 2070 Atque
415 2025 568 2070 epistula
612 2025 774 2069 quidem,
817 2036 888 2068 qua
927 2024 1092 2059 Canisius
1135 2023 1403 2068 archiepiscopo
1446 2023 1647 2068 respondit,
1690 2024 1826 2068 perisse
1864 2023 2021 2058 videtur.

252 2079 409 2112 Lainius
444 2080 563 2112 autem
599 2078 761 2112 *litteris
786 2077 956 2111 Tridento
995 2076 1047 2111 18.
1075 2077 1283 2111 Decembris
1317 2077 1407 2110 1562
1445 2076 1537 2110 datis
1572 2088 1702 2110 novam
1738 2076 1951 2119 dignitatem
1988 2077 2020 2111 ei

250 2132 456 2175 gratulatus
483 2131 571 2166 haec
598 2131 753 2166 addidit:
794 2131 883 2173 „Per
910 2130 974 2165 che
1001 2130 1035 2164 in
1063 2129 1279 2175 particolare
1305 2129 1350 2163 ho
1376 2129 1492 2163 inteso
1520 2129 1577 2163 dal
1603 2129 1645 2164 D.
1674 2129 1817 2164 Canisio
1845 2129 1878 2164 13
1904 2129 2019 2164 inten-

250 2186 346 2220 tione
382 2185 447 2219 che
474 2185 613 2219 hauena
640 2185 684 2218 V.
711 2184 744 2219 8.
775 2183 1033 2219 Jllustrissima
1059 2183 1181 2217 defare
1216 2182 1312 2217 nella
1347 2194 1413 2217 sua
1440 2183 1527 2217 citta
1562 2195 1610 2217 un
1645 2182 1797 2226 collegio
1824 2183 1866 2217 de
1892 2183 2019 2225 nostri,

250 2238 295 2273 ho
323 2250 483 2273 comesso
510 2239 543 2272 al
572 2238 612 2272 D.
632 2238 799 2279 Vittoria,
827 2238 934 2272 etiarn
962 2249 1025 2282 per
1051 2239 1179 2281 questa
1207 2248 1315 2271 causa
1341 2236 1487 2270 andassi
1514 2238 1534 2270 a
1560 2236 1616 2270 far
1642 2236 1837 2270 riuerentia
1862 2236 2017 2280 aquella,

250 2293 349 2327 accio
387 2293 521 2337 potessi
558 2291 725 2335 ragionar
751 2291 793 2325 V.
832 2290 869 2325 C.
909 2303 974 2325 con
1013 2290 1062 2324 lui
1100 2290 1161 2335 piu
1200 2290 1451 2324 diffusamente
1491 2289 1545 2323 del
1585 2301 1649 2324 suo
1689 2290 1855 2334 disegno;
1894 2291 1930 2324 et
1966 2289 2017 2323 lui

250 2345 464 2380 riferirmelo
490 2344 622 2390 perche
649 2356 747 2378 come
774 2343 819 2378 ho
846 2344 944 2378 detto
980 2343 1170 2388 inquelche
1197 2345 1357 2388 potremo
1392 2355 1461 2376 non
1487 2354 1714 2377 mancaremo
1740 2343 1783 2377 de
1810 2343 2017 2388 adoperarci

250 2400 286 2433 in
322 2399 474 2433 seruicio
515 2400 550 2432 et
584 2397 828 2432 satisfattione
865 2398 907 2431 de
932 2397 976 2431 V.
1005 2397 1038 2431 8,
1075 2396 1333 2431 Jllustrissima
1372 2398 1408 2430 et
1443 2396 1526 2430 delli
1560 2396 1695 2431 subditi
1732 2396 1810 2431 suoi
1846 2398 1866 2430 a
1901 2396 2017 2440 gloria

251 2453 283 2486 d’
303 2452 409 2486 ι1111110
434 2451 477 2485 N.
505 2451 559 2485 8.“
601 2451 661 2494 (ex
695 2450 902 2496 apographo
938 2451 1096 2485 eiusdem
1132 2450 1313 2494 temporis.
1366 2448 1449 2483 Cod.
1480 2449 1543 2491 ,V.
1570 2449 1610 2483 P.
1638 2449 1701 2483 62“
1741 2449 1765 2483 f.
1796 2448 1912 2493 1082).
1962 2450 2018 2483 Ac

251 2507 428 2540 Polancus
452 2504 623 2538 Tridento
651 2505 681 2538 7.
701 2504 858 2538 Ianuarii
888 2504 977 2538 1563
1005 2503 1049 2538 ad
1068 2503 1189 2538 Socios
1216 2503 1251 2536 in
1278 2503 1388 2536 Indiis
1414 2504 1604 2537 versantes
1629 2502 1773 2537 scribit:
1804 2501 2019 2544 „Otrotanto

252 2558 288 2603 [i.
316 2570 345 2592 e.
372 2570 417 2591 no
452 2569 490 2592 se
524 2557 570 2591 ha
597 2558 724 2602 podido
759 2557 865 2591 hasta
901 2568 985 2591 aora
1021 2557 1156 2590 embiar
1187 2555 1309 2599 gente]
1346 2556 1428 2599 digo
1455 2555 1497 2589 de
1533 2567 1578 2589 un
1615 2555 1765 2599 collegio
1792 2567 1860 2599 que
1895 2567 1933 2589 se
1968 2555 2017 2590 ha

251 2611 445 2656 acceptado
481 2623 525 2644 en
560 2609 777 2654 Straubinga
894 2622 917 2654 y
954 2610 996 2643 de
1032 2612 1109 2644 otro
1146 2609 1188 2643 de
1215 2609 1437 2643 Vratislauia
1465 2636 1472 2642 .
1493 2636 1498 2641 .
1520 2635 1527 2642 .
1553 2620 1578 2653 y
1612 2610 1689 2643 otro
1725 2620 1768 2642 en
1794 2608 2017 2652 Salizburgo,

251 2677 321 2710 que
347 2665 435 2698 haze
461 2664 493 2698 el
520 2663 729 2708 arciouispo‚
756 2674 891 2708 porque
917 2674 956 2697 se
981 2663 1053 2696 han
1079 2662 1273 2707 acceptado
1299 2661 1353 2696 las
1379 2662 1624 2703 fundationes,
1651 2673 1735 2707 pero
1760 2673 1805 2695 no
1832 2661 1919 2696 seha
1945 2673 2016 2696 aun

251 2718 414 2753 embiado
442 2718 568 2762 gente“
603 2716 664 2760 (ex
690 2716 944 2750 commentario
970 2727 991 2749 3
1017 2715 1172 2749 Polanco
1198 2714 1275 2759 ipso
1309 2717 1486 2756 correct03
1522 2715 1633 2749 verba
1665 2727 1708 2760 „y
1733 2717 1810 2749 otro
1836 2727 1879 2749 en
1906 2714 2018 2749 83112-

373 2846 383 2866 ¹
409 2844 581 2878 Albertus
598 2843 641 2878 V.
667 2855 713 2878 m.
734 2843 865 2878 Martio
891 2842 981 2877 1562
1007 2842 1185 2887 episcopis
1212 2842 1479 2877 ecclesiasticae
1504 2842 1710 2888 provinciae
1736 2841 2017 2884 salisburgensis

252 2898 453 2941 Salisburgi
479 2897 709 2941 congregatis
735 2908 798 2942 per
824 2898 982 2931 oratores
1008 2906 1111 2936 suos,
1147 2907 1188 2929 30
1222 2895 1378 2930 maxime
1417 2895 1472 2939 (ut
1505 2895 1663 2939 videtur)
1700 2907 1764 2940 per
1789 2894 2017 2940 Staphylum,

257 2951 428 2995 „collegia
455 2951 696 2985 Jesuitarum“
727 2949 1042 2984 commendaverat
1069 2948 1262 2992 (Knopfler
1286 2949 1308 2983 1.
1337 2961 1365 2983 c.
1393 2961 1425 2994 p.
1453 2949 1528 2992 86).

372 3004 385 3025 2
410 3004 561 3038 10301105
588 3003 738 3038 Iacobus
764 3002 961 3037 Martinum
987 3001 1180 3036 Herculem
1206 3002 1395 3045 Rottinger
1416 3001 1632 3046 (Retinger),
1660 3001 1865 3046 episcopum
1891 3000 2015 3035 lavan-

251 3057 386 3100 tinum,
413 3060 449 3091 et
474 3057 692 3091 Felicianum
719 3056 965 3099 Ninguardam
991 3067 1011 3089 a
1037 3055 1231 3097 Morbinio,
1260 3055 1299 3089 Ο.
1328 3055 1404 3096 Pr„
1431 3055 1673 3090 consiliarium
1699 3066 1821 3095 suum,
1848 3065 2016 3099 procura-

250 3112 348 3145 tores
375 3112 411 3144 et
436 3112 596 3145 oratores
623 3110 667 3144 ad
690 3109 879 3144 concilium
897 3109 1046 3143 miserat
1063 3108 1179 3152 iisque
1198 3108 1363 3142 Ioannem
1384 3108 1586 3153 Baptistam
1605 3107 1782 3142 Ficlerum
1800 3107 2017 3141 adiunxerat

251 3163 504 3204 secretarium3
541 3163 602 3208 qui
629 3164 661 3198 6.
686 3163 774 3197 Maii
800 3162 1009 3196 Tridentum
1045 3161 1267 3196 advenerant
1295 3162 1362 3205 (Le
1386 3163 1467 3195 Plat
1492 3162 1515 3197 l.
1542 3174 1571 3196 c.
1598 3162 1641 3203 V,
1671 3161 1874 3201 171—174;
1913 3159 2016 3201 V112,
