2093 3444
421 236 578 271 Monum.
608 236 842 281 (augustana)
872 236 952 271 258.
980 236 1059 270 259.
1089 235 1161 280 (26.
1188 236 1324 282 Aprilis
1352 236 1469 280 1562.)
1746 238 1831 280 643

883 353 1014 395 258.

779 442 833 478 26.
861 441 1002 489 Aprilis
1028 442 1123 478 1562.

186 525 241 559 Ex
276 525 452 559 contionis
487 525 761 566 commentario,
798 525 842 560 ab
876 526 1021 559 Andrea
1048 524 1130 559 Stor
1164 525 1298 570 scripto
1334 526 1370 559 et
1404 536 1425 559 a
1461 524 1602 559 Canisio
1638 526 1833 569 recognito.

65 579 150 613 Cod.
183 578 287 621 „Can
315 577 357 612 X.
385 577 437 612 U“
468 578 492 613 f.
522 579 598 613 172.

189 643 355 677 Canisius
389 653 530 676 sacram
565 644 613 676 ad
649 647 820 687 „montem
845 641 1028 676 sanctunz“
1058 643 1221 677 Andechs
1250 643 1575 687 pereyrinationem
1607 645 1833 678 commendat.

189 726 390 767 Ccuie'sius
422 727 640 780 Au‘qustae
671 728 740 767 26.
775 726 941 779 Aprilis
973 729 1088 767 1562
1125 741 1143 767 e
1177 732 1367 781 svuyqqestu
1408 740 1555 768 sacras
1584 727 1834 781 peregrina-

65 792 199 833 tiones
230 792 373 833 multis
410 791 647 833 rationibus
689 806 738 832 em
770 792 1016 844 Scriptura,
1060 792 1290 833 traditione
1300 825 1310 844 7
1355 792 1549 845 exemplis
1584 792 1835 832 Scmctorunz

60 857 205 911 petitis
237 856 470 909 defendens
502 857 898 911 commendansque,
941 857 1196 909 sinqularem
1229 856 1328 909 fecit
1364 857 1611 898 mentionem
1643 856 1836 897 abbatiae

68 921 354 963 benedictinae
398 922 595 963 Andeclts
643 921 776 972 (nunc
817 922 1039 975 prioratus
1088 922 1272 962 eiusdem
1318 922 1505 974 ordinis,
1554 922 1598 962 in
1642 922 1834 963 Bavaria

68 986 302 1041 superiore)
335 988 420 1028 sive
444 987 631 1039 „Montis
662 985 840 1036 sancti“,
879 990 919 1027 ut
954 988 1069 1040 vutqo
1104 987 1261 1039 diezmt,
1296 985 1368 1027 ubi
1395 991 1479 1027 tum
1503 987 1659 1028 multae
1690 1001 1837 1028 sacrae

67 1053 286 1107 reliquiae,
320 1057 404 1093 tum
438 1056 521 1093 tres
553 1052 710 1093 hostiae
732 1052 830 1093 otini
861 1056 1125 1093 consecratae
1157 1053 1331 1106 'ipsaque
1354 1053 1602 1106 antiquitate
1633 1052 1837 1106 mirificae

66 1122 355 1159 asservantur.
424 1117 476 1158 In
522 1118 726 1158 sermonis
772 1117 879 1157 enim
924 1117 1045 1157 ¹initio
1091 1118 1150 1157 ait
1193 1118 1481 1171 quaerendum
1526 1131 1631 1170 esse,
1681 1130 1736 1158 an
1781 1115 1838 1157 sit

68 1181 358 1224 Christianum
391 1181 497 1224 utile
530 1183 574 1223 et
605 1180 843 1229 laudabile,
878 1184 925 1223 ut
958 1181 1052 1233 quis
1086 1195 1139 1222 ex
1172 1183 1274 1223 uoto
1306 1181 1608 1235 peregrinetur
1640 1181 1695 1222 ad
1726 1181 1838 1222 hunc

68 1247 139 1289 vel
178 1246 300 1288 illum
343 1247 486 1289 locum
527 1260 721 1296 sacrum,
767 1246 880 1288 sicut
922 1246 1047 1288 multi
1091 1246 1233 1288 sciunt
1276 1247 1387 1299 quod
1432 1247 1602 1288 soleant
1644 1245 1839 1288 nonnulli

67 1312 202 1355 semel
233 1312 304 1354 vel
338 1311 401 1354 bis
441 1311 486 1353 in
527 1326 639 1354 anno
672 1311 727 1353 ad
760 1314 950 1353 montem
993 1313 1190 1353 sanctum
1227 1311 1462 1365 proficisci,
1506 1313 1550 1354 et
1591 1311 1646 1354 ad
1677 1310 1838 1353 similes

68 1377 290 1420 ecclesias.

894 1451 1024 1494 259.

784 1542 839 1578 26.
866 1540 1007 1589 Aprilis
1034 1541 1129 1578 1562.

190 1631 247 1665 Ex
273 1630 448 1666 contionis
475 1631 742 1672 commentario,
770 1631 814 1665 ab
840 1631 984 1665 Andrea
1003 1630 1085 1665 Sffir
1109 1630 1243 1675 scripto
1270 1632 1306 1665 et
1333 1642 1352 1665 a
1372 1630 1514 1665 Canisio
1540 1630 1617 1676 ipso
1642 1629 1839 1674 recognito.

71 1684 159 1719 cod.
190 1685 296 1727 „Cam
323 1684 366 1719 X.
395 1684 445 1718 U“
476 1684 501 1718 f.
531 1684 607 1719 18¹2.

196 1757 382 1799 Camenis,
416 1767 541 1790 sacras
566 1757 874 1800 pereyrinattones
900 1756 1166 1799 commendans,
1202 1756 1316 1789 Deum
1346 1755 1543 1799 Oettinyae,
1582 1755 1839 1798 Compostellae,

72 1810 241 1854 Eystadii
267 1815 326 1844 etc.
346 1821 417 1853 per
444 1810 593 1844 Sanctos
619 1810 797 1843 miracula
824 1810 923 1843 edere
948 1813 1106 1843 testatur.

195 1892 396 1934 Canisius
430 1894 472 1934 in
506 1894 692 1934 contione
724 1894 941 1947 Auqustae
972 1894 1042 1934 26.
1077 1893 1243 1946 Aprilis
1277 1893 1391 1934 1562
1424 1891 1568 1933 habita
1604 1891 1663 1931 ad
1694 1905 1841 1932 sacras

67 1958 432 2013 pereyrinationes
455 1958 813 2000 commendandas
835 1958 949 2010 haec,
975 1962 1151 2012 praeter
1183 1958 1284 2011 alia,
1310 1958 1512 2011 protulit:
1544 1955 1606 1998 Ut
1625 1955 1842 1998 Lutherus

73 2022 240 2065 fatetur
271 2025 315 2065 et
347 2022 617 2077 experientia
649 2023 787 2073 docet,
821 2023 939 2064 Deus
969 2021 1076 2064 facit
1108 2021 1343 2064 miracu1a³
1374 2021 1417 2063 in
1450 2020 1706 2074 quibusdam
1737 2020 1842 2062 locis

74 2102 151 2142 per
174 2088 356 2130 Sanctos
389 2101 502 2139 suos,
536 2088 648 2131 sicut
678 2102 756 2142 per
783 2087 1070 2140 Walburgam
1103 2087 1146 2128 in
1179 2087 1345 2129 Eistatt
1361 2088 1389 2137 1,
1424 2088 1469 2128 2?
1501 2100 1578 2140 per
1598 2085 1842 2140 Philippum

73 2154 116 2196 in
141 2153 318 2196 Sicilia2
351 2155 396 2195 35³
428 2167 506 2208 per
527 2153 739 2196 Jacobum
770 2153 814 2194 in
836 2152 1049 2207 Hispania
1065 2154 1093 2202 3,
1127 2166 1205 2206 per
1233 2151 1461 2195 Nicolaum
1493 2151 1537 2193 in
1560 2150 1678 2193 Licia
1712 2149 1841 2205 [?]’³4‚

75 2224 177 2274 per⁰
219 2217 485 2272 Stephanum
524 2218 569 2260 in
600 2218 795 2260 Affricafi
836 2232 914 2272 per
946 2217 987 2261 S.
1021 2217 1234 2260 Leonar.6
1271 2232 1323 2259 zu
1354 2216 1748 2267 Duntenhauseffl,
1791 2230 1843 2257 zu

75 2297 237 2326 unsern
270 2283 310 2326 .l.
344 2283 510 2325 frawen
543 2298 595 2325 zu
628 2282 864 2336 Oettingen
881 2284 909 2325 8.

196 2411 210 2425 ἃ
235 2403 407 2438 miraculo
435 2405 514 2437 libr.
613 2404 628 2424 b
653 2404 738 2436 Vide
767 2404 878 2446 infra,
905 2404 987 2437 adn.
1016 2404 1047 2436 4.

195 2464 207 2478 ⁰
232 2458 309 2491 Hoc
337 2458 474 2491 verbum
503 2462 534 2490 et
559 2468 648 2501 quac
672 2461 879 2501 sequuntur,
907 2457 943 2489 C.
969 2467 1035 2489 sua
1061 2467 1171 2489 manu
1198 2456 1347 2489 addidit.

201 2569 208 2588 ¹
237 2567 271 2602 S.
290 2567 502 2611 NValburgis
528 2567 711 2601 abbatissa
747 2566 955 2601 monasterii
982 2566 1237 2607 Heidenheim,
1272 2566 1338 2600 sub
1374 2577 1405 2600 a.
1434 2566 1501 2600 780
1536 2565 1666 2600 ibidem
1693 2568 1844 2608 mortua,

76 2621 221 2657 saeculo
247 2620 308 2655 IX.
337 2620 550 2666 Eystadium
575 2620 764 2654 translata.

199 2674 212 2695 2
238 2674 271 2709 S.
300 2673 489 2719 Philippus
524 2674 733 2719 presbyter,
776 2673 995 2715 „Siculorum
1030 2672 1233 2718 apostolus“
1281 2672 1362 2715 (sub
1400 2672 1542 2706 initium
1580 2672 1715 2707 saeculi
1740 2673 1844 2717 V.‘.>).

77 2728 283 2763 Notandum
311 2730 376 2767 est,
403 2727 587 2762 Canisium
614 2739 635 2761 a
660 2739 706 2761 m.
734 2726 868 2771 Aprilis
896 2727 986 2762 1548
1014 2727 1058 2761 ad
1085 2726 1225 2760 Iunium
1255 2726 1344 2760 1549
1370 2725 1407 2759 in
1433 2725 1555 2760 Sicilia
1581 2725 1734 2769 degisse.

201 2782 214 2801 ³
239 2781 272 2815 S.
300 2781 452 2815 Iacobus
476 2781 599 2822 maior,
627 2779 821 2826 apostolus,
850 2779 1112 2825 compostellae
1138 2779 1314 2824 sepultus.

200 2837 212 2854 4
240 2834 408 2868 Fortasse
442 2833 547 2879 lapsu
572 2833 632 2868 vel
667 2833 796 2868 calami
822 2832 881 2867 vel
917 2833 1109 2867 memoriae
1140 2832 1277 2875 „Licia‘
1307 2831 1480 2877 scriptum
1517 2834 1571 2866 est
1605 2844 1668 2877 pro
1699 2832 1842 2874 „1talia“

80 2888 141 2922 vel
169 2887 361 2932 „Apulia⁴‘;
393 2889 536 2921 constat
561 2887 664 2927 enim,
692 2886 725 2921 S.
753 2886 938 2920 Nicolaum
965 2886 1171 2932 episcopum
1196 2897 1400 2931 myrensem
1430 2885 1561 2930 (Myra,
1588 2885 1718 2931 Lyciae
1745 2887 1844 2931 urbs)

80 2941 165 2985 (sub
191 2941 347 2975 medium
372 2940 556 2975 saeculum
582 2940 644 2974 IV.
665 2939 712 2984 [12]
738 2939 933 2983 mortuum)
962 2939 1105 2974 saeculo
1125 2939 1184 2974 XI.
1204 2939 1348 2973 Barium
1371 2938 1486 2982 (Bari)
1514 2938 1729 2973 translatum
1756 2951 1846 2974 esse.

202 2995 215 3014 ⁵
241 2994 294 3028 Cf.
322 3005 431 3039 supra
457 3005 490 3038 p.
517 2994 585 3028 639
598 2994 622 3027 ⁶.

203 3049 215 3068 ⁶
241 3047 274 3082 S.
295 3047 501 3081 Leonardus
519 3047 668 3081 eremita
687 3049 723 3081 et
741 3047 861 3088 abbas,
883 3046 1091 3080 monasterii
1109 3045 1361 3080 nobiliacensis
1380 3045 1540 3079 conditor
1560 3044 1595 3087 (†
1613 3045 1679 3079 sub
1697 3057 1728 3080 a.
1749 3045 1848 3090 559).

203 3102 216 3122 7
241 3100 535 3142 Tuntenhausen,
563 3100 741 3134 Bavariae
767 3100 961 3145 superioris
988 3098 1102 3134 vicus.

204 3155 216 3175 ⁸
242 3154 444 3198 Altotting,
480 3154 655 3188 Bavariae
687 3152 867 3188 inferioris
902 3152 1090 3198 oppidum,
1124 3152 1185 3187 ubi
1212 3153 1345 3187 Beatae
1371 3152 1507 3186 Mariae
1533 3151 1695 3195 Virginis
1730 3152 1848 3196 imago

82 3207 332 3243 vetustissima
358 3207 498 3242 colitur.

1498 3267 1540 3297 41
1555 3264 1571 3281 *
