2093 3444
241 192 322 233 756
555 188 711 221 Monuni.
742 185 1054 230 (vindobonensia)
1085 185 1162 220 374.
1194 185 1281 230 (Sub
1307 197 1353 220 111.
1380 186 1541 230 Aprilem
1569 186 1688 230 1561.)

237 304 520 340 ‚Jurisconsulto'‘
551 306 586 337 et
620 302 837 347 reipublicae
867 302 1079 336 basileensis
1107 302 1346 347 procuratori,
1381 301 1592 336 Vindobona
1622 314 1687 345 „ex
1714 302 1796 336 aula
1822 302 2004 337 Universi-

237 358 343 392 tatis*
375 358 405 391 6.
434 357 520 390 Maii
549 357 635 390 1561
665 355 828 401 scripsit:
869 355 1042 398 „Quidam
1069 355 1254 389 Gelrensis
1289 355 1473 400 proposuit
1506 368 1620 400 nuper
1655 356 1864 390 consistorio
1900 356 2006 390 huius

238 410 424 455 Gymnasii
451 409 747 443 contumeliosum
772 409 951 454 prolixum
977 409 1152 454 scriptum
1179 420 1248 452 quo
1283 408 1371 442 mihi
1397 409 1594 443 vanitatem
1629 409 1722 443 inter
1749 409 1818 444 alia
1845 409 2006 444 convicia

237 463 433 497 incredibili
471 462 668 497 acerbitate
695 463 907 507 exprobrat:
942 473 999 495 me
1034 462 1208 496 hactenus
1234 473 1328 496 vana
1362 473 1426 507 spe
1448 462 1540 507 juris
1575 462 1784 497 candidatos
1810 465 1912 497 tanta
1937 462 2004 498 No-

236 516 413 550 vellarum
448 517 688 550 ostentatione
723 516 898 550 lactasse:
936 518 1044 559 atque
1079 517 1220 549 tantum
1255 515 1400 553 abesse,
1438 517 1478 549 ut
1507 515 1678 550 Novellas
1713 516 1864 561 pristino
1898 516 2005 550 nitori

236 569 466 611 restituerim,
494 572 535 603 ut
561 569 669 603 etiam
696 569 912 614 αὐτόγραφα
938 579 1122 612 nunquam
1149 568 1320 602 viderim“
1354 570 1413 612 (R.
1439 581 1467 603 τ’.
1492 570 1680 613 Ste'ntzinss,
1708 569 1827 612 Georg
1845 569 2005 604 Tanners

238 623 357 657 Briefe
384 634 429 657 an
455 623 663 657 Bonifacius
689 622 761 656 und
788 622 944 656 Basilius
970 622 1173 655 Amerbach
1201 621 1316 665 [Bonn
1345 621 1448 666 1879]
1475 634 1507 667 p.
1536 623 1609 662 54).

355 682 411 716 Ad
438 694 528 726 quae
555 682 666 716 verba
692 683 728 716 J.
755 683 796 715 de
814 683 892 715 Wal
916 681 954 715 in
984 680 1273 726 „Opmerkingen
1309 693 1352 715 en
1378 681 1564 725 gissingen
1590 693 1678 715 naar
1703 682 1909 725 aanleiding
1934 694 2005 717 van

237 747 301 769 een
328 735 390 769 der
415 735 566 779 onlangs
592 736 811 779 uitgegeven
837 734 985 769 brieven
1011 746 1081 768 van
1110 734 1228 778 Georg
1254 735 1414 768 Tanner⁸⁴
1445 735 1533 769 11300
1569 735 1736 770 3(1110131;
1778 735 2005 781 „Natuurlijk

236 789 317 834 rijst
343 789 419 823 hier
446 789 488 823 de
506 800 621 832 vraag
647 800 702 833 op,
729 788 796 822 wie
823 788 878 822 die
905 788 1048 831 quidam
1070 787 1253 822 Gelrensis
1271 788 1344 822 kan
1362 790 1522 831 gexveest
1546 787 1647 833 zijn‘?
1675 816 1681 822 .
1703 816 1709 822 .
1730 816 1736 823 .
1773 788 1871 823 Geen
1897 789 2007 823 ander

237 842 309 876 kan
335 842 411 876 hier
437 842 585 876 bedoeld
612 842 682 887 zijn
709 842 778 876 dan
798 842 927 876 Petrus
955 841 1120 875 Canisius
1145 854 1216 876 van
1235 841 1434 886 Nijmegen.
1456 869 1462 875 .
1485 869 1490 875 .
1512 869 1518 875 .
1553 842 1605 875 De
1631 842 1909 877 schranderheid
1935 855 2005 877 van

239 895 422 938 Canisius,
458 895 514 929 die
541 907 610 930 van
647 896 689 929 de
724 895 873 929 zwakke
903 894 994 940 zijde
1031 895 1142 940 zijner
1176 895 1453 939 tegenstanders
1487 895 1695 929 uitnemend
1730 895 1836 941 partij
1863 896 1945 931 wist
1969 899 2005 931 te

237 948 410 990 trekken,
445 949 563 983 treedt
589 949 656 983 ook
682 948 760 983 hier
785 949 820 982 in
856 960 920 982 een
946 948 1069 982 helder
1096 948 1276 992 daglicht“
1309 948 1525 991 (Verslagen
1552 960 1595 982 en
1625 949 1918 993 mededeelingen
1945 951 2006 984 der

237 1002 462 1048 koninklijke
500 1002 687 1036 akademie
722 1013 793 1036 van
831 1001 1143 1046 wetenschappen.
1196 1001 1388 1045 Afdeeling
1414 1001 1652 1036 letterkunde.
1712 1002 1863 1037 Tweede
1888 1003 2005 1038 reeks.

238 1056 269 1090 8.
296 1055 394 1089 Deel.
446 1055 688 1100 [Amsterdam
717 1054 821 1099 1878]
856 1067 889 1100 p.
918 1055 1134 1097 364—366).
1185 1055 1304 1099 Atque
1340 1056 1545 1089 Asehbaeh:
1583 1056 1670 1097 „Mit
1704 1055 1820 1090 Recht
1855 1056 2007 1091 erkennt

237 1108 289 1143 De
316 1108 400 1142 Wal
427 1136 434 1143 .
464 1136 471 1143 .
499 1136 506 1143 .
533 1108 570 1142 in
596 1110 676 1143 dem
703 1108 853 1150 Quidam
881 1108 1064 1142 Gelrensis
1091 1109 1158 1142 den
1184 1108 1332 1142 XViener
1366 1108 1635 1152 theologischen
1662 1109 1850 1143 Professor
1875 1109 2006 1145 Petrus

239 1161 403 1196 Canisius
429 1174 494 1197 aus
519 1162 729 1205 Nimwegen
756 1162 792 1196 in
819 1162 994 1196 Geldern“
1027 1161 1066 1205 (l.
1093 1173 1121 1196 0.
1150 1162 1210 1203 ΙΙΙ,
1237 1161 1357 1205 2842).
1392 1163 1442 1196 At
1468 1174 1512 1195 ex
1538 1161 1669 1196 litteris
1696 1163 2005 1208 monumentisque

238 1215 273 1249 in
299 1215 406 1249 huius
432 1216 549 1260 operis
575 1215 818 1250 voluminibus
845 1215 888 1249 ΙΙ.
916 1217 952 1249 01
977 1216 1038 1249 ΙΙΙ.
1067 1215 1194 1260 positis
1220 1217 1317 1250 certo
1344 1217 1504 1256 constat,
1538 1214 1730 1256 Canisium,
1757 1215 1921 1260 plurimis
1946 1229 2004 1251 ne-

239 1269 346 1312 gotiis
373 1269 579 1311 distentum,
607 1270 677 1303 iam
703 1281 733 1304 a.
764 1269 864 1310 1556,
890 1268 922 1303 si
946 1281 1016 1302 non
1043 1269 1152 1313 prius,
1180 1269 1215 1302 in
1241 1268 1478 1303 universitate
1504 1268 1762 1303 vindobonensi
1788 1269 2003 1314 theologiam

239 1323 364 1356 docere
391 1322 551 1357 desiisse.
589 1322 714 1366 Neque
741 1334 786 1356 ex
812 1334 863 1364 eo,
890 1322 982 1366 quod
1009 1322 1212 1356 Tannerum
1238 1322 1523 1367 protestantibus
1549 1322 1685 1356 favisse
1712 1324 1854 1357 constat
1882 1323 2003 1365 (Asch-

239 1376 325 1409 baeh
350 1376 372 1409 l.
400 1388 429 1410 0.
459 1376 519 1416 ΙΙΙ,
547 1376 626 1411 284.
661 1378 713 1410 De
741 1377 818 1409 Wac
843 1375 866 1410 ].
893 1387 922 1410 0.
950 1387 982 1420 p.
1010 1375 1107 1418 364),
1134 1375 1260 1409 deduci
1286 1377 1415 1420 potest,
1447 1375 1629 1410 Canisium
1657 1387 1736 1409 eum
1763 1376 2005 1420 singulariter,

238 1429 344 1473 idque
370 1429 438 1464 hac
463 1429 620 1470 ratione,
654 1429 871 1464 insectatum
907 1440 1004 1470 esse;
1041 1429 1108 1463 hoc
1135 1429 1227 1463 enim
1262 1431 1423 1474 tempore
1458 1429 1494 1462 in
1521 1428 1714 1463 Germania
1748 1429 1843 1464 haud
1872 1441 2006 1474 paucos

237 1484 517 1517 universitatum
552 1483 807 1518 catholicarum
834 1483 1055 1528 professores
1090 1482 1219 1516 animis
1245 1482 1357 1516 fuisse
1392 1483 1427 1516 in
1458 1482 1734 1527 protestantium
1762 1483 1929 1526 dogmata
1955 1483 2005 1518 in-

239 1536 382 1571 clinatis
408 1538 629 1581 compertum
664 1540 729 1571 est.
781 1535 947 1570 Canisius
982 1548 1067 1570 vere
1094 1548 1124 1570 a.
1154 1536 1241 1570 1561
1270 1536 1460 1580 Augustae
1496 1535 1649 1579 degebat
1682 1547 1798 1580 neque
1833 1539 1916 1571 ante
1947 1549 2006 1572 ex-

239 1592 383 1624 euntem
409 1601 454 1623 m.
482 1589 622 1624 Iunium
649 1589 908 1630 Vindobonam,
935 1589 1041 1633 idque
1067 1590 1112 1624 ad
1138 1589 1247 1623 breve
1272 1591 1426 1634 tempus,
1453 1589 1554 1623 venit
1579 1589 1679 1633 (vide
1705 1600 1814 1634 supra.
1839 1602 1872 1634 p.
1902 1591 2005 1634 170);

239 1643 397 1684 accedit,
432 1644 525 1687 quod
552 1644 587 1677 in
614 1642 748 1677 Canisii
774 1645 810 1677 et
836 1642 1018 1677 Soc-iorum
1044 1643 1362 1677 vindobonensium
1391 1642 1557 1687 epistulis
1587 1654 1618 1676 a.
1648 1643 1734 1677 1561
1765 1643 1878 1686 datis,
1914 1655 2006 1688 quae

240 1696 357 1731 adhuc
383 1698 539 1737 exstant,
565 1696 655 1730 nihil
681 1696 855 1730 eiusmodi
884 1696 993 1740 (quod
1020 1696 1185 1740 equidem
1211 1695 1378 1740 viderim)
1407 1695 1560 1730 relatum
1587 1698 1653 1730 est.

357 1755 482 1800 Neque
513 1755 620 1799 (quod
648 1755 811 1799 equidem
838 1755 966 1799 norim)
995 1755 1030 1789 in
1057 1755 1128 1790 alia
1153 1767 1210 1796 re,
1250 1767 1355 1799 quam
1391 1755 1428 1789 in
1454 1755 1608 1788 Tanneri
1644 1755 1687 1789 de
1718 1754 1898 1797 „Quodam
1925 1756 2006 1791 Gel-

243 1809 357 1843 rensi“
389 1809 450 1843 illo
475 1809 608 1850 verbis,
634 1809 740 1843 inniti
765 1809 943 1849 videntur,
971 1820 1063 1853 quae
1089 1810 1272 1843 Asclzbach
1301 1809 1338 1849 (1.
1367 1820 1395 1843 c.
1422 1820 1455 1853 p.
1483 1808 1567 1852 284)
1596 1808 1739 1843 scribit:
1771 1808 1827 1843 Ex
1852 1809 2007 1844 Tanneri

240 1862 429 1896 voluntate
455 1863 500 1897 ad
526 1862 862 1907 protestantismum
890 1874 1069 1907 propensa
1095 1862 1268 1907 explicari
1295 1874 1410 1907 posse,
1441 1861 1545 1904 „dass
1571 1861 1627 1895 die
1647 1862 1820 1902 Jesuiten,
1846 1866 2006 1898 nament-

239 1915 311 1950 lich
330 1916 461 1950 Petrus
481 1916 656 1958 canisius,
683 1916 739 1950 bei
767 1916 829 1950 der
846 1916 1054 1960 Regierung
1080 1916 1181 1949 ihren
1200 1916 1357 1950 Einfiuss
1385 1915 1492 1949 dahin
1518 1927 1561 1949 zu
1583 1915 1760 1949 benutzen
1778 1916 2005 1957 versuchten,

240 1970 324 2004 dass
349 1969 492 2004 Tanner
526 1970 628 2004 nicht
661 1969 740 2003 eine
766 1970 956 2004 Professur
991 1969 1054 2003 des
1087 1969 1289 2003 romischen
1324 1969 1482 2003 Rechtes
1514 1969 1732 2011 iibertragen
1766 1969 1907 2011 wnrde,
1944 1970 2005 2004 ihn

239 2034 347 2066 sogar
381 2023 496 2057 selbst
529 2023 824 2067 verdachtigten,
860 2023 944 2057 dass
979 2034 1017 2056 er
1051 2023 1141 2057 dazu
1175 2022 1276 2057 nicht
1310 2022 1366 2056 die
1396 2021 1678 2056 ausreichenden
1703 2022 1923 2057 Kenntnisse
1949 2023 2006 2058 be-

240 2077 359 2111 s'asse“
391 2078 458 2111 eto.

359 2135 470 2169 Immo
497 2136 605 2170 etiam
631 2136 751 2170 nescio
777 2148 822 2170 an
841 2135 982 2169 Tanner
1007 2135 1113 2180 paulo
1139 2138 1221 2180 post
1247 2146 1267 2169 a
1285 2134 1397 2169 Sociis
1423 2134 1751 2169 vindobonensibus
1777 2135 1921 2170 adiutus
1947 2136 2005 2171 sit.

240 2189 280 2224 P.
307 2190 443 2223 Paulus
468 2190 643 2232 Hoffaeus
668 2189 702 2224 S.
729 2190 762 2224 J.
789 2192 904 2230 certe,
944 2188 1085 2232 collegii
1120 2188 1398 2223 vindobonensis
1432 2190 1569 2229 rector,
1608 2187 1643 2221 111
1679 2188 1837 2223 eiusdem
1865 2189 2006 2233 collegii

241 2242 417 2276 *Litteris
444 2242 776 2286 quadrimestribus,
803 2242 1015 2276 Vindobona
1042 2242 1098 2277 26.
1122 2242 1257 2287 Aprilis
1278 2242 1368 2276 1562
1394 2241 1508 2276 datis:
1539 2240 1667 2286 „Virj‚“
1697 2241 1822 2285 inquit,
1855 2242 2005 2287 „alioqui

240 2296 418 2339 insignes,
455 2307 497 2330 ac
522 2296 660 2330 nobiles
685 2308 748 2340 per
773 2295 814 2329 R.
843 2296 881 2330 P.
909 2296 1106 2330 Victoriam
1133 2295 1167 2330 S.
1195 2295 1232 2330 C.
1260 2295 1444 2329 Maiestati
1470 2306 1539 2328 non
1564 2306 1645 2328 raro
1672 2295 1913 2329 commendari
1948 2307 2004 2330 cu-

241 2349 353 2394 piunt,
381 2349 473 2393 quod
500 2350 618 2384 sciant
644 2350 720 2384 eius
747 2349 1074 2383 commendationes
1100 2348 1223 2393 magni
1249 2349 1343 2393 apud
1370 2348 1404 2382 S.
1424 2347 1460 2382 C.
1480 2347 1709 2382 Maiestatem
1734 2348 1900 2393 ponderis
1927 2360 2005 2383 esse.

241 2402 375 2437 solere:
412 2403 514 2436 ouius
540 2402 591 2447 rej
620 2402 729 2437 etiam
754 2402 822 2437 11οο
846 2414 915 2437 11011
943 2403 1134 2437 obscurum
1160 2402 1365 2446 exemplum
1392 2413 1470 2435 esse
1496 2403 1635 2446 potest,
1670 2401 1763 2445 quod
1798 2413 1878 2435 011111
1906 2414 2007 2436 exer-

241 2455 476 2490 citatissimus
503 2456 648 2500 quidam
674 2456 767 2490 Iuris
793 2455 943 2498 Doctor,
979 2456 1041 2490 sed
1069 2457 1214 2500 apertus
1241 2455 1373 2499 alioqui
1401 2454 1591 2489 Societatis
1616 2456 1761 2488 nostrae
1796 2454 1928 2497 1105115,
1964 2467 2006 2490 30

241 2508 455 2554 praecipuus
481 2509 768 2543 Lutheranorum
794 2510 934 2551 fautor,
972 2521 993 2543 a
1021 2508 1174 2543 Caesare
1200 2509 1243 2542 ob
1269 2508 1451 2552 legitimas
1478 2519 1607 2542 causas
1642 2507 1678 2541 in
1705 2507 1891 2542 Carcerem
1927 2520 2006 2543 con-

241 2561 416 2607 ijciendus
452 2564 566 2604 esset,
602 2562 866 2607 quamprimum
892 2561 1045 2596 accessit
1080 2562 1124 2596 ad
1159 2561 1267 2596 alium
1304 2561 1481 2605 quendam
1514 2561 1633 2594 uirum
1667 2560 1864 2603 illustrem,
1901 2573 2005 2605 quem

242 2627 413 2658 magnum
439 2614 630 2650 Societatis
655 2618 799 2650 nostrae
818 2616 997 2650 fautorem
1016 2627 1095 2650 esse
1112 2627 1182 2649 non
1200 2615 1399 2658 ignorabat,
1427 2614 1530 2658 eique
1549 2615 1765 2658 conquestus
1784 2616 1839 2648 est
1857 2614 2006 2660 perijsse

243 2680 297 2711 50,
333 2680 375 2702 30
400 2668 506 2713 plane
533 2669 742 2714 desperare,
768 2680 884 2713 neque
910 2669 1101 2713 quicquam
1127 2667 1251 2713 auxilij
1279 2668 1322 2702 ab
1349 2667 1423 2702 vllo
1448 2667 1629 2701 homnium
1655 2678 1694 2701 se
1719 2678 1865 2712 sperare
1891 2679 2006 2712 posse,

243 2733 350 2766 quam
385 2733 406 2755 a
440 2722 516 2756 solo
551 2722 615 2756 deo
650 2724 686 2756 et
712 2721 881 2756 Patribus
917 2722 959 2756 de
986 2721 1185 2763 Societate,
1220 2733 1309 2765 quos
1344 2721 1497 2755 multum
1532 2720 1625 2765 apud
1651 2719 1684 2754 S.
1714 2719 1750 2754 C.
1777 2720 2004 2755 Maiestatem

243 2786 348 2819 posse
373 2787 412 2809 se
438 2775 531 2809 scire
557 2775 782 2816 affirmabat,
818 2787 860 2810 ac
884 2774 1033 2820 proinde
1059 2787 1098 2809 se
1132 2774 1204 2808 illis
1239 2774 1283 2808 ab
1320 2774 1443 2808 eodem
1477 2773 1668 2817 magnifico
1695 2773 1850 2807 Patrono
1884 2776 2006 2808 nostro

244 2827 435 2915 {iligenter
461 2828 699 2874 commendarj
727 2829 888 2873 impense
914 2828 1104 2862 admodum
1131 2827 1292 2871 rogauit“
1326 2827 1388 2872 (ex
1415 2826 1620 2872 apographo
1647 2825 1805 2860 eiusdem
1822 2827 2001 2872 temporis.

265 2881 330 2915 ¹0d.
361 2881 422 2923 „G.
450 2881 514 2926 Ep.
543 2882 612 2915 Hr‘
644 2881 669 2916 f.
700 2881 796 2926 11⁰).
