2093 3444
243 191 328 231 464
388 188 467 222 697.
505 186 589 222 Can.
619 186 665 232 [5³]
694 187 795 221 Socio
821 187 856 221 in
885 186 1080 222 Germania
1107 186 1262 229 degenti.
1301 186 1470 220 Tridento
1496 186 1562 221 sub
1591 187 1645 222 19.
1672 187 1763 221 Iunii
1792 188 1893 222 1562.

361 308 399 348 2.
435 306 503 346 An
534 305 740 355 rationes,
775 304 928 358 quibus
960 307 1114 347 sancta
1147 304 1360 347 catholica
1393 304 1578 347 ecclesia
1610 304 1798 347 adducta
1830 305 1925 356 fuit,
1964 308 2013 347 ut

244 370 582 412 communicaret
614 369 790 420 Laicos,
833 372 965 423 atque
1008 369 1138 412 etiam
1181 384 1267 411 non
1307 369 1578 412 celebrantes
1619 370 1890 421 sacerdotes,
1934 371 2013 412 sub

243 449 328 477 una
360 437 531 478 tantum
564 435 687 489 panis
720 434 884 488 specie,
917 434 981 476 ita
1013 434 1101 477 sint
1132 434 1397 485 retinendae,
1437 437 1486 477 ut
1517 435 1636 477 nulla
1667 434 1836 477 ratione
1869 435 2014 477 calicis

243 514 346 541 usus
379 499 606 552 cuiquam³
637 500 694 542 sit
725 499 1056 554 permittendus

364 567 416 608 ,3.
450 565 520 607 An
553 565 588 606 si
611 564 818 615 honestis,
853 567 898 607 et
931 564 1194 608 christianae
1217 563 1420 607 charitati
1443 565 1744 607 consentaneis
1773 565 2013 608 rationibus

244 631 543 672 concedendus
575 630 702 684 alicuj
735 630 805 672 uel
838 629 1024 680 nationi,
1067 630 1137 672 uel
1169 643 1326 683 regno,
1367 629 1512 671 calicis
1544 644 1647 672 usus
1679 630 1900 679 uideatur,
1934 631 2012 673 sub

244 694 458 748 aliquibus
491 694 806 736 conditionibus
839 695 1137 737 concedendus
1169 695 1239 745 sit,
1275 697 1319 736 et
1351 708 1462 748 quae
1493 709 1592 736 nam
1625 695 1712 738 sint
1742 695 1856 738 illae.

364 762 417 803 .4.
460 759 530 801 An
570 759 711 801 minus
753 759 913 813 aliquid
955 763 1121 811 sumat,
1168 759 1240 813 qui
1284 759 1362 801 sub
1407 773 1492 801 una
1532 762 1704 802 tantum
1748 761 1891 814 specie
1932 761 2013 803 hoc

245 825 526 868 Sacramento
559 824 708 875 utitur,
743 839 872 878 quam
906 825 977 878 qui
1009 826 1088 867 sub
1121 828 1318 878 utraque.

364 892 417 932 .5.
451 889 521 931 An
554 889 697 931 diuino
730 889 822 932 iure
854 890 1145 933 necessarium
1179 890 1237 932 sit
1268 889 1483 944 paruulis,
1524 892 1759 943 antequam
1790 891 1846 932 ad
1878 905 2013 933 annos

244 955 516 998 discretionis
548 955 840 1009 peruenerint,
875 956 1135 998 altissimum
1167 955 1249 997 hoc
1281 955 1503 1009 porrigere
1535 955 1877 999 Sacramentum.

362 1021 427 1062 De
459 1020 525 1062 his
558 1020 753 1062 articulis
786 1021 911 1062 modo
946 1021 1095 1063 dixere
1128 1034 1315 1073 suasque
1338 1020 1579 1063 sententias
1612 1035 1850 1075 exposuere
1873 1021 2013 1063 Theo-

242 1086 331 1139 logi
355 1087 423 1128 40.
468 1085 638 1127 Primus
671 1086 799 1128 datus
832 1089 899 1128 est
931 1087 1050 1128 locus
1074 1085 1252 1128 Doctori
1274 1085 1496 1140 Alphonso
1521 1086 1761 1128 Salmeroni
1783 1086 2014 1129 Societatis

243 1151 349 1193 Jesu
381 1151 624 1204 Theologo,
668 1165 793 1204 quem
826 1165 994 1193 summa
1027 1166 1124 1193 cum
1158 1152 1384 1205 uoluptate
1426 1165 1504 1193 nec
1536 1151 1701 1193 minore
1733 1151 1905 1205 quidem
1937 1152 2013 1193 ad-

243 1216 473 1258 miratione
496 1216 661 1258 audiuit
684 1218 833 1258 coetus
857 1216 1158 1258 ornatissimus
1174 1218 1201 1259 1.
1246 1215 1422 1266 Quoties
1441 1219 1640 1271 optamus
1663 1217 1815 1259 adesse
1837 1217 2012 1259 tandem

243 1281 312 1323 hic
345 1281 640 1331 aduersarios,
683 1284 731 1323 ut
764 1284 807 1323 et
842 1281 981 1334 quae¹¹
1021 1281 1220 1324 nesciunt
1260 1281 1301 1323 in
1337 1281 1502 1332 Sacris,
1546 1281 1782 1334 discerent,
1827 1285 1871 1324 et
1903 1296 2013 1336 quae

244 1346 486 1390 didicerunt
517 1346 679 1388 rectius
711 1346 1028 1399 intelligerent,
1073 1350 1116 1389 et
1149 1361 1259 1400 quae
1292 1347 1449 1388 docent
1479 1347 1735 1401 prudentius
1767 1347 2014 1389 considera-

243 1416 362 1462 rent,
406 1414 450 1454 et
483 1425 592 1465 quae
626 1411 850 1454 chatolicis
884 1410 983 1466 [sic]
1018 1412 1245 1465 obijciunt,
1288 1426 1373 1453 non
1405 1412 1518 1454 tanti
1550 1411 1759 1455 facerent.
1825 1413 1908 1454 Sed
1940 1426 2014 1455 eos

244 1477 441 1520 uiderent
474 1480 517 1519 et
551 1477 749 1519 audirent
781 1477 1048 1530 Theologos,
1093 1492 1273 1530 quorum
1316 1491 1517 1528 acumen,
1561 1477 1786 1528 iudicium,
1828 1477 2013 1532 linguas,

244 1542 465 1597 peritiam,
501 1542 721 1596 Spiritum,
762 1542 1020 1585 charitatem
1055 1545 1099 1585 et
1131 1542 1450 1590 sinceritatem,
1488 1556 1573 1584 non
1605 1546 1783 1597 possent
1814 1543 1897 1597 ipsi
1928 1557 2014 1585 non

244 1607 476 1661 suspicere,
517 1621 622 1661 quos
655 1607 744 1649 suis
777 1607 909 1649 etiam
944 1608 1212 1650 Germanicis
1244 1607 1475 1661 Theologis
1507 1611 1705 1662 prestare
1737 1608 1852 1650 haud
1885 1608 2011 1650 dubie

243 1673 509 1723 faterentur,
553 1672 588 1714 si
629 1672 793 1714 uellent
835 1672 960 1726 aequi
1001 1675 1172 1715 tantum
1208 1671 1344 1727 [esse]
1380 1687 1582 1715 censores
1597 1674 1625 1716 2.
1689 1674 1750 1716 At
1790 1687 1844 1715 ne
1885 1675 2011 1728 putes

243 1752 366 1779 suam
400 1738 598 1791 cuiquam
631 1738 878 1781 libertatem
912 1738 1061 1780 deesse
1093 1738 1136 1780 in
1170 1738 1351 1780 dicenda
1373 1738 1603 1789 sententia,
1638 1738 1907 1781 Posteriores
1940 1739 2011 1792 qui

244 1803 413 1854 dicunt,
462 1803 653 1857 priorum
701 1804 834 1845 uerba
882 1806 926 1846 et
969 1803 1186 1845 rationum
1233 1804 1426 1858 pondera
1471 1803 1701 1857 diligenter
1747 1804 2010 1858 expendunt,

242 1868 398 1910 immoc
431 1871 474 1911 et
506 1869 651 1923 palam
683 1869 1027 1923 reprehendunt,
1071 1868 1155 1911 Sed
1187 1869 1381 1912 modeste
1421 1872 1591 1920 tamen,
1635 1871 1683 1911 ut
1715 1869 1914 1912 ueritatis
1945 1869 2011 1911 in-

243 1934 471 1987 dagandae
512 1935 652 1987 magis
694 1948 822 1987 quam
856 1934 1159 1976 aemulationis
1201 1934 1519 1977 consectandae
1559 1934 1748 1976 studium
1786 1938 2009 1989 appareat.

243 1999 492 2041 Doctissimi
533 1999 805 2042 doctissimos
847 2013 977 2053 saepe
1010 1999 1210 2049 uincunt,
1254 2001 1298 2041 et
1337 1999 1440 2042 licet
1480 1999 1524 2040 in
1565 2000 1715 2041 eodem
1754 2002 2010 2053 argumento

242 2067 471 2106 uersentur
503 2078 672 2114 omneS,
715 2068 862 2107 tamen
895 2064 1033 2107 multa
1065 2064 1245 2106 subinde
1277 2078 1390 2106 noua
1423 2067 1465 2106 et
1501 2065 1554 2107 ab
1588 2065 1683 2119 alijs
1716 2064 2008 2119 pretermissa,

242 2129 316 2171 uix
349 2130 402 2171 ab
445 2129 543 2171 ullis
585 2129 780 2182 cogitata
820 2130 863 2171 in
904 2129 1090 2171 medium
1132 2129 1401 2172 adferuntur.
1465 2130 1673 2184 Magnum
1715 2132 1760 2172 et
1791 2130 2011 2183 singulare

241 2194 321 2236 hoc
345 2194 425 2236 Dei
457 2209 611 2236 munus
634 2197 702 2236 est
722 2194 932 2249 profecto,
966 2197 1058 2237 tam
1080 2195 1265 2237 selectos
1299 2198 1342 2237 et
1374 2194 1536 2249 peritos
1559 2209 1615 2237 ex
1647 2195 1748 2237 orbe
1775 2194 2010 2254 christiano

241 2259 358 2301 uiros
390 2260 472 2302 huc
505 2260 778 2310 confluxisse,
813 2260 885 2313 qui
917 2262 1042 2302 tanto
1075 2260 1316 2302 animorum
1350 2274 1561 2302 consensu
1590 2260 1875 2302 Christianam
1910 2261 2011 2302 doc-

240 2325 400 2367 trinam
422 2325 546 2366 nobis
569 2326 867 2378 profiteantur,
894 2325 1128 2376 illustrent,
1152 2325 1384 2368 uindicent.
1428 2325 1523 2367 Hoc
1545 2340 1675 2367 unum
1699 2326 1848 2368 deesse
1871 2326 2009 2377 uideo,

242 2389 355 2442 quod
387 2389 451 2431 ad
492 2403 740 2442 magnam
781 2404 1002 2432 coenam
1043 2390 1264 2432 uocati3
1304 2390 1497 2444 plerique
1534 2391 1702 2433 malunt
1734 2390 1902 2444 quiduis
1935 2391 2009 2433 ob-

241 2454 441 2505 tendere,
488 2456 532 2496 et
574 2454 736 2508 ingrati
782 2455 917 2496 uideri
958 2455 1175 2509 hospites,
1219 2469 1348 2508 quam
1393 2469 1538 2497 coram
1582 2469 1628 2498 se
1671 2469 1869 2498 recreare
1914 2470 2008 2498 cum

241 2519 463 2569 fratribus,
497 2521 541 2561 et
573 2519 782 2573 appositis
804 2519 890 2561 frui
916 2519 1105 2570 ferculis,
1140 2534 1250 2573 quae
1271 2520 1481 2562 Dominus
1502 2521 1794 2574 praeparauit.
1838 2521 2007 2572 Vocati,

241 2584 406 2638 rogati,
451 2584 672 2638 expectati
704 2584 829 2626 sedes
860 2587 1040 2638 paratas
1073 2587 1117 2626 et
1158 2598 1320 2627 uacuas
1360 2585 1512 2627 nolunt
1552 2585 1752 2639 implere:
1796 2586 2009 2627 communi

242 2649 400 2703 gaudio
441 2648 648 2692 fraudant
690 2649 949 2692 domesticos
965 2650 994 2692 4.
1065 2649 1247 2692 Oremus
1288 2649 1538 2700 Dominum,
1584 2652 1632 2692 ut
1673 2650 1845 2692 domum
1886 2664 2008 2692 suam

241 2714 442 2768 impleat,
489 2716 533 2756 et
574 2713 701 2767 quia
740 2718 943 2768 parata
984 2717 1112 2756 sunt
1156 2714 1356 2765 omnia,
1402 2714 1619 2757 intrare
1663 2716 2007 2770 compellat5,

242 2778 395 2830 Amen,
429 2779 626 2821 Tridenti
657 2793 805 2821 mense
836 2778 965 2821 Junio
1003 2780 1128 2821 1562.

361 2929 375 2944 ³
402 2924 478 2957 Hoc
505 2935 532 2956 e.
559 2924 650 2956 deest
676 2923 714 2955 in
744 2923 781 2964 Q.
878 2922 894 2942 ἲ)
921 2923 965 2956 In
996 2923 1033 2964 Q.
1062 2924 1083 2954 6
1110 2933 1157 2955 τυ.
1184 2933 1256 2965 sqq.
1285 2923 1413 2955 omissa
1438 2927 1529 2956 sunt.
1628 2928 1640 2943 0
1665 2922 1748 2956 inno
1774 2933 1831 2965 ap.

366 3061 373 3078 ¹
402 3058 455 3092 Cf.
482 3070 592 3103 supra
618 3070 650 3103 p.
677 3057 760 3098 458,
786 3059 822 3091 et
847 3056 953 3098 infra,
979 3067 1134 3091 monum.
1163 3056 1241 3090 367.
1342 3056 1355 3076 ‘²
1380 3055 1435 3091 Cf.
1462 3067 1572 3101 supra
1597 3068 1631 3101 p.
1656 3055 1737 3090 458.

364 3113 376 3132 3
402 3111 487 3145 Luc.
517 3112 570 3152 14,
598 3111 652 3145 16.
752 3112 765 3130 ⁴
792 3110 844 3163 Cf.
872 3109 958 3145 Luc.
988 3110 1040 3150 14,
1070 3109 1218 3144 18—21.
1261 3109 1391 3143 Matth.
1419 3109 1474 3151 22,
1501 3109 1628 3144 3—10.

363 3166 376 3184 5
402 3164 485 3198 Luc.
516 3165 568 3206 14,
597 3164 651 3198 17.
679 3164 734 3199 23.
1117 3170 1120 3174 '
