<?xml version="1.0" encoding="UTF-8"?>
<!DOCTYPE html PUBLIC "-//W3C//DTD XHTML 1.0 Transitional//EN"
    "http://www.w3.org/TR/xhtml1/DTD/xhtml1-transitional.dtd">
<html xmlns="http://www.w3.org/1999/xhtml" xml:lang="en" lang="en">
 <head>
  <title>
</title>
<meta http-equiv="Content-Type" content="text/html;charset=utf-8" />
  <meta name='ocr-system' content='tesseract 3.04.00' />
  <meta name='ocr-capabilities' content='ocr_page ocr_carea ocr_par ocr_line ocrx_word'/>
</head>
<body>
  <div class='ocr_page' id='page_1' title='image "beatipetricanisi03cani_0356.png"; bbox 0 0 2093 3444; ppageno 0'>
   <div class='ocr_carea' id='block_1_1' title="bbox 228 155 1664 202">
    <p class='ocr_par' dir='ltr' id='par_1_1' title="bbox 228 155 1664 202">
     <span class='ocr_line' id='line_1_1' title="bbox 228 155 1664 202; baseline -0.001 -10"><span class='ocrx_word' id='word_1_1' title='bbox 228 161 312 202; x_wconf 74' lang='lat'>280</span> <span class='ocrx_word' id='word_1_2' title='bbox 561 158 639 192; x_wconf 85' lang='lat'>617.</span> <span class='ocrx_word' id='word_1_3' title='bbox 678 156 843 191; x_wconf 86' lang='lat' dir='ltr'>Canisius</span> <span class='ocrx_word' id='word_1_4' title='bbox 870 156 1033 191; x_wconf 84' lang='lat' dir='ltr'>Cornelio</span> <span class='ocrx_word' id='word_1_5' title='bbox 1059 155 1216 191; x_wconf 89' lang='lat' dir='ltr'>Herleno</span> <span class='ocrx_word' id='word_1_6' title='bbox 1243 168 1263 191; x_wconf 90' lang='lat' dir='ltr'>a</span> <span class='ocrx_word' id='word_1_7' title='bbox 1289 156 1487 191; x_wconf 84' lang='lat' dir='ltr'>Rosenthal</span> <span class='ocrx_word' id='word_1_8' title='bbox 1513 159 1549 191; x_wconf 90' lang='lat' dir='ltr'>et</span> <span class='ocrx_word' id='word_1_9' title='bbox 1574 157 1664 192; x_wconf 87' lang='lat' dir='ltr'>aliis.</span> 
     </span>
    </p>
   </div>
   <div class='ocr_carea' id='block_1_2' title="bbox 223 273 1998 2154">
    <p class='ocr_par' dir='ltr' id='par_1_2' title="bbox 223 273 1998 2154">
     <span class='ocr_line' id='line_1_2' title="bbox 226 273 1998 328; baseline 0.001 -10"><span class='ocrx_word' id='word_1_10' title='bbox 226 276 425 326; x_wconf 90' lang='lat' dir='ltr'>fiumina,</span> <span class='ocrx_word' id='word_1_11' title='bbox 470 278 513 318; x_wconf 93' lang='lat' dir='ltr'>et</span> <span class='ocrx_word' id='word_1_12' title='bbox 554 275 772 317; x_wconf 89' lang='lat' dir='ltr'>salutares</span> <span class='ocrx_word' id='word_1_13' title='bbox 815 274 1011 316; x_wconf 85' lang='lat' dir='ltr'>omnibus</span> <span class='ocrx_word' id='word_1_14' title='bbox 1047 288 1185 327; x_wconf 87' lang='lat' dir='ltr'>aquae</span> <span class='ocrx_word' id='word_1_15' title='bbox 1226 273 1523 328; x_wconf 87' lang='lat' dir='ltr'>propinantur.</span> <span class='ocrx_word' id='word_1_16' title='bbox 1588 274 1622 316; x_wconf 88' lang='lat' dir='ltr'>O</span> <span class='ocrx_word' id='word_1_17' title='bbox 1657 274 1913 318; x_wconf 88' lang='lat' dir='ltr'>admiranda</span> <span class='ocrx_word' id='word_1_18' title='bbox 1954 279 1998 319; x_wconf 89' lang='lat' dir='ltr'>et</span> 
     </span>
     <span class='ocr_line' id='line_1_3' title="bbox 225 338 1998 395; baseline 0 -12"><span class='ocrx_word' id='word_1_19' title='bbox 225 341 435 383; x_wconf 87' lang='lat' dir='ltr'>sectanda</span> <span class='ocrx_word' id='word_1_20' title='bbox 477 340 730 395; x_wconf 88' lang='lat' dir='ltr'>disciplinae</span> <span class='ocrx_word' id='word_1_21' title='bbox 772 341 953 382; x_wconf 88' lang='lat' dir='ltr'>sanctae</span> <span class='ocrx_word' id='word_1_22' title='bbox 985 339 1220 389; x_wconf 74' lang='lat' dir='ltr'>seueritas,</span> <span class='ocrx_word' id='word_1_23' title='bbox 1264 353 1359 380; x_wconf 89' lang='lat' dir='ltr'>cum</span> <span class='ocrx_word' id='word_1_24' title='bbox 1398 338 1649 392; x_wconf 90' lang='lat' dir='ltr'>quotidiana</span> <span class='ocrx_word' id='word_1_25' title='bbox 1692 339 1834 382; x_wconf 90' lang='lat' dir='ltr'>carnis</span> <span class='ocrx_word' id='word_1_26' title='bbox 1867 341 1998 383; x_wconf 89' lang='lat' dir='ltr'>casti-</span> 
     </span>
     <span class='ocr_line' id='line_1_4' title="bbox 227 403 1998 460; baseline 0 -12"><span class='ocrx_word' id='word_1_27' title='bbox 227 407 404 460; x_wconf 88' lang='lat' dir='ltr'>gatione</span> <span class='ocrx_word' id='word_1_28' title='bbox 449 405 700 456; x_wconf 89' lang='lat' dir='ltr'>coniuncta,</span> <span class='ocrx_word' id='word_1_29' title='bbox 747 419 857 458; x_wconf 88' lang='lat' dir='ltr'>quae</span> <span class='ocrx_word' id='word_1_30' title='bbox 900 403 1125 445; x_wconf 88' lang='lat' dir='ltr'>mirificum</span> <span class='ocrx_word' id='word_1_31' title='bbox 1172 404 1427 457; x_wconf 81' lang='lat' dir='ltr'>Hieronymi</span> <span class='ocrx_word' id='word_1_32' title='bbox 1471 404 1671 458; x_wconf 89' lang='lat' dir='ltr'>spiritum</span> <span class='ocrx_word' id='word_1_33' title='bbox 1715 405 1846 456; x_wconf 88' lang='lat' dir='ltr'>aluit,</span> <span class='ocrx_word' id='word_1_34' title='bbox 1896 420 1998 448; x_wconf 87' lang='lat' dir='ltr'>con-</span> 
     </span>
     <span class='ocr_line' id='line_1_5' title="bbox 225 469 1998 524; baseline -0.001 -10"><span class='ocrx_word' id='word_1_35' title='bbox 225 471 437 522; x_wconf 85' lang='lat' dir='ltr'>firmauit,</span> <span class='ocrx_word' id='word_1_36' title='bbox 480 471 740 521; x_wconf 86' lang='lat' dir='ltr'>illustrauit,</span> <span class='ocrx_word' id='word_1_37' title='bbox 784 469 998 524; x_wconf 80' lang='lat' dir='ltr'>prouexit.</span> <span class='ocrx_word' id='word_1_38' title='bbox 1062 469 1198 510; x_wconf 89' lang='lat' dir='ltr'>Porro</span> <span class='ocrx_word' id='word_1_39' title='bbox 1240 469 1309 511; x_wconf 91' lang='lat' dir='ltr'>hic</span> <span class='ocrx_word' id='word_1_40' title='bbox 1340 469 1426 511; x_wconf 92' lang='lat' dir='ltr'>iam</span> <span class='ocrx_word' id='word_1_41' title='bbox 1467 469 1660 523; x_wconf 73' lang='lat' dir='ltr'>requiret</span> <span class='ocrx_word' id='word_1_42' title='bbox 1696 469 1811 512; x_wconf 83' lang='lat' dir='ltr'>forte</span> <span class='ocrx_word' id='word_1_43' title='bbox 1843 470 1998 524; x_wconf 91' lang='lat' dir='ltr'>aliquis</span> 
     </span>
     <span class='ocr_line' id='line_1_6' title="bbox 226 533 1997 590; baseline -0.001 -10"><span class='ocrx_word' id='word_1_44' title='bbox 226 541 270 580; x_wconf 93' lang='lat' dir='ltr'>et</span> <span class='ocrx_word' id='word_1_45' title='bbox 302 537 464 579; x_wconf 90' lang='lat' dir='ltr'>ordinis</span> <span class='ocrx_word' id='word_1_46' title='bbox 486 535 772 579; x_wconf 77' lang='lat' dir='ltr'>mutationem</span> <span class='ocrx_word' id='word_1_47' title='bbox 796 535 1046 585; x_wconf 74' lang='lat' dir='ltr'>demiratus,</span> <span class='ocrx_word' id='word_1_48' title='bbox 1080 537 1125 577; x_wconf 91' lang='lat' dir='ltr'>et</span> <span class='ocrx_word' id='word_1_49' title='bbox 1158 533 1261 575; x_wconf 86' lang='lat' dir='ltr'>nihil</span> <span class='ocrx_word' id='word_1_50' title='bbox 1285 548 1339 575; x_wconf 76' lang='lat' dir='ltr'>ex</span> <span class='ocrx_word' id='word_1_51' title='bbox 1366 533 1505 576; x_wconf 90' lang='lat' dir='ltr'>solitis</span> <span class='ocrx_word' id='word_1_52' title='bbox 1528 534 1803 589; x_wconf 74' lang='lat' dir='ltr'>conspicatus</span> <span class='ocrx_word' id='word_1_53' title='bbox 1835 549 1997 590; x_wconf 87' lang='lat' dir='ltr'>appen-</span> 
     </span>
     <span class='ocr_line' id='line_1_7' title="bbox 226 599 1995 652; baseline -0.001 -8"><span class='ocrx_word' id='word_1_54' title='bbox 226 603 390 645; x_wconf 88' lang='lat' dir='ltr'>dicibus</span> <span class='ocrx_word' id='word_1_55' title='bbox 432 604 627 644; x_wconf 90' lang='lat' dir='ltr'>nostram</span> <span class='ocrx_word' id='word_1_56' title='bbox 673 601 724 642; x_wconf 87' lang='lat' dir='ltr'>de</span> <span class='ocrx_word' id='word_1_57' title='bbox 766 599 1079 643; x_wconf 86' lang='lat' dir='ltr'>Rotterodamo</span> <span class='ocrx_word' id='word_1_58' title='bbox 1125 599 1409 649; x_wconf 88' lang='lat' dir='ltr'>sententiam,</span> <span class='ocrx_word' id='word_1_59' title='bbox 1456 599 1527 652; x_wconf 88' lang='lat' dir='ltr'>qui</span> <span class='ocrx_word' id='word_1_60' title='bbox 1572 600 1705 642; x_wconf 89' lang='lat' dir='ltr'>semel</span> <span class='ocrx_word' id='word_1_61' title='bbox 1750 614 1801 642; x_wconf 87' lang='lat' dir='ltr'>ac</span> <span class='ocrx_word' id='word_1_62' title='bbox 1840 600 1995 643; x_wconf 87' lang='lat' dir='ltr'>iterum</span> 
     </span>
     <span class='ocr_line' id='line_1_8' title="bbox 226 664 1998 719; baseline -0.001 -9"><span class='ocrx_word' id='word_1_63' title='bbox 226 667 360 710; x_wconf 87' lang='lat' dir='ltr'>edidit</span> <span class='ocrx_word' id='word_1_64' title='bbox 392 667 514 708; x_wconf 89' lang='lat' dir='ltr'>nobis</span> <span class='ocrx_word' id='word_1_65' title='bbox 544 666 858 719; x_wconf 80' lang='lat' dir='ltr'>Hieronymum</span> <span class='ocrx_word' id='word_1_66' title='bbox 876 667 903 708; x_wconf 82' lang='lat'>1.</span> <span class='ocrx_word' id='word_1_67' title='bbox 968 664 1146 707; x_wconf 88' lang='lat' dir='ltr'>Vtinam</span> <span class='ocrx_word' id='word_1_68' title='bbox 1178 678 1281 706; x_wconf 89' lang='lat' dir='ltr'>vero</span> <span class='ocrx_word' id='word_1_69' title='bbox 1315 664 1521 707; x_wconf 70' lang='lat' dir='ltr'>edidisset</span> <span class='ocrx_word' id='word_1_70' title='bbox 1553 665 1704 716; x_wconf 89' lang='lat' dir='ltr'>solum,</span> <span class='ocrx_word' id='word_1_71' title='bbox 1737 679 1878 719; x_wconf 92' lang='lat' dir='ltr'>neque</span> <span class='ocrx_word' id='word_1_72' title='bbox 1909 666 1998 709; x_wconf 90' lang='lat' dir='ltr'>suis</span> 
     </span>
     <span class='ocr_line' id='line_1_9' title="bbox 227 729 1997 785; baseline -0.001 -11"><span class='ocrx_word' id='word_1_73' title='bbox 227 732 359 775; x_wconf 87' lang='lat' dir='ltr'>etiam</span> <span class='ocrx_word' id='word_1_74' title='bbox 391 731 587 785; x_wconf 87' lang='lat' dir='ltr'>scholijs,</span> <span class='ocrx_word' id='word_1_75' title='bbox 622 731 763 772; x_wconf 89' lang='lat' dir='ltr'>dicam</span> <span class='ocrx_word' id='word_1_76' title='bbox 794 745 849 772; x_wconf 90' lang='lat' dir='ltr'>an</span> <span class='ocrx_word' id='word_1_77' title='bbox 882 730 1054 784; x_wconf 86' lang='lat' dir='ltr'>scorijs,</span> <span class='ocrx_word' id='word_1_78' title='bbox 1089 729 1270 771; x_wconf 86' lang='lat' dir='ltr'>subinde</span> <span class='ocrx_word' id='word_1_79' title='bbox 1303 734 1657 783; x_wconf 89' lang='lat' dir='ltr'>conspurcasset,</span> <span class='ocrx_word' id='word_1_80' title='bbox 1691 744 1742 772; x_wconf 90' lang='lat' dir='ltr'>ac</span> <span class='ocrx_word' id='word_1_81' title='bbox 1773 745 1851 785; x_wconf 89' lang='lat' dir='ltr'>pro</span> <span class='ocrx_word' id='word_1_82' title='bbox 1884 731 1997 774; x_wconf 89' lang='lat' dir='ltr'>anti-</span> 
     </span>
     <span class='ocr_line' id='line_1_10' title="bbox 226 794 1996 848; baseline 0 -9"><span class='ocrx_word' id='word_1_83' title='bbox 226 797 338 840; x_wconf 88' lang='lat' dir='ltr'>dotis</span> <span class='ocrx_word' id='word_1_84' title='bbox 360 797 508 840; x_wconf 78' lang='lat' dir='ltr'>toxica</span> <span class='ocrx_word' id='word_1_85' title='bbox 530 796 774 846; x_wconf 85' lang='lat' dir='ltr'>infundens,</span> <span class='ocrx_word' id='word_1_86' title='bbox 809 796 1019 838; x_wconf 87' lang='lat' dir='ltr'>carbones</span> <span class='ocrx_word' id='word_1_87' title='bbox 1052 794 1118 847; x_wconf 91' lang='lat' dir='ltr'>(vt</span> <span class='ocrx_word' id='word_1_88' title='bbox 1141 794 1280 847; x_wconf 89' lang='lat' dir='ltr'>aiunt)</span> <span class='ocrx_word' id='word_1_89' title='bbox 1303 809 1380 848; x_wconf 89' lang='lat' dir='ltr'>pro</span> <span class='ocrx_word' id='word_1_90' title='bbox 1404 808 1509 836; x_wconf 88' lang='lat' dir='ltr'>auro</span> <span class='ocrx_word' id='word_1_91' title='bbox 1532 794 1812 838; x_wconf 89' lang='lat' dir='ltr'>vendidisset.</span> <span class='ocrx_word' id='word_1_92' title='bbox 1856 796 1996 839; x_wconf 90' lang='lat' dir='ltr'>Nemo</span> 
     </span>
     <span class='ocr_line' id='line_1_11' title="bbox 224 859 1995 915; baseline -0.001 -11"><span class='ocrx_word' id='word_1_93' title='bbox 224 863 339 905; x_wconf 85' lang='lat' dir='ltr'>illius</span> <span class='ocrx_word' id='word_1_94' title='bbox 371 861 570 904; x_wconf 79' lang='lat' dir='ltr'>laudibus</span> <span class='ocrx_word' id='word_1_95' title='bbox 602 861 646 902; x_wconf 93' lang='lat' dir='ltr'>in</span> <span class='ocrx_word' id='word_1_96' title='bbox 677 860 867 915; x_wconf 90' lang='lat' dir='ltr'>politiori</span> <span class='ocrx_word' id='word_1_97' title='bbox 899 860 1130 902; x_wconf 72' lang='lat' dir='ltr'>literatura</span> <span class='ocrx_word' id='word_1_98' title='bbox 1161 859 1376 910; x_wconf 90' lang='lat' dir='ltr'>inuidere,</span> <span class='ocrx_word' id='word_1_99' title='bbox 1419 873 1544 901; x_wconf 91' lang='lat' dir='ltr'>nemo</span> <span class='ocrx_word' id='word_1_100' title='bbox 1578 860 1808 903; x_wconf 83' lang='lat' dir='ltr'>detrahere</span> <span class='ocrx_word' id='word_1_101' title='bbox 1840 861 1995 904; x_wconf 92' lang='lat' dir='ltr'>merito</span> 
     </span>
     <span class='ocr_line' id='line_1_12' title="bbox 226 924 1995 981; baseline -0.001 -12"><span class='ocrx_word' id='word_1_102' title='bbox 226 931 371 981; x_wconf 85' lang='lat' dir='ltr'>queat.</span> <span class='ocrx_word' id='word_1_103' title='bbox 435 927 547 968; x_wconf 89' lang='lat' dir='ltr'>Illud</span> <span class='ocrx_word' id='word_1_104' title='bbox 581 929 725 969; x_wconf 89' lang='lat' dir='ltr'>autem</span> <span class='ocrx_word' id='word_1_105' title='bbox 759 928 855 968; x_wconf 90' lang='lat' dir='ltr'>erat</span> <span class='ocrx_word' id='word_1_106' title='bbox 888 925 1137 979; x_wconf 89' lang='lat' dir='ltr'>optandum,</span> <span class='ocrx_word' id='word_1_107' title='bbox 1173 925 1209 966; x_wconf 90' lang='lat' dir='ltr'>si</span> <span class='ocrx_word' id='word_1_108' title='bbox 1242 924 1343 978; x_wconf 83' lang='lat' dir='ltr'>quid</span> <span class='ocrx_word' id='word_1_109' title='bbox 1374 924 1489 967; x_wconf 86' lang='lat' dir='ltr'>votis</span> <span class='ocrx_word' id='word_1_110' title='bbox 1521 939 1746 979; x_wconf 83' lang='lat' dir='ltr'>possemus</span> <span class='ocrx_word' id='word_1_111' title='bbox 1778 926 1995 980; x_wconf 78' lang='lat' dir='ltr'>consequi,</span> 
     </span>
     <span class='ocr_line' id='line_1_13' title="bbox 226 989 1998 1046; baseline -0.001 -11"><span class='ocrx_word' id='word_1_112' title='bbox 226 992 478 1035; x_wconf 86' lang='lat' dir='ltr'>Desiderius</span> <span class='ocrx_word' id='word_1_113' title='bbox 510 994 560 1033; x_wconf 84' lang='lat' dir='ltr'>vt</span> <span class='ocrx_word' id='word_1_114' title='bbox 590 990 873 1046; x_wconf 84' lang='lat' dir='ltr'>professionis</span> <span class='ocrx_word' id='word_1_115' title='bbox 906 989 1030 1031; x_wconf 89' lang='lat' dir='ltr'>huius</span> <span class='ocrx_word' id='word_1_116' title='bbox 1061 989 1258 1032; x_wconf 91' lang='lat' dir='ltr'>terminis</span> <span class='ocrx_word' id='word_1_117' title='bbox 1291 992 1534 1040; x_wconf 79' lang='lat' dir='ltr'>contentuS,</span> <span class='ocrx_word' id='word_1_118' title='bbox 1573 993 1649 1033; x_wconf 90' lang='lat' dir='ltr'>aut</span> <span class='ocrx_word' id='word_1_119' title='bbox 1681 1005 1707 1032; x_wconf 90' lang='lat' dir='ltr'>a</span> <span class='ocrx_word' id='word_1_120' title='bbox 1738 990 1873 1033; x_wconf 89' lang='lat' dir='ltr'>sacris</span> <span class='ocrx_word' id='word_1_121' title='bbox 1905 993 1998 1033; x_wconf 90' lang='lat' dir='ltr'>stu-</span> 
     </span>
     <span class='ocr_line' id='line_1_14' title="bbox 226 1054 1997 1113; baseline -0.001 -14"><span class='ocrx_word' id='word_1_122' title='bbox 226 1059 307 1113; x_wconf 83' lang='lat' dir='ltr'>dijs</span> <span class='ocrx_word' id='word_1_123' title='bbox 350 1057 524 1112; x_wconf 89' lang='lat' dir='ltr'>penitus</span> <span class='ocrx_word' id='word_1_124' title='bbox 569 1056 873 1106; x_wconf 80' lang='lat' dir='ltr'>abstinuisset,</span> <span class='ocrx_word' id='word_1_125' title='bbox 919 1057 995 1097; x_wconf 84' lang='lat' dir='ltr'>aut</span> <span class='ocrx_word' id='word_1_126' title='bbox 1038 1054 1081 1096; x_wconf 90' lang='lat' dir='ltr'>in</span> <span class='ocrx_word' id='word_1_127' title='bbox 1122 1054 1361 1097; x_wconf 89' lang='lat' dir='ltr'>iudicandis</span> <span class='ocrx_word' id='word_1_128' title='bbox 1401 1058 1575 1109; x_wconf 89' lang='lat' dir='ltr'>patrum</span> <span class='ocrx_word' id='word_1_129' title='bbox 1617 1055 1791 1110; x_wconf 89' lang='lat' dir='ltr'>scriptis</span> <span class='ocrx_word' id='word_1_130' title='bbox 1831 1056 1997 1098; x_wconf 88' lang='lat' dir='ltr'>minore</span> 
     </span>
     <span class='ocr_line' id='line_1_15' title="bbox 226 1120 1998 1178; baseline -0.001 -13"><span class='ocrx_word' id='word_1_131' title='bbox 226 1122 455 1178; x_wconf 89' lang='lat' dir='ltr'>supercilio</span> <span class='ocrx_word' id='word_1_132' title='bbox 489 1137 539 1164; x_wconf 87' lang='lat' dir='ltr'>ac</span> <span class='ocrx_word' id='word_1_133' title='bbox 573 1121 819 1164; x_wconf 79' lang='lat' dir='ltr'>candidiore</span> <span class='ocrx_word' id='word_1_134' title='bbox 852 1120 993 1162; x_wconf 85' lang='lat' dir='ltr'>animo</span> <span class='ocrx_word' id='word_1_135' title='bbox 1027 1134 1073 1162; x_wconf 92' lang='lat' dir='ltr'>se</span> <span class='ocrx_word' id='word_1_136' title='bbox 1095 1120 1340 1175; x_wconf 89' lang='lat' dir='ltr'>praeditum</span> <span class='ocrx_word' id='word_1_137' title='bbox 1374 1121 1651 1163; x_wconf 89' lang='lat' dir='ltr'>declarasset.</span> <span class='ocrx_word' id='word_1_138' title='bbox 1696 1120 1810 1163; x_wconf 89' lang='lat' dir='ltr'>Nam</span> <span class='ocrx_word' id='word_1_139' title='bbox 1843 1135 1998 1164; x_wconf 89' lang='lat' dir='ltr'>reuera</span> 
     </span>
     <span class='ocr_line' id='line_1_16' title="bbox 224 1185 1997 1244; baseline -0.001 -13"><span class='ocrx_word' id='word_1_140' title='bbox 224 1192 456 1244; x_wconf 84' lang='lat' dir='ltr'>postquam</span> <span class='ocrx_word' id='word_1_141' title='bbox 480 1188 689 1229; x_wconf 89' lang='lat' dir='ltr'>Erasmus</span> <span class='ocrx_word' id='word_1_142' title='bbox 712 1186 978 1239; x_wconf 89' lang='lat' dir='ltr'>Theologum</span> <span class='ocrx_word' id='word_1_143' title='bbox 1012 1199 1143 1239; x_wconf 88' lang='lat' dir='ltr'>agere</span> <span class='ocrx_word' id='word_1_144' title='bbox 1177 1185 1331 1239; x_wconf 87' lang='lat' dir='ltr'>coepit,</span> <span class='ocrx_word' id='word_1_145' title='bbox 1364 1186 1543 1228; x_wconf 89' lang='lat' dir='ltr'>nimium</span> <span class='ocrx_word' id='word_1_146' title='bbox 1575 1186 1697 1229; x_wconf 69' lang='lat' dir='ltr'>fidita</span> <span class='ocrx_word' id='word_1_147' title='bbox 1728 1186 1997 1241; x_wconf 86' lang='lat' dir='ltr'>sumpsitque</span> 
     </span>
     <span class='ocr_line' id='line_1_17' title="bbox 225 1250 1998 1306; baseline -0.001 -10"><span class='ocrx_word' id='word_1_148' title='bbox 225 1255 318 1305; x_wconf 88' lang='lat' dir='ltr'>sibi,</span> <span class='ocrx_word' id='word_1_149' title='bbox 354 1257 398 1296; x_wconf 92' lang='lat' dir='ltr'>et</span> <span class='ocrx_word' id='word_1_150' title='bbox 430 1253 661 1295; x_wconf 86' lang='lat' dir='ltr'>verborum</span> <span class='ocrx_word' id='word_1_151' title='bbox 694 1265 823 1306; x_wconf 88' lang='lat' dir='ltr'>saepe</span> <span class='ocrx_word' id='word_1_152' title='bbox 856 1265 985 1304; x_wconf 89' lang='lat' dir='ltr'>quam</span> <span class='ocrx_word' id='word_1_153' title='bbox 1016 1265 1161 1293; x_wconf 89' lang='lat' dir='ltr'>rerum</span> <span class='ocrx_word' id='word_1_154' title='bbox 1194 1250 1449 1301; x_wconf 86' lang='lat' dir='ltr'>studiosior,</span> <span class='ocrx_word' id='word_1_155' title='bbox 1485 1265 1685 1293; x_wconf 88' lang='lat' dir='ltr'>seuerum</span> <span class='ocrx_word' id='word_1_156' title='bbox 1718 1265 1765 1294; x_wconf 90' lang='lat' dir='ltr'>se</span> <span class='ocrx_word' id='word_1_157' title='bbox 1796 1252 1998 1306; x_wconf 89' lang='lat' dir='ltr'>praebuit</span> 
     </span>
     <span class='ocr_line' id='line_1_18' title="bbox 225 1316 1997 1371; baseline -0.002 -9"><span class='ocrx_word' id='word_1_158' title='bbox 225 1318 529 1362; x_wconf 88' lang='lat' dir='ltr'>Aristarchum</span> <span class='ocrx_word' id='word_1_159' title='bbox 546 1321 574 1369; x_wconf 82' lang='lat'>2,</span> <span class='ocrx_word' id='word_1_160' title='bbox 610 1320 740 1371; x_wconf 88' lang='lat' dir='ltr'>atque</span> <span class='ocrx_word' id='word_1_161' title='bbox 762 1317 805 1358; x_wconf 91' lang='lat' dir='ltr'>in</span> <span class='ocrx_word' id='word_1_162' title='bbox 829 1316 1054 1358; x_wconf 88' lang='lat' dir='ltr'>censendis</span> <span class='ocrx_word' id='word_1_163' title='bbox 1078 1316 1394 1370; x_wconf 89' lang='lat' dir='ltr'>Theologorum</span> <span class='ocrx_word' id='word_1_164' title='bbox 1430 1316 1602 1370; x_wconf 90' lang='lat' dir='ltr'>quidem</span> <span class='ocrx_word' id='word_1_165' title='bbox 1624 1316 1798 1371; x_wconf 88' lang='lat' dir='ltr'>scriptis</span> <span class='ocrx_word' id='word_1_166' title='bbox 1824 1319 1997 1360; x_wconf 90' lang='lat' dir='ltr'>tantum</span> 
     </span>
     <span class='ocr_line' id='line_1_19' title="bbox 225 1381 1998 1439; baseline -0.001 -12"><span class='ocrx_word' id='word_1_167' title='bbox 225 1385 306 1427; x_wconf 87' lang='lat' dir='ltr'>sibi</span> <span class='ocrx_word' id='word_1_168' title='bbox 347 1383 565 1439; x_wconf 86' lang='lat' dir='ltr'>permisit,</span> <span class='ocrx_word' id='word_1_169' title='bbox 612 1386 819 1436; x_wconf 90' lang='lat' dir='ltr'>quantum</span> <span class='ocrx_word' id='word_1_170' title='bbox 865 1382 1075 1424; x_wconf 86' lang='lat' dir='ltr'>hactenus</span> <span class='ocrx_word' id='word_1_171' title='bbox 1119 1396 1244 1423; x_wconf 89' lang='lat' dir='ltr'>nemo</span> <span class='ocrx_word' id='word_1_172' title='bbox 1286 1381 1397 1424; x_wconf 88' lang='lat' dir='ltr'>alius</span> <span class='ocrx_word' id='word_1_173' title='bbox 1441 1382 1719 1435; x_wconf 88' lang='lat' dir='ltr'>quantumuis</span> <span class='ocrx_word' id='word_1_174' title='bbox 1760 1382 1913 1425; x_wconf 91' lang='lat' dir='ltr'>doctus</span> <span class='ocrx_word' id='word_1_175' title='bbox 1953 1385 1998 1425; x_wconf 90' lang='lat' dir='ltr'>et</span> 
     </span>
     <span class='ocr_line' id='line_1_20' title="bbox 226 1446 1997 1505; baseline -0.002 -13"><span class='ocrx_word' id='word_1_176' title='bbox 226 1450 399 1505; x_wconf 89' lang='lat' dir='ltr'>sapiens</span> <span class='ocrx_word' id='word_1_177' title='bbox 432 1449 474 1490; x_wconf 89' lang='lat' dir='ltr'>in</span> <span class='ocrx_word' id='word_1_178' title='bbox 509 1448 691 1491; x_wconf 89' lang='lat' dir='ltr'>ecclesia</span> <span class='ocrx_word' id='word_1_179' title='bbox 715 1448 784 1489; x_wconf 86' lang='lat' dir='ltr'>vel</span> <span class='ocrx_word' id='word_1_180' title='bbox 816 1447 907 1502; x_wconf 83' lang='lat' dir='ltr'>ipse</span> <span class='ocrx_word' id='word_1_181' title='bbox 940 1447 1163 1501; x_wconf 89' lang='lat' dir='ltr'>postulare</span> <span class='ocrx_word' id='word_1_182' title='bbox 1187 1446 1305 1489; x_wconf 86' lang='lat' dir='ltr'>visus</span> <span class='ocrx_word' id='word_1_183' title='bbox 1338 1450 1416 1498; x_wconf 90' lang='lat' dir='ltr'>est,</span> <span class='ocrx_word' id='word_1_184' title='bbox 1451 1447 1521 1489; x_wconf 88' lang='lat' dir='ltr'>vel</span> <span class='ocrx_word' id='word_1_185' title='bbox 1545 1447 1643 1501; x_wconf 88' lang='lat' dir='ltr'>alijs</span> <span class='ocrx_word' id='word_1_186' title='bbox 1676 1447 1997 1489; x_wconf 87' lang='lat' dir='ltr'>concedendum</span> 
     </span>
     <span class='ocr_line' id='line_1_21' title="bbox 226 1512 1996 1563; baseline -0.001 -6"><span class='ocrx_word' id='word_1_187' title='bbox 226 1515 508 1558; x_wconf 79' lang='lat' dir='ltr'>existimauit.</span> <span class='ocrx_word' id='word_1_188' title='bbox 574 1513 758 1563; x_wconf 73' lang='lat' dir='ltr'>Scilicet,</span> <span class='ocrx_word' id='word_1_189' title='bbox 792 1527 846 1554; x_wconf 88' lang='lat' dir='ltr'>ne</span> <span class='ocrx_word' id='word_1_190' title='bbox 878 1512 1068 1555; x_wconf 89' lang='lat' dir='ltr'>Luthero</span> <span class='ocrx_word' id='word_1_191' title='bbox 1101 1512 1372 1554; x_wconf 83' lang='lat' dir='ltr'>excludenda</span> <span class='ocrx_word' id='word_1_192' title='bbox 1406 1526 1489 1554; x_wconf 88' lang='lat' dir='ltr'>oua</span> <span class='ocrx_word' id='word_1_193' title='bbox 1522 1512 1735 1555; x_wconf 89' lang='lat' dir='ltr'>deessent.</span> <span class='ocrx_word' id='word_1_194' title='bbox 1786 1513 1996 1556; x_wconf 87' lang='lat' dir='ltr'>Erasmus</span> 
     </span>
     <span class='ocr_line' id='line_1_22' title="bbox 224 1577 1995 1632; baseline -0.001 -10"><span class='ocrx_word' id='word_1_195' title='bbox 224 1581 462 1623; x_wconf 86' lang='lat' dir='ltr'>monachus</span> <span class='ocrx_word' id='word_1_196' title='bbox 484 1578 717 1621; x_wconf 89' lang='lat' dir='ltr'>monachos</span> <span class='ocrx_word' id='word_1_197' title='bbox 750 1578 989 1620; x_wconf 88' lang='lat' dir='ltr'>insectatus</span> <span class='ocrx_word' id='word_1_198' title='bbox 1013 1580 1080 1620; x_wconf 89' lang='lat' dir='ltr'>est</span> <span class='ocrx_word' id='word_1_199' title='bbox 1096 1578 1125 1627; x_wconf 83' lang='lat'>3,</span> <span class='ocrx_word' id='word_1_200' title='bbox 1160 1580 1203 1619; x_wconf 92' lang='lat' dir='ltr'>et</span> <span class='ocrx_word' id='word_1_201' title='bbox 1235 1591 1388 1632; x_wconf 89' lang='lat' dir='ltr'>parum</span> <span class='ocrx_word' id='word_1_202' title='bbox 1418 1577 1565 1630; x_wconf 89' lang='lat' dir='ltr'>grauis</span> <span class='ocrx_word' id='word_1_203' title='bbox 1587 1577 1680 1632; x_wconf 89' lang='lat' dir='ltr'>ipse</span> <span class='ocrx_word' id='word_1_204' title='bbox 1701 1577 1995 1632; x_wconf 88' lang='lat' dir='ltr'>philosophus,</span> 
     </span>
     <span class='ocr_line' id='line_1_23' title="bbox 224 1642 1996 1697; baseline -0.001 -9"><span class='ocrx_word' id='word_1_205' title='bbox 224 1647 437 1689; x_wconf 82' lang='lat' dir='ltr'>Doctores</span> <span class='ocrx_word' id='word_1_206' title='bbox 470 1644 753 1686; x_wconf 86' lang='lat' dir='ltr'>scholasticos</span> <span class='ocrx_word' id='word_1_207' title='bbox 775 1645 947 1686; x_wconf 85' lang='lat' dir='ltr'>tantum</span> <span class='ocrx_word' id='word_1_208' title='bbox 971 1657 1057 1684; x_wconf 90' lang='lat' dir='ltr'>non</span> <span class='ocrx_word' id='word_1_209' title='bbox 1087 1642 1299 1685; x_wconf 87' lang='lat' dir='ltr'>tractauit</span> <span class='ocrx_word' id='word_1_210' title='bbox 1321 1642 1580 1685; x_wconf 84' lang='lat' dir='ltr'>scurriliter:</span> <span class='ocrx_word' id='word_1_211' title='bbox 1614 1645 1705 1685; x_wconf 92' lang='lat' dir='ltr'>tum</span> <span class='ocrx_word' id='word_1_212' title='bbox 1735 1642 1879 1685; x_wconf 89' lang='lat' dir='ltr'>nescio</span> <span class='ocrx_word' id='word_1_213' title='bbox 1912 1657 1996 1697; x_wconf 91' lang='lat' dir='ltr'>quo</span> 
     </span>
     <span class='ocr_line' id='line_1_24' title="bbox 225 1707 1996 1766; baseline -0.001 -13"><span class='ocrx_word' id='word_1_214' title='bbox 225 1711 379 1766; x_wconf 88' lang='lat' dir='ltr'>spiritu</span> <span class='ocrx_word' id='word_1_215' title='bbox 414 1711 590 1760; x_wconf 85' lang='lat' dir='ltr'>ductus,</span> <span class='ocrx_word' id='word_1_216' title='bbox 626 1724 709 1751; x_wconf 90' lang='lat' dir='ltr'>non</span> <span class='ocrx_word' id='word_1_217' title='bbox 743 1709 873 1751; x_wconf 87' lang='lat' dir='ltr'>aliam</span> <span class='ocrx_word' id='word_1_218' title='bbox 905 1708 948 1749; x_wconf 90' lang='lat' dir='ltr'>in</span> <span class='ocrx_word' id='word_1_219' title='bbox 982 1708 1303 1750; x_wconf 89' lang='lat' dir='ltr'>Ecclesiasticis</span> <span class='ocrx_word' id='word_1_220' title='bbox 1334 1707 1426 1750; x_wconf 87' lang='lat' dir='ltr'>fere</span> <span class='ocrx_word' id='word_1_221' title='bbox 1459 1707 1689 1761; x_wconf 84' lang='lat' dir='ltr'>dogmatis,</span> <span class='ocrx_word' id='word_1_222' title='bbox 1726 1722 1853 1761; x_wconf 88' lang='lat' dir='ltr'>quam</span> <span class='ocrx_word' id='word_1_223' title='bbox 1886 1708 1996 1763; x_wconf 89' lang='lat' dir='ltr'>Pyr-</span> 
     </span>
     <span class='ocr_line' id='line_1_25' title="bbox 224 1773 1996 1828; baseline -0.001 -10"><span class='ocrx_word' id='word_1_224' title='bbox 224 1776 447 1819; x_wconf 87' lang='lat' dir='ltr'>rhonicam</span> <span class='ocrx_word' id='word_1_225' title='bbox 479 1775 602 1828; x_wconf 90' lang='lat' dir='ltr'>sequi</span> <span class='ocrx_word' id='word_1_226' title='bbox 636 1774 774 1817; x_wconf 85' lang='lat' dir='ltr'>voluit</span> <span class='ocrx_word' id='word_1_227' title='bbox 795 1773 1077 1827; x_wconf 88' lang='lat' dir='ltr'>Theologiam</span> <span class='ocrx_word' id='word_1_228' title='bbox 1094 1774 1122 1816; x_wconf 80' lang='lat'>4.</span> <span class='ocrx_word' id='word_1_229' title='bbox 1167 1773 1280 1815; x_wconf 92' lang='lat' dir='ltr'>Dum</span> <span class='ocrx_word' id='word_1_230' title='bbox 1315 1775 1461 1815; x_wconf 87' lang='lat' dir='ltr'>autem</span> <span class='ocrx_word' id='word_1_231' title='bbox 1493 1773 1664 1815; x_wconf 90' lang='lat' dir='ltr'>incusat</span> <span class='ocrx_word' id='word_1_232' title='bbox 1696 1776 1740 1816; x_wconf 92' lang='lat' dir='ltr'>et</span> <span class='ocrx_word' id='word_1_233' title='bbox 1773 1777 1996 1828; x_wconf 84' lang='lat' dir='ltr'>oppugnat</span> 
     </span>
     <span class='ocr_line' id='line_1_26' title="bbox 225 1838 1998 1894; baseline -0.002 -11"><span class='ocrx_word' id='word_1_234' title='bbox 225 1842 346 1892; x_wconf 86' lang='lat' dir='ltr'>alios,</span> <span class='ocrx_word' id='word_1_235' title='bbox 381 1855 426 1883; x_wconf 89' lang='lat' dir='ltr'>se</span> <span class='ocrx_word' id='word_1_236' title='bbox 458 1855 562 1882; x_wconf 89' lang='lat' dir='ltr'>vero</span> <span class='ocrx_word' id='word_1_237' title='bbox 595 1840 687 1894; x_wconf 89' lang='lat' dir='ltr'>ipse</span> <span class='ocrx_word' id='word_1_238' title='bbox 719 1841 930 1894; x_wconf 86' lang='lat' dir='ltr'>perpetuo</span> <span class='ocrx_word' id='word_1_239' title='bbox 963 1841 1146 1880; x_wconf 80' lang='lat' dir='ltr'>excusat</span> <span class='ocrx_word' id='word_1_240' title='bbox 1179 1841 1223 1881; x_wconf 92' lang='lat' dir='ltr'>et</span> <span class='ocrx_word' id='word_1_241' title='bbox 1254 1841 1503 1892; x_wconf 84' lang='lat' dir='ltr'>propugnat</span> <span class='ocrx_word' id='word_1_242' title='bbox 1534 1838 1771 1889; x_wconf 88' lang='lat' dir='ltr'>mordicus,</span> <span class='ocrx_word' id='word_1_243' title='bbox 1810 1841 1860 1881; x_wconf 90' lang='lat' dir='ltr'>vt</span> <span class='ocrx_word' id='word_1_244' title='bbox 1890 1839 1998 1881; x_wconf 92' lang='lat' dir='ltr'>nulli</span> 
     </span>
     <span class='ocr_line' id='line_1_27' title="bbox 224 1903 1996 1956; baseline -0.001 -8"><span class='ocrx_word' id='word_1_245' title='bbox 224 1907 332 1949; x_wconf 85' lang='lat' dir='ltr'>velit</span> <span class='ocrx_word' id='word_1_246' title='bbox 355 1906 519 1956; x_wconf 88' lang='lat' dir='ltr'>cedere,</span> <span class='ocrx_word' id='word_1_247' title='bbox 554 1907 811 1947; x_wconf 89' lang='lat' dir='ltr'>consecutus</span> <span class='ocrx_word' id='word_1_248' title='bbox 834 1906 902 1946; x_wconf 91' lang='lat' dir='ltr'>est</span> <span class='ocrx_word' id='word_1_249' title='bbox 923 1904 1113 1953; x_wconf 89' lang='lat' dir='ltr'>tandem,</span> <span class='ocrx_word' id='word_1_250' title='bbox 1138 1906 1187 1946; x_wconf 88' lang='lat' dir='ltr'>vt</span> <span class='ocrx_word' id='word_1_251' title='bbox 1210 1903 1455 1945; x_wconf 86' lang='lat' dir='ltr'>Erasmiani</span> <span class='ocrx_word' id='word_1_252' title='bbox 1478 1903 1661 1945; x_wconf 90' lang='lat' dir='ltr'>nominis</span> <span class='ocrx_word' id='word_1_253' title='bbox 1684 1903 1996 1947; x_wconf 87' lang='lat' dir='ltr'>authoritatem</span> 
     </span>
     <span class='ocr_line' id='line_1_28' title="bbox 223 1968 1996 2023; baseline -0.002 -9"><span class='ocrx_word' id='word_1_254' title='bbox 223 1972 367 2014; x_wconf 90' lang='lat' dir='ltr'>nullus</span> <span class='ocrx_word' id='word_1_255' title='bbox 400 1970 748 2014; x_wconf 85' lang='lat' dir='ltr'>aduersariorum</span> <span class='ocrx_word' id='word_1_256' title='bbox 777 1969 1091 2019; x_wconf 86' lang='lat' dir='ltr'>vehementius,</span> <span class='ocrx_word' id='word_1_257' title='bbox 1127 1982 1255 2022; x_wconf 87' lang='lat' dir='ltr'>quam</span> <span class='ocrx_word' id='word_1_258' title='bbox 1288 1971 1415 2010; x_wconf 86' lang='lat' dir='ltr'>autor</span> <span class='ocrx_word' id='word_1_259' title='bbox 1436 1968 1528 2023; x_wconf 90' lang='lat' dir='ltr'>ipse</span> <span class='ocrx_word' id='word_1_260' title='bbox 1560 1968 1854 2019; x_wconf 85' lang='lat' dir='ltr'>labefactarit,</span> <span class='ocrx_word' id='word_1_261' title='bbox 1887 1969 1996 2011; x_wconf 88' lang='lat' dir='ltr'>iam-</span> 
     </span>
     <span class='ocr_line' id='line_1_29' title="bbox 225 2033 1995 2091; baseline -0.002 -12"><span class='ocrx_word' id='word_1_262' title='bbox 225 2051 307 2091; x_wconf 91' lang='lat' dir='ltr'>que</span> <span class='ocrx_word' id='word_1_263' title='bbox 339 2040 511 2080; x_wconf 89' lang='lat' dir='ltr'>tantum</span> <span class='ocrx_word' id='word_1_264' title='bbox 543 2036 616 2078; x_wconf 90' lang='lat' dir='ltr'>ille</span> <span class='ocrx_word' id='word_1_265' title='bbox 657 2035 859 2090; x_wconf 88' lang='lat' dir='ltr'>ponderis</span> <span class='ocrx_word' id='word_1_266' title='bbox 892 2035 1005 2089; x_wconf 88' lang='lat' dir='ltr'>apud</span> <span class='ocrx_word' id='word_1_267' title='bbox 1043 2033 1159 2088; x_wconf 89' lang='lat' dir='ltr'>pios,</span> <span class='ocrx_word' id='word_1_268' title='bbox 1203 2036 1411 2087; x_wconf 90' lang='lat' dir='ltr'>quantum</span> <span class='ocrx_word' id='word_1_269' title='bbox 1455 2034 1545 2075; x_wconf 86' lang='lat' dir='ltr'>fere</span> <span class='ocrx_word' id='word_1_270' title='bbox 1587 2033 1702 2088; x_wconf 87' lang='lat' dir='ltr'>apud</span> <span class='ocrx_word' id='word_1_271' title='bbox 1733 2033 1888 2088; x_wconf 91' lang='lat' dir='ltr'>impios</span> <span class='ocrx_word' id='word_1_272' title='bbox 1920 2034 1995 2076; x_wconf 92' lang='lat' dir='ltr'>ob-</span> 
     </span>
     <span class='ocr_line' id='line_1_30' title="bbox 223 2098 1996 2154; baseline -0.002 -9"><span class='ocrx_word' id='word_1_273' title='bbox 223 2103 376 2145; x_wconf 90' lang='lat' dir='ltr'>tineat.</span> <span class='ocrx_word' id='word_1_274' title='bbox 440 2103 661 2144; x_wconf 91' lang='lat' dir='ltr'>Morosum</span> <span class='ocrx_word' id='word_1_275' title='bbox 703 2115 797 2143; x_wconf 92' lang='lat' dir='ltr'>esse</span> <span class='ocrx_word' id='word_1_276' title='bbox 840 2113 1062 2142; x_wconf 90' lang='lat' dir='ltr'>censorem</span> <span class='ocrx_word' id='word_1_277' title='bbox 1103 2101 1298 2154; x_wconf 84' lang='lat' dir='ltr'>oportet,</span> <span class='ocrx_word' id='word_1_278' title='bbox 1343 2098 1415 2152; x_wconf 90' lang='lat' dir='ltr'>qui</span> <span class='ocrx_word' id='word_1_279' title='bbox 1456 2101 1634 2153; x_wconf 89' lang='lat' dir='ltr'>arrepta</span> <span class='ocrx_word' id='word_1_280' title='bbox 1670 2098 1793 2141; x_wconf 88' lang='lat' dir='ltr'>velut</span> <span class='ocrx_word' id='word_1_281' title='bbox 1824 2098 1996 2152; x_wconf 87' lang='lat' dir='ltr'>virgula</span> 
     </span>
    </p>
   </div>
   <div class='ocr_carea' id='block_1_3' title="bbox 230 2199 364 2204">
    <p class='ocr_par' dir='ltr' id='par_1_3' title="bbox 230 2199 364 2204">
     <span class='ocr_line' id='line_1_31' title="bbox 230 2199 364 2204; baseline 0 0"><span class='ocrx_word' id='word_1_282' title='bbox 230 2199 364 2204; x_wconf 95' lang='lat' dir='ltr'> </span> 
     </span>
    </p>
   </div>
   <div class='ocr_carea' id='block_1_4' title="bbox 223 2245 1995 2399">
    <p class='ocr_par' dir='ltr' id='par_1_4' title="bbox 223 2245 1995 2399">
     <span class='ocr_line' id='line_1_32' title="bbox 343 2245 1994 2292; baseline -0.002 -10"><span class='ocrx_word' id='word_1_283' title='bbox 343 2254 356 2269; x_wconf 77' lang='lat'><strong>³</strong></span> <span class='ocrx_word' id='word_1_284' title='bbox 385 2249 465 2291; x_wconf 65' lang='lat' dir='ltr'>Sae·c;</span> <span class='ocrx_word' id='word_1_285' title='bbox 499 2259 714 2292; x_wconf 76' lang='lat' dir='ltr'>quamquam</span> <span class='ocrx_word' id='word_1_286' title='bbox 749 2247 971 2280; x_wconf 67' lang='lat' dir='ltr'>scribendum</span> <span class='ocrx_word' id='word_1_287' title='bbox 1005 2248 1117 2290; x_wconf 77' lang='lat' dir='ltr'>fuisse</span> <span class='ocrx_word' id='word_1_288' title='bbox 1151 2247 1289 2280; x_wconf 78' lang='lat' dir='ltr'>ridetur</span> <span class='ocrx_word' id='word_1_289' title='bbox 1324 2245 1412 2280; x_wconf 88' lang='lat' dir='ltr'>fisus</span> <span class='ocrx_word' id='word_1_290' title='bbox 1443 2248 1499 2279; x_wconf 89' lang='lat' dir='ltr'>est</span> <span class='ocrx_word' id='word_1_291' title='bbox 1534 2247 1585 2280; x_wconf 83' lang='lat' dir='ltr'>vel</span> <span class='ocrx_word' id='word_1_292' title='bbox 1610 2245 1685 2280; x_wconf 87' lang='lat' dir='ltr'>fisit</span> <span class='ocrx_word' id='word_1_293' title='bbox 1711 2246 1772 2288; x_wconf 78' lang='lat' dir='ltr'>(de</span> <span class='ocrx_word' id='word_1_294' title='bbox 1798 2256 1865 2290; x_wconf 81' lang='lat' dir='ltr'>quo</span> <span class='ocrx_word' id='word_1_295' title='bbox 1893 2256 1994 2290; x_wconf 81' lang='lat' dir='ltr'>„per-</span> 
     </span>
     <span class='ocr_line' id='line_1_33' title="bbox 223 2298 1995 2345; baseline -0.003 -9"><span class='ocrx_word' id='word_1_296' title='bbox 223 2300 334 2345; x_wconf 78' lang='lat' dir='ltr'>fecto“</span> <span class='ocrx_word' id='word_1_297' title='bbox 362 2303 439 2335; x_wconf 69' lang='lat' dir='ltr'>vide</span> <span class='ocrx_word' id='word_1_298' title='bbox 464 2302 609 2335; x_wconf 72' lang='lat' dir='ltr'>Friedr.</span> <span class='ocrx_word' id='word_1_299' title='bbox 638 2302 744 2344; x_wconf 72' lang='lat' dir='ltr'>Neue,</span> <span class='ocrx_word' id='word_1_300' title='bbox 770 2301 1025 2334; x_wconf 79' lang='lat' dir='ltr'>Formenlehre</span> <span class='ocrx_word' id='word_1_301' title='bbox 1049 2301 1114 2333; x_wconf 78' lang='lat' dir='ltr'>der</span> <span class='ocrx_word' id='word_1_302' title='bbox 1139 2300 1367 2333; x_wconf 68' lang='lat' dir='ltr'>latez&#39;nischen</span> <span class='ocrx_word' id='word_1_303' title='bbox 1395 2299 1554 2343; x_wconf 72' lang='lat' dir='ltr'>Spraehe</span> <span class='ocrx_word' id='word_1_304' title='bbox 1580 2300 1624 2333; x_wconf 91' lang='grc' dir='ltr'><em>Π</em></span> <span class='ocrx_word' id='word_1_305' title='bbox 1643 2299 1699 2342; x_wconf 82' lang='grc'>[2.</span> <span class='ocrx_word' id='word_1_306' title='bbox 1726 2300 1842 2343; x_wconf 58' lang='lat' dir='ltr'>Ausi„</span> <span class='ocrx_word' id='word_1_307' title='bbox 1869 2298 1995 2332; x_wconf 76' lang='lat' dir='ltr'>Berlin</span> 
     </span>
     <span class='ocr_line' id='line_1_34' title="bbox 229 2356 481 2399; baseline -0.004 -11"><span class='ocrx_word' id='word_1_308' title='bbox 229 2356 353 2399; x_wconf 81' lang='lat' dir='ltr'>1875J,</span> <span class='ocrx_word' id='word_1_309' title='bbox 381 2356 481 2396; x_wconf 82' lang='lat'><em>333).</em></span> 
     </span>
    </p>
   </div>
   <div class='ocr_carea' id='block_1_5' title="bbox 255 2437 765 2441">
    <p class='ocr_par' dir='ltr' id='par_1_5' title="bbox 255 2437 765 2441">
     <span class='ocr_line' id='line_1_35' title="bbox 255 2437 765 2441; baseline 0 0"><span class='ocrx_word' id='word_1_310' title='bbox 255 2437 765 2441; x_wconf 95' lang='lat' dir='ltr'> </span> 
     </span>
    </p>
   </div>
   <div class='ocr_carea' id='block_1_6' title="bbox 225 2491 1996 3166">
    <p class='ocr_par' dir='ltr' id='par_1_6' title="bbox 225 2491 1990 2592">
     <span class='ocr_line' id='line_1_36' title="bbox 349 2491 1990 2538; baseline -0.001 -12"><span class='ocrx_word' id='word_1_311' title='bbox 349 2495 358 2513; x_wconf 94' lang='lat'>¹</span> <span class='ocrx_word' id='word_1_312' title='bbox 384 2493 476 2527; x_wconf 88' lang='lat' dir='ltr'>Vide</span> <span class='ocrx_word' id='word_1_313' title='bbox 502 2505 611 2538; x_wconf 85' lang='lat' dir='ltr'>supra</span> <span class='ocrx_word' id='word_1_314' title='bbox 637 2506 669 2538; x_wconf 93' lang='lat' dir='ltr'>p.</span> <span class='ocrx_word' id='word_1_315' title='bbox 696 2494 800 2528; x_wconf 79' lang='lat'><strong>278⁴.</strong></span> <span class='ocrx_word' id='word_1_316' title='bbox 835 2492 1007 2527; x_wconf 84' lang='lat' dir='ltr'>Erasmus</span> <span class='ocrx_word' id='word_1_317' title='bbox 1033 2492 1187 2536; x_wconf 87' lang='lat' dir='ltr'>singulis</span> <span class='ocrx_word' id='word_1_318' title='bbox 1213 2491 1422 2536; x_wconf 83' lang='lat' dir='ltr'>Hieronymi</span> <span class='ocrx_word' id='word_1_319' title='bbox 1451 2491 1617 2536; x_wconf 85' lang='lat' dir='ltr'>epistulis</span> <span class='ocrx_word' id='word_1_320' title='bbox 1642 2501 1708 2525; x_wconf 83' lang='lat' dir='ltr'>sua</span> <span class='ocrx_word' id='word_1_321' title='bbox 1739 2491 1990 2534; x_wconf 83' lang='lat' dir='ltr'>„argumenta“</span> 
     </span>
     <span class='ocr_line' id='line_1_37' title="bbox 225 2544 1614 2592; baseline -0.001 -12"><span class='ocrx_word' id='word_1_322' title='bbox 225 2549 484 2592; x_wconf 82' lang='lat' dir='ltr'>praeposuerat</span> <span class='ocrx_word' id='word_1_323' title='bbox 509 2558 646 2591; x_wconf 88' lang='lat' dir='ltr'>suaque</span> <span class='ocrx_word' id='word_1_324' title='bbox 672 2546 819 2587; x_wconf 84' lang='lat' dir='ltr'>scholia,</span> <span class='ocrx_word' id='word_1_325' title='bbox 846 2557 960 2590; x_wconf 83' lang='lat' dir='ltr'>eaque</span> <span class='ocrx_word' id='word_1_326' title='bbox 986 2557 1093 2590; x_wconf 88' lang='lat' dir='ltr'>saepe</span> <span class='ocrx_word' id='word_1_327' title='bbox 1119 2545 1341 2588; x_wconf 86' lang='lat' dir='ltr'>longissima,</span> <span class='ocrx_word' id='word_1_328' title='bbox 1368 2544 1614 2578; x_wconf 85' lang='lat' dir='ltr'>subiunxerat.</span> 
     </span>
    </p>

    <p class='ocr_par' dir='ltr' id='par_1_7' title="bbox 226 2595 1996 2794">
     <span class='ocr_line' id='line_1_38' title="bbox 347 2595 1995 2643; baseline -0.002 -9"><span class='ocrx_word' id='word_1_329' title='bbox 347 2600 360 2620; x_wconf 77' lang='lat'><strong>²</strong></span> <span class='ocrx_word' id='word_1_330' title='bbox 385 2599 618 2634; x_wconf 84' lang='lat' dir='ltr'>Aristarchus</span> <span class='ocrx_word' id='word_1_331' title='bbox 637 2599 863 2640; x_wconf 80' lang='lat' dir='ltr'>Samothrax,</span> <span class='ocrx_word' id='word_1_332' title='bbox 891 2598 951 2643; x_wconf 91' lang='lat' dir='ltr'>qui</span> <span class='ocrx_word' id='word_1_333' title='bbox 978 2598 1044 2632; x_wconf 89' lang='lat' dir='ltr'>sub</span> <span class='ocrx_word' id='word_1_334' title='bbox 1070 2610 1101 2632; x_wconf 86' lang='lat' dir='ltr'>a.</span> <span class='ocrx_word' id='word_1_335' title='bbox 1131 2598 1198 2633; x_wconf 78' lang='lat'>170</span> <span class='ocrx_word' id='word_1_336' title='bbox 1216 2597 1459 2632; x_wconf 78' lang='lat' dir='ltr'>Alexandriae</span> <span class='ocrx_word' id='word_1_337' title='bbox 1485 2597 1646 2638; x_wconf 85' lang='lat' dir='ltr'>docebat,</span> <span class='ocrx_word' id='word_1_338' title='bbox 1673 2598 1710 2631; x_wconf 88' lang='lat' dir='ltr'>et</span> <span class='ocrx_word' id='word_1_339' title='bbox 1734 2596 1868 2631; x_wconf 91' lang='lat' dir='ltr'>multos</span> <span class='ocrx_word' id='word_1_340' title='bbox 1884 2595 1995 2630; x_wconf 89' lang='lat' dir='ltr'>libros</span> 
     </span>
     <span class='ocr_line' id='line_1_39' title="bbox 226 2650 1996 2697; baseline -0.002 -10"><span class='ocrx_word' id='word_1_341' title='bbox 226 2652 482 2696; x_wconf 86' lang='lat' dir='ltr'>grammaticos</span> <span class='ocrx_word' id='word_1_342' title='bbox 509 2654 544 2686; x_wconf 90' lang='lat' dir='ltr'>et</span> <span class='ocrx_word' id='word_1_343' title='bbox 581 2652 754 2697; x_wconf 88' lang='lat' dir='ltr'>plurimos</span> <span class='ocrx_word' id='word_1_344' title='bbox 779 2652 816 2686; x_wconf 93' lang='lat' dir='ltr'>in</span> <span class='ocrx_word' id='word_1_345' title='bbox 840 2654 966 2697; x_wconf 73' lang='lat' dir='ltr'>poetas</span> <span class='ocrx_word' id='word_1_346' title='bbox 991 2663 1142 2696; x_wconf 89' lang='lat' dir='ltr'>graecos</span> <span class='ocrx_word' id='word_1_347' title='bbox 1169 2651 1464 2693; x_wconf 86' lang='lat' dir='ltr'>commentarios,</span> <span class='ocrx_word' id='word_1_348' title='bbox 1500 2650 1594 2684; x_wconf 91' lang='lat' dir='ltr'>inter</span> <span class='ocrx_word' id='word_1_349' title='bbox 1620 2661 1708 2694; x_wconf 89' lang='lat' dir='ltr'>quos</span> <span class='ocrx_word' id='word_1_350' title='bbox 1732 2650 1996 2694; x_wconf 76' lang='grc' dir='ltr'><strong>,,Διορ19ώσεις“</strong></span> 
     </span>
     <span class='ocr_line' id='line_1_40' title="bbox 228 2702 1995 2750; baseline -0.003 -9"><span class='ocrx_word' id='word_1_351' title='bbox 228 2707 374 2741; x_wconf 85' lang='lat' dir='ltr'>criticae</span> <span class='ocrx_word' id='word_1_352' title='bbox 400 2706 436 2740; x_wconf 92' lang='lat' dir='ltr'>in</span> <span class='ocrx_word' id='word_1_353' title='bbox 461 2706 657 2740; x_wconf 86' lang='lat' dir='ltr'>Homerum</span> <span class='ocrx_word' id='word_1_354' title='bbox 685 2706 853 2747; x_wconf 84' lang='lat' dir='ltr'>eminent,</span> <span class='ocrx_word' id='word_1_355' title='bbox 879 2705 1085 2750; x_wconf 84' lang='lat' dir='ltr'>scripserat.</span> <span class='ocrx_word' id='word_1_356' title='bbox 1137 2704 1205 2746; x_wconf 85' lang='lat' dir='ltr'>Qui</span> <span class='ocrx_word' id='word_1_357' title='bbox 1231 2716 1294 2750; x_wconf 91' lang='lat' dir='ltr'>pro</span> <span class='ocrx_word' id='word_1_358' title='bbox 1321 2703 1485 2749; x_wconf 83' lang='lat' dir='ltr'>exemplo</span> <span class='ocrx_word' id='word_1_359' title='bbox 1512 2703 1666 2748; x_wconf 82' lang='lat' dir='ltr'>quodam</span> <span class='ocrx_word' id='word_1_360' title='bbox 1692 2702 1821 2738; x_wconf 90' lang='lat' dir='ltr'>iudicis</span> <span class='ocrx_word' id='word_1_361' title='bbox 1845 2703 1995 2737; x_wconf 88' lang='lat' dir='ltr'>nimium</span> 
     </span>
     <span class='ocr_line' id='line_1_41' title="bbox 228 2759 581 2794; baseline -0.003 0"><span class='ocrx_word' id='word_1_362' title='bbox 228 2759 342 2794; x_wconf 88' lang='lat' dir='ltr'>critici</span> <span class='ocrx_word' id='word_1_363' title='bbox 368 2759 581 2794; x_wconf 83' lang='lat' dir='ltr'>habebatur.</span> 
     </span>
    </p>

    <p class='ocr_par' dir='ltr' id='par_1_8' title="bbox 228 2808 1995 3059">
     <span class='ocr_line' id='line_1_42' title="bbox 348 2808 1993 2854; baseline -0.003 -7"><span class='ocrx_word' id='word_1_364' title='bbox 348 2814 361 2833; x_wconf 79' lang='lat'>³</span> <span class='ocrx_word' id='word_1_365' title='bbox 386 2813 559 2847; x_wconf 86' lang='lat' dir='ltr'>Erasmus</span> <span class='ocrx_word' id='word_1_366' title='bbox 593 2824 623 2847; x_wconf 89' lang='lat' dir='ltr'>a.</span> <span class='ocrx_word' id='word_1_367' title='bbox 662 2812 753 2847; x_wconf 82' lang='lat'>1486</span> <span class='ocrx_word' id='word_1_368' title='bbox 788 2811 946 2846; x_wconf 86' lang='lat' dir='ltr'>ordinem</span> <span class='ocrx_word' id='word_1_369' title='bbox 983 2811 1236 2845; x_wconf 87' lang='lat' dir='ltr'>canonicorum</span> <span class='ocrx_word' id='word_1_370' title='bbox 1270 2809 1492 2854; x_wconf 86' lang='lat' dir='ltr'>regularium</span> <span class='ocrx_word' id='word_1_371' title='bbox 1527 2809 1562 2844; x_wconf 82' lang='lat' dir='ltr'>S.</span> <span class='ocrx_word' id='word_1_372' title='bbox 1588 2808 1784 2852; x_wconf 87' lang='lat' dir='ltr'>Augustini</span> <span class='ocrx_word' id='word_1_373' title='bbox 1818 2808 1855 2843; x_wconf 89' lang='lat' dir='ltr'>in</span> <span class='ocrx_word' id='word_1_374' title='bbox 1891 2809 1993 2843; x_wconf 89' lang='lat' dir='ltr'>domo</span> 
     </span>
     <span class='ocr_line' id='line_1_43' title="bbox 228 2862 1994 2911; baseline -0.003 -11"><span class='ocrx_word' id='word_1_375' title='bbox 228 2865 328 2900; x_wconf 87' lang='lat' dir='ltr'>Stein</span> <span class='ocrx_word' id='word_1_376' title='bbox 357 2865 558 2910; x_wconf 86' lang='lat' dir='ltr'>(Emmaus)</span> <span class='ocrx_word' id='word_1_377' title='bbox 586 2877 696 2911; x_wconf 89' lang='lat' dir='ltr'>prope</span> <span class='ocrx_word' id='word_1_378' title='bbox 723 2864 884 2900; x_wconf 89' lang='lat' dir='ltr'>Goudam</span> <span class='ocrx_word' id='word_1_379' title='bbox 910 2864 1117 2908; x_wconf 86' lang='lat' dir='ltr'>ingressus,</span> <span class='ocrx_word' id='word_1_380' title='bbox 1152 2864 1284 2898; x_wconf 90' lang='lat' dir='ltr'>ibidem</span> <span class='ocrx_word' id='word_1_381' title='bbox 1317 2863 1577 2908; x_wconf 89' lang='lat' dir='ltr'>professionem</span> <span class='ocrx_word' id='word_1_382' title='bbox 1611 2862 1822 2897; x_wconf 88' lang='lat' dir='ltr'>sollemnem</span> <span class='ocrx_word' id='word_1_383' title='bbox 1846 2862 1994 2896; x_wconf 87' lang='lat' dir='ltr'>fecerat.</span> 
     </span>
     <span class='ocr_line' id='line_1_44' title="bbox 229 2913 1994 2964; baseline -0.003 -11"><span class='ocrx_word' id='word_1_384' title='bbox 229 2918 297 2961; x_wconf 82' lang='lat' dir='ltr'>Qui</span> <span class='ocrx_word' id='word_1_385' title='bbox 323 2930 404 2954; x_wconf 88' lang='lat' dir='ltr'>cum</span> <span class='ocrx_word' id='word_1_386' title='bbox 429 2921 555 2964; x_wconf 85' lang='lat' dir='ltr'>postea</span> <span class='ocrx_word' id='word_1_387' title='bbox 590 2930 654 2953; x_wconf 88' lang='lat' dir='ltr'>suo</span> <span class='ocrx_word' id='word_1_388' title='bbox 690 2919 868 2953; x_wconf 87' lang='lat' dir='ltr'>arbitratu</span> <span class='ocrx_word' id='word_1_389' title='bbox 903 2919 1044 2952; x_wconf 90' lang='lat' dir='ltr'>vestem</span> <span class='ocrx_word' id='word_1_390' title='bbox 1069 2916 1277 2961; x_wconf 87' lang='lat' dir='ltr'>religiosam</span> <span class='ocrx_word' id='word_1_391' title='bbox 1303 2916 1546 2961; x_wconf 88' lang='lat' dir='ltr'>deposuisset,</span> <span class='ocrx_word' id='word_1_392' title='bbox 1584 2927 1614 2950; x_wconf 86' lang='lat' dir='ltr'>a.</span> <span class='ocrx_word' id='word_1_393' title='bbox 1644 2915 1734 2950; x_wconf 85' lang='lat'>1517</span> <span class='ocrx_word' id='word_1_394' title='bbox 1761 2926 1782 2949; x_wconf 87' lang='lat' dir='ltr'>a</span> <span class='ocrx_word' id='word_1_395' title='bbox 1807 2914 1924 2949; x_wconf 89' lang='lat' dir='ltr'>Leone</span> <span class='ocrx_word' id='word_1_396' title='bbox 1949 2913 1994 2949; x_wconf 88' lang='lat' dir='ltr'>X.</span> 
     </span>
     <span class='ocr_line' id='line_1_45' title="bbox 228 2967 1995 3016; baseline -0.003 -10"><span class='ocrx_word' id='word_1_397' title='bbox 228 2972 616 3014; x_wconf 83' lang='lat' dir='ltr'>excommunicatione,</span> <span class='ocrx_word' id='word_1_398' title='bbox 651 2972 687 3006; x_wconf 89' lang='lat' dir='ltr'>in</span> <span class='ocrx_word' id='word_1_399' title='bbox 722 2983 830 3016; x_wconf 87' lang='lat' dir='ltr'>quam</span> <span class='ocrx_word' id='word_1_400' title='bbox 856 2971 952 3005; x_wconf 87' lang='lat' dir='ltr'>facto</span> <span class='ocrx_word' id='word_1_401' title='bbox 978 2970 1040 3004; x_wconf 94' lang='lat' dir='ltr'>illo</span> <span class='ocrx_word' id='word_1_402' title='bbox 1066 2970 1286 3011; x_wconf 84' lang='lat' dir='ltr'>incurrerat,</span> <span class='ocrx_word' id='word_1_403' title='bbox 1321 2969 1462 3003; x_wconf 90' lang='lat' dir='ltr'>solutus</span> <span class='ocrx_word' id='word_1_404' title='bbox 1497 2970 1534 3003; x_wconf 89' lang='lat' dir='ltr'>et</span> <span class='ocrx_word' id='word_1_405' title='bbox 1558 2968 1734 3002; x_wconf 78' lang='lat' dir='ltr'>facultate</span> <span class='ocrx_word' id='word_1_406' title='bbox 1760 2967 1914 3002; x_wconf 88' lang='lat' dir='ltr'>donatus</span> <span class='ocrx_word' id='word_1_407' title='bbox 1939 2968 1995 3001; x_wconf 88' lang='lat' dir='ltr'>est</span> 
     </span>
     <span class='ocr_line' id='line_1_46' title="bbox 229 3020 1758 3059; baseline -0.003 0"><span class='ocrx_word' id='word_1_408' title='bbox 229 3027 332 3059; x_wconf 84' lang='lat' dir='ltr'>extra</span> <span class='ocrx_word' id='word_1_409' title='bbox 357 3026 615 3059; x_wconf 84' lang='lat' dir='ltr'>monasterium</span> <span class='ocrx_word' id='word_1_410' title='bbox 640 3025 788 3059; x_wconf 88' lang='lat' dir='ltr'>vivendi</span> <span class='ocrx_word' id='word_1_411' title='bbox 814 3027 850 3059; x_wconf 90' lang='lat' dir='ltr'>et</span> <span class='ocrx_word' id='word_1_412' title='bbox 875 3023 1114 3058; x_wconf 86' lang='lat' dir='ltr'>saecularium</span> <span class='ocrx_word' id='word_1_413' title='bbox 1141 3022 1369 3057; x_wconf 86' lang='lat' dir='ltr'>sacerdotum</span> <span class='ocrx_word' id='word_1_414' title='bbox 1396 3021 1568 3057; x_wconf 86' lang='lat' dir='ltr'>vestitum</span> <span class='ocrx_word' id='word_1_415' title='bbox 1593 3020 1758 3055; x_wconf 87' lang='lat' dir='ltr'>habendi.</span> 
     </span>
    </p>

    <p class='ocr_par' dir='ltr' id='par_1_9' title="bbox 230 3072 1994 3166">
     <span class='ocr_line' id='line_1_47' title="bbox 347 3072 1994 3124; baseline -0.004 -11"><span class='ocrx_word' id='word_1_416' title='bbox 347 3079 360 3098; x_wconf 74' lang='lat'>4</span> <span class='ocrx_word' id='word_1_417' title='bbox 387 3078 552 3124; x_wconf 85' lang='lat' dir='ltr'>Pyrrhon</span> <span class='ocrx_word' id='word_1_418' title='bbox 569 3078 688 3120; x_wconf 88' lang='lat' dir='ltr'>Eleus,</span> <span class='ocrx_word' id='word_1_419' title='bbox 715 3077 949 3123; x_wconf 89' lang='lat' dir='ltr'>philosophus</span> <span class='ocrx_word' id='word_1_420' title='bbox 975 3087 1128 3121; x_wconf 87' lang='lat' dir='ltr'>graecus</span> <span class='ocrx_word' id='word_1_421' title='bbox 1153 3076 1258 3120; x_wconf 84' lang='lat' dir='ltr'>isque</span> <span class='ocrx_word' id='word_1_422' title='bbox 1275 3074 1466 3110; x_wconf 87' lang='lat' dir='ltr'>Aristoteli</span> <span class='ocrx_word' id='word_1_423' title='bbox 1491 3073 1664 3118; x_wconf 84' lang='lat' dir='ltr'>aequalis,</span> <span class='ocrx_word' id='word_1_424' title='bbox 1691 3072 1835 3108; x_wconf 86' lang='lat' dir='ltr'>scholae</span> <span class='ocrx_word' id='word_1_425' title='bbox 1858 3072 1994 3118; x_wconf 79' lang='lat' dir='ltr'>Scepti-</span> 
     </span>
     <span class='ocr_line' id='line_1_48' title="bbox 230 3131 610 3166; baseline 0 -1"><span class='ocrx_word' id='word_1_426' title='bbox 230 3142 351 3165; x_wconf 88' lang='lat' dir='ltr'>corum</span> <span class='ocrx_word' id='word_1_427' title='bbox 379 3133 504 3166; x_wconf 88' lang='lat' dir='ltr'>auctor</span> <span class='ocrx_word' id='word_1_428' title='bbox 530 3131 610 3166; x_wconf 88' lang='lat' dir='ltr'>fuit.</span> 
     </span>
    </p>
   </div>
  </div>
 </body>
</html>
