2093 3444
204 190 285 231 102
432 186 511 220 538.
548 184 715 220 Canisius
741 183 873 218 Lanoio
900 186 967 218 etc.
1011 183 1106 226 Aug.
1132 182 1274 217 Vindel.
1302 182 1409 217 Mart.
1438 182 1498 216 vel
1524 183 1609 227 Apr.
1639 182 1740 216 1561.

321 307 374 348 .5.
403 303 624 354 Quomodo
647 303 701 345 ab
725 302 886 344 eisdem
909 301 1131 356 professis,
1157 303 1200 343 et
1223 300 1482 343 Rectoribus
1505 300 1714 343 Doctrina
1737 299 1976 343 christiana

202 371 395 414 docenda
428 370 486 412 sit
520 383 597 423 per
631 370 714 412 .40.
750 367 905 409 dies‘?¹

322 438 374 479 .6.
409 434 629 486 Quomodo
666 433 966 487 experimenta
997 432 1041 474 in
1078 431 1460 474 constitutionibus
1501 431 1645 486 posita
1677 429 1974 484 Collegialium

201 504 246 544 et
278 501 474 550 aliorum,
510 498 753 551 executionj
787 498 982 552 mandarj
1016 500 1227 552 possunta
1261 495 1322 551 [P]
1341 497 1371 539 2.

322 569 374 609 .7.
410 566 479 607 An
510 563 789 619 prouincialis
832 564 989 605 debeat
1031 563 1084 604 ad
1127 562 1321 616 singulas
1356 561 1602 616 prouincias
1634 560 1977 616 quadrimestres

203 634 256 676 ,4.
292 645 461 685 quoque
501 643 650 671 mense
682 629 893 678 scribere,
937 631 985 671 ut
1018 629 1152 670 uerba
1185 641 1341 669 sonare
1382 627 1586 669 uidentur
1625 626 1669 668 in
1709 626 1836 669 modo
1869 626 1976 669 scri-

201 697 329 740 bendi
362 697 513 738 literas
529 696 558 738 3.

323 764 376 805 ,8.
412 761 631 811 Quomodo
654 759 938 812 intelligatur,
974 762 1018 802 et
1041 758 1285 800 executioni
1310 758 1507 800 mandari
1528 757 1667 812 possit
1692 757 1807 799 infra
1839 756 1976 812 scrip-

202 832 292 871 tum
327 842 420 882 cap.
456 841 510 869 ex
543 825 684 868 officio
717 824 995 880 prouincialis
1026 823 1070 865 in
1103 827 1229 878 parte
1265 825 1347 866 .13.

321 893 377 935 Jn
411 891 559 947 primis
600 891 644 932 in
684 891 778 932 loco
812 890 882 932 ubi
916 889 1186 944 frequentius
1224 888 1407 939 residet,
1450 889 1611 931 habeat
1643 887 1912 930 consiliarios
1950 902 1976 930 a

204 958 407 1002 Generali
440 957 704 1011 designatos,
740 959 784 999 et
815 956 850 998 si
884 955 1039 1009 aliquis
1073 954 1211 997 deerit
1245 969 1301 996 ex
1335 954 1408 1004 eis,
1448 957 1600 997 utatur
1631 954 1811 996 alterius
1844 967 1978 1008 opera

202 1025 246 1067 in
280 1039 331 1067 ea
362 1027 509 1078 parte,
553 1023 688 1064 donec
721 1022 954 1076 approbet,
998 1021 1067 1063 uel
1101 1021 1232 1062 alium
1272 1020 1471 1073 designet
1505 1019 1752 1069 Generalis,
1795 1018 1975 1061 Nullum

204 1093 350 1133 autem
384 1104 439 1132 ex
471 1088 789 1131 consultoribus
812 1087 867 1129 ad
889 1089 1057 1129 remota
1090 1087 1198 1136 loca,
1233 1100 1311 1127 nec
1334 1086 1388 1127 ad
1411 1085 1587 1139 longum
1610 1087 1781 1139 tempus
1812 1083 1975 1134 mittat,

204 1159 248 1200 et
282 1156 343 1198 eis
384 1154 632 1210 prouinciae
665 1156 834 1208 partem
869 1152 1085 1204 assignet,
1129 1154 1177 1194 ut
1218 1165 1322 1193 suae
1357 1151 1537 1204 quisque
1579 1150 1840 1205 peculiarem
1874 1150 1976 1192 soli-

204 1221 438 1264 citudinem
480 1223 619 1273 gerat.
684 1220 752 1260 Ex
784 1218 869 1260 illis
902 1218 1090 1271 aliquem
1123 1232 1147 1259 a
1181 1232 1264 1270 quo
1297 1217 1493 1266 iuuetur,
1536 1231 1632 1258 cum
1674 1216 1728 1258 ad
1763 1215 1848 1258 alia
1880 1215 1978 1258 loca

203 1286 409 1330 nisit-andi
442 1286 586 1339 gratia
619 1299 665 1327 se
689 1284 869 1334 confert,
904 1297 1050 1326 secum
1084 1283 1214 1325 ducat
1249 1318 1256 1325 .
1292 1283 1349 1325 Et
1381 1282 1417 1324 si
1445 1281 1667 1324 commode
1690 1281 1780 1336 fierj
1815 1283 1975 1335 potest,

203 1353 336 1402 illum,
373 1352 439 1393 cui
473 1366 524 1393 ea
556 1351 664 1400 loca,
699 1364 809 1403 quae
842 1349 1007 1399 uisitat,
1042 1348 1345 1391 commendata
1377 1350 1478 1390 sunt
1494 1348 1524 1390 ⁴.

324 1416 600 1459 Meminerint
633 1415 765 1458 etiam
800 1415 1082 1464 consultores,
1119 1413 1231 1467 quod
1265 1413 1423 1456 debent
1451 1414 1504 1456 ,4.
1539 1426 1709 1466 quoque
1742 1425 1888 1453 mense
1921 1411 1977 1453 ad

204 1484 381 1526 Patrem
415 1482 671 1524 Generalem
707 1480 907 1530 scribere,
943 1483 990 1523 ut
1022 1480 1065 1521 in
1097 1479 1224 1521 modo
1257 1478 1471 1520 scribendi
1503 1477 1654 1520 literas
1687 1477 1843 1520 dicitur
1858 1477 1886 1519 5.

324 1616 337 1631 ³
366 1612 447 1652 Sz'c,·
472 1611 531 1643 sed
557 1615 586 1643 ec
613 1621 702 1653 quae
728 1609 957 1651 antecedunt,
989 1613 1018 1641 et
1044 1619 1134 1651 quae
1158 1610 1377 1651 sequnntur,
1415 1611 1450 1639 11!
1477 1606 1616 1651 possint
1641 1607 1790 1649 lessumr,
1815 1606 1977 1640 suadent.

330 1735 338 1754 ¹
366 1734 419 1768 De
437 1733 637 1767 rectoribus
663 1731 744 1766 vide
767 1732 852 1766 Can.
881 1731 968 1776 Epp.
998 1731 1040 1771 Il,
1068 1731 1162 1764 5742.
1192 1729 1382 1764 societatis
1409 1730 1632 1773 conyreqate'o
1658 1728 1838 1773 generalis
1863 1728 1981 1774 prima

208 1787 318 1831 (decr.
348 1788 430 1830 138)
459 1786 701 1832 praepositum
727 1784 931 1829 generalem
960 1796 1085 1818 curare
1113 1784 1277 1825 iusserat,
1305 1786 1344 1817 ut
1370 1783 1534 1828 professi,
1561 1794 1651 1826 quae
1679 1783 1713 1816 in
1741 1783 1818 1827 ipsa
1844 1782 1978 1828 profes-

206 1841 304 1875 sione
331 1841 374 1875 de
401 1840 562 1875 doctrina
590 1839 785 1873 christiana
813 1838 987 1872 tradenda
1013 1837 1272 1882 promisissent,
1305 1838 1599 1880 exsequerentur,
1627 1836 1771 1877 addens,
1801 1835 1979 1880 Ignatium

206 1894 380 1938 singulis,
424 1896 481 1935 „ut
517 1892 627 1927 semel
664 1904 727 1937 per
763 1892 1004 1936 quadraginta
1040 1891 1115 1925 dies
1151 1890 1184 1924 id
1213 1890 1414 1926 facerenff.
1450 1889 1729 1935 praescripsisse
1758 1889 1981 1933 (Instinctam

207 1947 399 1983 Societatis
426 1948 506 1981 Iesu
535 1947 576 1987 Il,
608 1945 702 1983 186).
1902 1953 1906 1958 ·

328 2001 340 2022 ²
367 2000 601 2035 Probationes
620 2003 703 2034 ante
727 2000 841 2044 prima
860 2002 945 2033 vota
970 1992 1327 2041 („scholasticorum“
1359 1999 1393 2031 ct
1417 1995 1723 2039 ,coadiutorun1“)
1751 1996 1979 2037 subeundae;

213 2054 258 2088 cf.
290 2054 376 2088 Can.
406 2053 492 2097 Epp.
521 2053 546 2092 Ι,
575 2053 655 2092 99⁷3
682 2052 726 2093 ΙΙ,
755 2052 848 2086 396¹.
877 2051 973 2085 613².
1003 2051 1088 2085 701³
1115 2053 1181 2085 etc.

329 2108 341 2127 ³
372 2105 635 2148 „Prouinciales
662 2108 788 2139 curent
814 2105 939 2138 literas
967 2102 1289 2149 [quadrimestres].
1326 2114 1416 2147 quae
1444 2102 1488 2137 ad
1514 2114 1552 2136 se
1579 2102 1769 2136 mittentur
1794 2101 1839 2148 ijs
1865 2104 1980 2136 trans-

206 2161 351 2195 mittere
379 2160 421 2194 ad
449 2171 538 2204 quos
565 2159 799 2193 destinandae
834 2162 937 2199 sunt,
974 2160 1049 2191 tum
1075 2169 1140 2192 suo
1166 2157 1307 2191 nomine
1335 2156 1487 2201 quisque
1523 2167 1644 2190 eorum
1680 2155 1980 2200 quadrimestrem

209 2214 327 2254 addat,
355 2225 425 2258 qua
452 2225 544 2258 quae
571 2212 639 2247 sibi
665 2214 909 2250 occurrerunt,
938 2223 1076 2256 quaeue
1102 2210 1298 2256 praepositi
1324 2212 1360 2244 et
1386 2209 1559 2244 Rectores
1585 2221 1627 2244 ac
1652 2208 1827 2254 praefecti
1854 2209 1980 2243 omise-

208 2270 302 2308 runt,
329 2267 520 2310 significet,
548 2268 584 2300 et
609 2277 687 2300 eam
714 2266 825 2299 tocies
853 2265 1008 2300 exscribi
1036 2267 1147 2306 curet,
1175 2276 1216 2298 ac
1243 2263 1408 2298 similiter
1435 2266 1471 2297 ct
1496 2263 1539 2297 ad
1559 2263 1702 2297 eosdem
1720 2262 1852 2304 mittat,
1880 2265 1920 2296 ut
1937 2262 1982 2296 de

209 2321 290 2366 alijs
317 2321 452 2355 dictum
479 2320 576 2354 est“:
603 2320 654 2353 ita
679 2319 931 2363 antiquissima
955 2318 1018 2352 illa
1036 2317 1240 2352 *Fornmla
1258 2316 1448 2356 scribendi,
1476 2327 1567 2361 quae
1585 2316 1759 2361 inscripta
1777 2318 1850 2350 est:
1884 2315 1980 2358 „Qua

208 2374 347 2409 ratione
373 2373 552 2408 scribendi
580 2373 633 2406 vti
659 2373 822 2411 debeant,
859 2371 919 2415 qui
946 2374 1049 2405 extra
1075 2371 1199 2405 urbem
1225 2371 1260 2404 in
1287 2371 1460 2404 societate
1486 2372 1609 2404 nostra
1634 2370 1844 2404 uersantur⁶⁴
1878 2368 1979 2413 (cod.

215 2427 380 2471 „Antiqu.
401 2426 569 2470 Ingolst.'‘
592 2426 616 2460 f.
637 2426 731 2469 68⁰).
768 2425 898 2459 Postea
918 2425 1112 2470 praepositi
1139 2423 1379 2469 provinciales
1407 2423 1473 2457 hac
1498 2422 1693 2467 scriptione
1719 2421 1861 2457 liberati
1883 2424 1979 2456 sunt.

329 2481 341 2500 ⁴
369 2480 444 2514 Lex
470 2480 570 2520 huic,
608 2491 700 2524 quae
727 2481 824 2513 certe
860 2490 905 2512 ex
936 2477 1085 2520 „Officio
1113 2476 1374 2511 provincialis‘
1405 2488 1435 2510 a.
1468 2477 1558 2511 1560
1585 2476 1698 2510 Roma
1724 2476 1767 2510 ad
1796 2475 1977 2510 Canisium

210 2534 320 2568 misso
349 2534 454 2578 (Can.
483 2533 570 2577 Epp.
599 2533 649 2571 ΙΙ,
687 2532 771 2568 687)
800 2532 983 2577 exscripta
1018 2534 1093 2568 est.
1129 2531 1258 2565 similis
1284 2550 1330 2554 -
1357 2530 1392 2564 in
1428 2529 1609 2574 aliquibus
1644 2529 1750 2563 rebus
1786 2528 1901 2563 altera
1935 2528 1981 2563 ab

210 2587 325 2622 altera
364 2586 483 2621 differt
507 2606 547 2609 —
580 2588 702 2619 exstat
739 2586 774 2619 in
813 2585 999 2628 *„Officio
1038 2584 1288 2629 provincialis“
1333 2595 1363 2618 a.
1403 2583 1493 2618 1566
1528 2582 1641 2617 Roma
1679 2582 1714 2616 in
1750 2582 1979 2617 Germaniam

210 2640 340 2681 misso,
379 2640 495 2684 capite
522 2640 561 2680 6,
597 2650 744 2673 numero
771 2639 793 2672 4
831 2638 922 2681 (cod.
963 2638 1068 2680 „Can
1096 2637 1128 2671 X
1155 2637 1220 2671 Sa“
1261 2636 1285 2671 f.
1313 2637 1386 2680 96).
1438 2636 1569 2681 Aliqua
1604 2637 1712 2670 etiarn
1748 2647 1793 2669 ex
1828 2637 1982 2680 utraque

210 2693 291 2737 lege
329 2692 506 2727 translata
543 2695 627 2726 sunt
663 2693 700 2726 in
735 2692 844 2726 officii
879 2692 958 2726 sive
997 2692 1237 2734 „Reyularum
1274 2689 1554 2731 vaiuciahs‘,
1593 2700 1684 2733 quae
1722 2700 1817 2723 nunc
1854 2689 1890 2722 in
1928 2689 1980 2722 ln·

211 2747 338 2782 stituto
374 2746 566 2781 Societatis
601 2747 766 2786 exstant,
803 2746 912 2790 caput
945 2745 978 2779 2.
1029 2744 1070 2778 In
1104 2745 1121 2764 *
1141 2745 1300 2786 „Tabula
1335 2743 1444 2788 officij
1483 2742 1682 2788 Praepositi
1717 2741 1977 2777 Prouincialis“

211 2799 269 2835 his
295 2800 337 2834 de
363 2799 470 2833 rebus
497 2798 585 2833 haec
607 2800 747 2832 tantum
768 2798 936 2832 dicuntur
952 2817 999 2821 -
1018 2809 1109 2841 quae
1128 2797 1273 2841 quidem
1299 2797 1335 2830 in
1353 2797 1470 2842 capite
1492 2796 1544 2837 13,
1570 2807 1604 2830 11.
1626 2796 1641 2830 1
1670 2795 1788 2840 posita
1813 2796 1898 2829 sunt
1916 2808 1980 2829 —:

217 2853 277 2896 „In
303 2853 380 2887 loco
406 2852 466 2886 ubi
492 2851 718 2896 frequentius
744 2851 879 2885 residet
904 2850 1036 2885 habeat
1061 2850 1286 2885 consiliarios
1312 2861 1333 2884 a
1352 2849 1519 2885 Generali
1538 2848 1745 2892 designatos
1771 2847 1830 2882 uel
1855 2859 1982 2893 appro-

211 2906 335 2947 batos,
371 2918 417 2940 ex
442 2905 572 2949 quibus
598 2916 709 2939 unum
743 2916 865 2939 secum
891 2916 1033 2949 semper
1068 2904 1176 2938 ducat
1201 2903 1310 2937 etiam
1346 2903 1429 2937 dum
1455 2902 1582 2937 uisitat
1607 2901 1847 2947 prouinciam“
1880 2900 1982 2945 (Cod.

217 2959 305 3002 „XV
331 2959 380 2992 A⁴⁴
412 2959 435 2992 f.
464 2957 561 3002 73¹³).
612 2956 731 2999 Quare
758 2957 1009 3000 corrigendum
1036 2959 1111 3001 est,
1147 2956 1241 3000 quod
1271 2957 1357 2990 Can.
1386 2955 1473 3000 Epp.
1501 2955 1545 2996 ΙΙ,
1572 2955 1640 2990 687
1668 2953 1887 2989 coniectavi:
1914 2954 1980 2988 Ta-

212 3012 334 3046 bulam
360 3012 453 3046 hanc
479 3011 648 3046 Officium
674 3010 913 3045 Provincialis
939 3021 971 3044 a.
1000 3010 1090 3044 1560
1116 3009 1340 3053 recognitum
1376 3008 1557 3043 exhibere.
1607 3006 1684 3050 Qua
1709 3006 1865 3042 fortasse
1891 3006 1982 3041 anti-

214 3065 427 3109 quissimum
454 3064 631 3109 quoddam
658 3063 817 3098 officium
843 3063 1062 3108 proponitur,
1097 3062 1191 3107 quod
1218 3073 1248 3096 a.
1279 3062 1368 3096 1555
1396 3061 1435 3096 P.
1463 3061 1705 3106 Hieronymus
1730 3059 1871 3094 Natalis
1898 3059 1982 3097 visi,-

213 3120 310 3152 tator
336 3117 586 3152 Vindobonam
612 3128 732 3151 secum
761 3116 944 3158 attulerit;
971 3116 1054 3150 vide
1079 3127 1189 3161 supra
1214 3127 1248 3160 p.
1275 3115 1332 3149 49.

334 3170 347 3190 ⁵
377 3169 675 3212 „Prouincialium
710 3168 933 3203 consultores
969 3167 1122 3212 singulis
1148 3169 1200 3202 4⁰?
1225 3167 1408 3202 mensibus
1442 3166 1604 3202 scribant
1636 3165 1840 3210 praeposito
1875 3176 1982 3208 gene-
