2093 3444
224 192 307 232 744
657 188 813 222 Monuni.
845 187 1070 231 (tridentina)
1100 188 1178 222 367.
1209 187 1281 231 (15.
1309 188 1401 222 Iunii
1431 189 1546 232 1562.)

223 305 392 338 Tridento
431 304 459 337 1.
488 303 701 338 Novembris
731 304 820 337 1562
857 303 950 337 datis
989 303 1242 348 „approbatam
1278 303 1506 346 religionem“
1547 304 1623 339 sive
1658 305 1835 347 ordinem,
1872 308 1907 340 et
1942 307 1985 341 ab

222 358 298 401 ipso
325 358 471 390 eoneile'o
497 357 701 396 tridentino,
729 357 853 390 diebus
881 357 911 390 3.
940 359 976 390 et
1000 357 1033 391 4.
1054 356 1260 390 Decembris
1288 357 1378 391 1563
1405 357 1440 390 in
1467 357 1625 391 sessione
1644 358 1754 392 XXV.
1781 359 1894 392 multa
1924 359 1986 401 „de

221 409 446 453 regularibus
482 411 518 443 et
543 409 776 443 monialibus“
807 410 1049 444 constituente
1079 409 1306 452 „religionem
1344 409 1552 444 clericorum
1588 411 1771 445 societatis
1797 412 1898 446 Iesu“
1928 424 1986 446 no-

221 464 393 496 minatam
419 474 498 496 esse
519 462 686 506 (Poyiam'
705 462 887 507 Epistolae
905 463 927 497 1.
948 474 976 496 c.
1003 474 1037 507 p.
1056 462 1113 497 82.
1159 464 1260 496 Cone.
1285 464 1441 496 Trident.
1470 463 1503 497 S.
1523 463 1635 498 XXV.
1662 464 1705 498 de
1731 465 1844 508 regul.
1863 476 1892 499 c.
1914 465 1985 509 16).

222 515 339 557 Quare
373 518 563 560 propterea
601 518 741 550 tantuin
778 516 967 550 Societatis
1005 515 1167 550 homines
1202 515 1362 549 Tridenti
1402 516 1487 550 dicti
1526 528 1605 551 esse
1642 518 1810 551 videntur
1848 518 1988 560 „clerici

221 569 444 603 saeculares“
467 569 487 610 ¹,
526 569 619 613 quod
657 569 784 614 „hujus
817 569 1001 603 societatis
1035 569 1242 611 religiosum
1277 569 1517 611 institutun1“,
1556 573 1596 603 ut
1630 571 1770 604 concilii
1803 571 1988 605 tridentini

221 622 405 667 praesides
431 623 467 656 in
494 622 688 667 diplomate
715 623 817 656 inodo
844 624 1039 656 memorato
1064 622 1269 666 loquuntur,
1297 624 1394 656 esset
1425 623 1756 668 „praesbyter-orum
1776 626 1811 658 et
1829 636 1897 658 non
1915 637 1986 658 mo-

222 675 435 710 nachorum?
469 675 525 720 (ut
543 675 864 717 Benedictinorum,
889 675 1179 710 Cisterciensium
1204 674 1300 715 etc)
1336 676 1455 719 Atque
1481 676 1646 710 similiter
1664 678 1873 712 Benedictus
1889 679 1987 713 XIV.

223 731 347 773 postea
383 728 443 762 SS.
480 728 661 772 Ignatium
697 729 739 762 de
774 728 909 774 Loyola
944 732 980 763 et
1015 729 1246 763 Franciscum
1272 728 1468 762 Xaveriuin
1510 741 1573 771 „ex
1601 729 1703 764 Clero
1730 730 1913 765 Saeculari
1948 743 1987 765 eo

221 793 340 823 sensu,
368 793 437 826 quo
463 782 497 816 id
524 782 771 826 accipiendum
797 782 956 816 declarat
976 781 1175 816 Cardinalis
1202 782 1243 815 de
1263 782 1358 815 Luca
1376 782 1529 816 Miscell.
1549 783 1684 817 Eccles.
1712 783 1798 818 disc.
1818 784 1982 819 XXXX.“

222 846 301 869 esse
327 835 473 880 scripsit
501 834 568 879 (De
595 835 788 870 Servorum
814 835 878 869 Dei
905 835 1175 869 Beatificatione
1202 839 1268 869 etc.
1296 835 1318 868 l.
1341 836 1369 876 1,
1397 847 1426 869 c.
1451 836 1504 871 36.
1532 835 1603 879 §AL
1630 848 1663 870 n.
1683 836 1732 880 6).
1767 838 1819 871 Ac
1839 839 1989 871 Ioannes

222 890 384 932 Baptista
419 890 461 922 cle
486 890 587 922 Luca
623 889 658 922 in
688 888 892 932 „discursu“
923 888 994 923 XL.
1021 900 1042 922 a
1068 889 1261 922 Benedicto
1287 888 1383 923 XIV.
1409 891 1606 923 memorato
1639 889 1760 924 Socios
1796 890 1832 924 in
1868 891 1989 924 ordine

222 941 365 985 quidem
396 941 657 983 „hierarchico“
691 943 754 984 ,de
781 942 883 976 Clero
910 941 1105 976 saecular-N
1137 953 1217 976 esse
1243 942 1348 982 dicit;
1385 943 1448 976 sed
1474 942 1581 976 simul
1613 954 1673 976 eos
1703 943 1921 987 „Regulares
1948 955 1989 978 ac

222 1006 327 1028 veros
353 995 618 1029 mendicantes“
650 1007 729 1029 esse
756 998 961 1036 asseverat3
998 998 1106 1039 atque
1137 995 1225 1037 ,.id“‚
1252 995 1377 1039 inquit,
1413 995 1593 1040 „procedit
1618 996 1662 1030 ad
1690 996 1855 1030 effectum
1882 997 1989 1041 privi-

222 1047 417 1091 legiorum,
452 1060 521 1082 non
557 1051 677 1082 autem
712 1051 753 1082 ut
783 1050 942 1082 mutetur
968 1049 1072 1082 ordo“
1102 1048 1242 1082 servari
1276 1048 1403 1082 solitus
1435 1049 1489 1090 „in
1524 1049 1809 1094 processionibus
1839 1049 1991 1094 aliisque

222 1101 507 1141 functionibus“;
543 1113 625 1135 nani
659 1102 767 1136 etiam
798 1102 986 1144 „Canonici
1014 1101 1213 1145 Regulares
1239 1101 1535 1143 Lateranenses“,
1574 1102 1660 1137 licet
1690 1103 1768 1136 veri
1804 1103 1990 1146 regulares

222 1155 314 1196 sint,
351 1154 445 1189 inter
470 1155 605 1189 clerum
632 1154 853 1189 saecularem
879 1156 1130 1196 recensentur,
1167 1167 1248 1189 cum
1279 1155 1334 1196 „in
1369 1155 1553 1189 functione
1579 1155 1747 1190 solemni“
1779 1168 1820 1190 eo
1855 1156 1990 1198 habitu,

227 1207 308 1251 „qui
335 1207 503 1250 Clericis,
539 1221 608 1242 non
635 1211 755 1242 autem
780 1208 983 1249 monachis,
1019 1208 1078 1242 vel
1105 1208 1185 1242 aliis
1212 1208 1404 1251 Religiosis
1435 1209 1620 1252 congruit“
1650 1209 1726 1243 sive
1757 1221 1858 1251 „cum
1884 1212 1990 1251 cotta,

222 1272 286 1294 seu
322 1261 503 1301 rochetto,
542 1264 578 1296 et
612 1262 744 1295 biret0“
784 1262 951 1296 incedant
981 1264 1048 1295 etc.
1088 1261 1299 1301 (Theatrum
1335 1261 1509 1296 Veritatis
1546 1264 1581 1296 et
1617 1262 1799 1297 Justitiae.
1849 1262 1937 1296 Tom
1963 1263 1989 1296 I.

223 1314 342 1348 Tract.
369 1315 401 1349 3.
451 1314 491 1348 P.
517 1316 550 1350 4.
578 1315 609 1349 d.
636 1315 682 1349 40
709 1314 890 1358 [Coloniae
916 1315 1138 1360 Agrippinae
1168 1314 1271 1359 1689]
1299 1327 1332 1360 p.
1362 1315 1456 1358 114).

342 1399 432 1440 Iam
468 1401 605 1453 spemn
638 1400 883 1441 Massarelli
915 1413 1120 1441 summam
1147 1412 1282 1454 pono:
1316 1398 1471 1440 Petrus
1504 1398 1723 1450 Canisius,
1757 1413 1990 1453 germanus

224 1462 325 1505 cler.
359 1463 548 1506 saecul.2
580 1477 666 1506 soc.
695 1464 814 1514 Jesu,
849 1464 1017 1518 accepit
1039 1464 1091 1507 V.
1126 1466 1208 1506 art.
1243 1463 1570 1514 discutiendum,
1606 1478 1659 1505 an
1693 1464 1859 1507 scilicet
1890 1478 1990 1519 par-

223 1528 358 1578 vulis,
400 1528 443 1570 id
476 1531 564 1579 est,
606 1529 866 1579 infantibus,
907 1528 1198 1571 necessarium
1231 1528 1288 1570 sit
1320 1528 1400 1570 hoc
1432 1532 1752 1572 sacramentum
1768 1531 1797 1573 3.
1860 1530 1989 1584 Resp.

223 1593 441 1645 negative.
514 1593 627 1636 Nam
670 1595 796 1637 Joan.
837 1595 912 1637 VI.
970 1594 1075 1636 nisi
1125 1593 1638 1636 manducaveritis4
1682 1597 1764 1637 etc.
1819 1595 1993 1637 videtur

224 1658 487 1700 contrarium
520 1661 727 1710 statuere,
762 1659 903 1713 quoda
934 1658 1139 1712 intelligit
1162 1658 1274 1712 Aug.
1298 1659 1370 1701 lib.
1395 1659 1428 1702 1.
1462 1673 1553 1713 cap.
1578 1659 1631 1702 II.
1660 1659 1703 1701 in
1726 1660 1946 1702 ,Iulianum
1960 1661 1989 1711 5,

225 1725 269 1765 et
299 1723 371 1766 lib.
404 1723 436 1766 Ι.
471 1738 564 1778 cap.
598 1725 690 1767 XX.
727 1725 778 1766 de
819 1727 984 1779 peccat.
1023 1724 1245 1774 remiss.‘³,
1287 1724 1400 1765 idem
1441 1724 1661 1767 affirmatb
1702 1724 1893 1768 scilicet⁰
1936 1725 1991 1767 ad

224 1789 428 1842 parvulos
461 1789 679 1843 pertinere
707 1790 839 1832 etiam
862 1793 907 1832 et
929 1790 1048 1833 Hier.
1073 1790 1187 1844 apud
1210 1790 1237 1832 J
1240 1790 1295 1832 ul.
1311 1790 1327 1816 7
1350 1792 1394 1831 et
1416 1790 1519 1844 Cyp.
1543 1789 1615 1833 lib.
1638 1790 1713 1833 ΙΙΙ.
1738 1804 1831 1845 cap.
1855 1790 1990 1833 XXV.

343 1930 357 1944 ²²
384 1925 537 1967 Schple:
563 1925 671 1958 etiam
699 1924 741 1958 de
767 1924 941 1969 parvulis.
993 1925 1100 1958 Mass.
1128 1935 1196 1957 von
1225 1928 1296 1956 tam
1331 1925 1446 1967 ipsam
1481 1924 1696 1967 orationem,
1733 1935 1839 1967 qnam
1874 1924 1990 1957 brevia

224 1977 398 2020 quaedam
425 1980 499 2010 eius
525 1979 653 2021 capita,
680 1980 868 2011 memoriae
894 1979 1072 2011 iuvandae
1095 1979 1228 2020 arati«,
1249 1979 1364 2020 ponit.

343 2031 358 2050 b
387 2031 483 2073 Quae
507 2036 715 2076 seqmcntur,
742 2043 850 2075 «usqne
876 2033 923 2064 ad
943 2033 1152 2075 proximum
1179 2033 1213 2065 et
1240 2031 1337 2074 exc-l„
1365 2042 1387 2063 α
1418 2031 1568 2064 leee'ner
1595 2032 1721 2064 omissa
1747 2035 1839 2064 sunt.

346 2089 357 2103 ⁰
384 2085 526 2128 Schple,
555 2089 591 2118 ut
616 2086 692 2128 ipsa
718 2096 775 2118 res
800 2086 906 2129 (locet,
932 2087 1004 2119 rel:
1029 2084 1123 2118 hunc
1149 2084 1277 2128 locum,
1304 2084 1374 2117 rel:
1399 2083 1461 2117 illa
1487 2083 1609 2128 verba,
1636 2085 1686 2117 rel
1709 2084 1849 2128 aliquid
1865 2085 1990 2117 simile.

346 2206 356 2226 ¹
382 2207 589 2240 Alexander
606 2208 684 2240 VH.
712 2206 748 2240 in
774 2206 906 2240 litteris
933 2205 1140 2250 apostolicis
1167 2205 1222 2239 30.
1242 2205 1400 2248 Augusti
1422 2205 1509 2239 1661
1538 2205 1633 2239 datis
1652 2205 1820 2239 Ioannem
1837 2205 1990 2240 Paulum

225 2258 388 2299 Olivam,
424 2259 485 2303 qui
511 2259 616 2304 paulo
644 2262 727 2294 ante
754 2259 945 2294 Societatis
972 2259 1130 2293 vicarius
1156 2258 1335 2302 generalis
1367 2270 1466 2301 „cum
1492 2258 1568 2292 iure
1594 2258 1827 2292 succedendi“
1857 2258 1993 2293 electus

225 2314 313 2352 erat,
343 2312 619 2357 „Presbyterum
648 2313 863 2356 Regularem
891 2313 1005 2357 ipsius
1032 2312 1241 2347 Societatis“
1272 2312 1418 2346 vocavit
1448 2312 1669 2355 (Inste'tutzcm
1695 2311 1885 2346 Societatis
1911 2312 1991 2346 Iesu

226 2364 251 2406 l,
272 2365 368 2409 183).
403 2365 570 2400 Ceterum
598 2366 642 2400 cf.
663 2366 828 2409 Gregorii
846 2366 942 2400 XIII.
970 2365 1104 2400 bullam
1127 2365 1374 2408 „Ascendente
1392 2364 1563 2399 D01nino“
1593 2365 1629 2398 in
1646 2366 1814 2399 Barim-io
1833 2365 1992 2400 Romano

226 2418 313 2452 VIII
341 2419 506 2463 (Neapoli
536 2420 655 2463 1833),
681 2420 880 2454 457—465.
979 2420 992 2440 ²
1020 2419 1110 2453 Vide
1137 2430 1246 2464 supra
1271 2431 1304 2463 p.
1333 2419 1411 2453 743.
1512 2419 1525 2439 ³
1550 2418 1642 2452 Vide
1668 2430 1778 2463 supra
1803 2430 1837 2463 p.
1863 2419 1943 2453 464.

345 2473 358 2492 ‘¹
389 2472 509 2514 „Dixit
535 2484 620 2516 ergo
647 2473 698 2507 eis
726 2473 853 2508 Jcsus:
880 2474 1015 2514 Amen,
1042 2484 1146 2507 amen
1172 2472 1250 2506 dico
1276 2471 1398 2506 vobis:
1425 2471 1495 2505 nisi
1520 2471 1824 2506 manducaveritis
1850 2483 1993 2506 carnem

226 2524 307 2559 Filii
332 2525 496 2568 hominis,
523 2528 559 2560 et
584 2526 746 2561 biberitis
773 2526 849 2572 ejus
875 2526 1098 2570 sanguinem,
1124 2537 1195 2560 non
1221 2525 1399 2559 habebitis
1426 2525 1539 2559 vitam
1564 2525 1600 2558 in
1626 2525 1773 2559 vobis“:
1800 2525 1848 2559 Io.
1877 2526 1907 2566 6,
1936 2525 1992 2559 54.

346 2579 360 2599 ⁵
385 2581 609 2623 Anynstinus
635 2579 726 2613 libro
752 2579 896 2623 quidem
924 2581 954 2614 1.
982 2591 1059 2624 cap.
1086 2579 1119 2613 ⁴2.
1146 2580 1271 2613 contra
1295 2578 1473 2612 Iulianum
1499 2577 1588 2611 nihil
1625 2589 1666 2611 ea
1701 2578 1743 2611 de
1777 2590 1814 2612 re
1850 2578 1994 2620 scribit3

227 2633 265 2665 at
291 2631 325 2665 in
351 2633 511 2667 eiusdem
538 2633 619 2666 libri
646 2645 676 2667 c.
702 2634 735 2674 4,
761 2645 794 2667 n.
818 2633 860 2667 13
887 2633 929 2667 de
957 2632 990 2666 S.
1011 2632 1217 2666 Innocentio
1243 2632 1270 2666 Ι.
1296 2642 1390 2676 papa
1417 2631 1565 2665 asserit:
1597 2630 1793 2673 ⁷,Parvulos
1819 2631 1992 2673 definivit,

227 2685 296 2719 nisi
321 2685 620 2720 manducaverint
647 2698 789 2720 carnem
816 2686 898 2720 Filii
923 2686 1096 2727 hominis,
1124 2685 1238 2720 vitam
1264 2696 1410 2730 prorsus
1437 2684 1568 2718 habere
1594 2696 1663 2718 non
1690 2685 1814 2729 posse“
1846 2684 1992 2729 (Miffize,

228 2737 298 2772 PP.
326 2738 393 2773 LL.
427 2739 551 2780 XLIV,
582 2738 679 2783 648).
733 2739 899 2773 Ceterum
925 2739 1121 2773 notandum
1148 2741 1222 2780 est,
1257 2737 1371 2772 multa
1406 2740 1570 2771 veterum
1604 2738 1740 2782 scripta
1775 2737 1859 2771 olim
1889 2738 1993 2772 aliter

232 2801 273 2825 ac
299 2803 393 2825 nunc
420 2803 483 2837 per
510 2792 627 2837 capita
653 2795 720 2827 etc.
749 2792 941 2827 distributa
967 2792 1091 2826 fuisse.

349 2845 362 2864 θ
388 2847 613 2889 Auyustinus
639 2845 661 2880 l.
691 2847 707 2880 1
747 2846 789 2880 de
826 2848 1056 2891 peccatorum
1090 2844 1229 2878 meritis
1264 2846 1300 2878 et
1334 2843 1542 2878 remissione
1578 2855 1607 2877 c.
1634 2843 1698 2885 20,
1734 2855 1768 2878 n.
1795 2844 1851 2878 26.
1878 2843 1922 2877 27
1950 2843 1992 2877 de

229 2896 349 2931 verbis
376 2897 448 2932 illis
479 2898 577 2941 „Nisi
602 2899 927 2933 manducaveritis“
958 2901 1044 2933 etc.:
1075 2899 1152 2941 „An
1178 2910 1263 2932 vero
1283 2897 1471 2941 quisquam
1491 2897 1599 2930 etiam
1617 2896 1683 2930 hoc
1701 2896 1818 2930 dicere
1837 2896 1992 2938 audebit,

229 2950 323 2992 quod
349 2951 393 2984 ad
419 2951 591 2996 parvulos
616 2952 706 2986 haec
732 2952 912 2986 sententia
938 2964 1008 2986 non
1034 2951 1230 2997 pertineat,
1271 2950 1481 2996 possintque
1516 2950 1593 2984 sine
1619 2949 1894 2994 participatione
1920 2961 1993 2983 cor-

230 3002 326 3046 poris
352 3003 458 3048 hujus
485 3006 521 3038 et
546 3005 733 3048 sanguinis
759 3005 794 3038 in
821 3017 858 3039 se
892 3005 1025 3039 habere
1061 3004 1173 3039 vitam
1194 3031 1200 3038 .
1221 3031 1228 3038 .
1249 3005 1287 3038 .‘?
1338 3003 1375 3038 Si
1409 3015 1479 3037 non
1514 3003 1812 3037 manducaverint
1849 3013 1992 3037 carnem

230 3054 294 3088 filii
320 3055 483 3096 hominis,
510 3069 576 3092 nec
602 3058 670 3102 ipsi
696 3057 879 3092 habebunt
905 3058 1038 3092 vitam“
1070 3057 1207 3102 (Miyne
1232 3057 1255 3091 l.
1283 3068 1312 3091 c.
1342 3056 1558 3099 123—124).

350 3109 361 3129 ⁷
387 3109 544 3144 Exstant
586 3111 729 3154 quidem
764 3111 972 3156 Hieronymi
1008 3111 1098 3144 duae
1134 3110 1310 3155 epistulae
1349 3109 1414 3152 „ad
1450 3109 1645 3143 Iulianum“
1685 3109 1790 3143 datae
1829 3107 1933 3153 (Epp.
1971 3107 1991 3141 6

232 3162 268 3193 et
288 3161 364 3203 118,
391 3162 479 3196 alias
506 3163 550 3197 73
576 3166 612 3197 et
630 3164 711 3207 34);
738 3175 852 3207 neque
878 3166 999 3198 tamen
1025 3164 1060 3197 in
1086 3163 1130 3198 iis
1149 3163 1215 3198 hoc
1233 3165 1484 3206 argumentum
1503 3164 1691 3196 tractatur.
1726 3161 1850 3205 Neque
1868 3161 1992 3195 Hiero-
