2093 3444
181 212 197 228 ⁶
285 212 364 246 719.
402 211 566 246 Canisius
593 211 772 247 Stanislao
799 213 921 247 Hosio.
961 213 1052 256 Aug.
1080 212 1185 247 Vind.
1214 213 1268 247 24.
1296 213 1462 248 Octobris
1492 214 1593 249 1562.
1735 217 1818 257 515

873 332 992 373 719.

790 424 1086 472 CANISIUS

367 520 780 565 STANISLAO
815 522 1224 565 CARDINALI
1256 522 1506 575 HOSIO,

339 601 399 635 uni
426 613 471 635 ex
497 602 721 646 praesidibus
748 603 889 637 concilii
914 604 1112 645 tridentini,
1139 604 1305 650 episcopo
1332 605 1538 639 varmiensi.

501 685 669 732 Augusta
696 685 968 723 Vindelicoruin
995 688 1052 723 24.
1080 688 1249 724 Octobris
1275 688 1370 725 1562.

174 767 230 801 Ex
255 767 462 813 archetypo,
490 769 583 812 quod
604 768 769 804 Canisius
795 781 860 804 sua
884 781 990 804 manu
1008 771 1223 816 subscripsit
1251 772 1329 815 (2⁰3
1360 771 1425 814 1²l2
1444 783 1522 816 pp.;
1549 771 1584 805 in
1611 783 1643 816 p.
1662 772 1695 805 4.
1715 771 1822 805 inser.

57 823 93 854 et
119 820 216 864 sign).
268 820 352 856 Cod.
380 821 477 865 goth.
509 822 567 864 „E.
596 822 639 856 H.
666 823 707 856 2⁴‘
737 823 762 856 f.
789 823 844 858 68.
872 823 927 857 69.

174 874 375 919 Epistulam
404 887 448 909 ex
476 875 671 920 archetypo
698 876 834 921 primus
861 876 1050 920 evulgavit
1071 878 1275 921 Cyprianus
1300 878 1322 912 1.
1343 890 1371 912 c.
1392 890 1423 923 p.
1443 878 1641 912 254-255.
1678 879 1822 912 Partem

59 927 120 970 (ex
148 926 342 973 Cypriano)
372 929 493 973 posuit
521 930 827 972 Lassomcwszssnins,
854 930 1005 972 Pogiani
1031 931 1213 975 Epistolae
1233 931 1293 971 ΙΙΙ,
1323 932 1418 966 1530.

176 1006 234 1038 Ad
252 1006 357 1039 Hosti
382 1007 565 1049 epistulam
586 1007 728 1039 Alberto
747 1007 940 1040 Bora-asiae
963 1008 1046 1040 daei
1062 1010 1202 1041 missam
1230 1009 1362 1052 aliquis
1380 1010 1594 1042 mordaciter
1619 1010 1823 1051 reserepsit;

56 1060 115 1092 eici
139 1060 424 1102 respondendum
442 1070 511 1092 esse
533 1059 698 1092 Cancsins
716 1071 787 1093 non
806 1065 926 1093 censet.
966 1062 1175 1094 Radzmlm
1199 1064 1367 1105 seriptum
1388 1063 1554 1095 adversus
1573 1063 1823 1105 Lipomanum.

59 1113 226 1146 Canisius
243 1113 350 1146 Hosii
374 1113 537 1156 operibus
563 1117 593 1146 et
610 1113 710 1146 illam.
736 1118 765 1146 et
788 1115 881 1146 alias
907 1115 980 1147 eins
998 1116 1164 1157 epistulas
1191 1120 1219 1148 et
1246 1116 1318 1148 alia
1339 1116 1490 1149 eiusdem
1514 1118 1647 1159 scripta
1674 1116 1825 1159 adiunfyi

56 1167 163 1208 cupit.
213 1166 284 1199 Pro
304 1167 461 1209 pecnnia
484 1168 624 1209 qratias
650 1167 732 1209 ayit.
776 1167 892 1200 Novos
916 1168 1025 1201 lz'bros
1051 1169 1166 1201 mittit.
1213 1169 1334 1210 Timet,
1363 1180 1403 1202 ne
1429 1170 1573 1212 quidam
1602 1171 1720 1202 calicis
1746 1180 1823 1203 eon-

56 1220 242 1252 cessionem
259 1220 391 1252 Romae
409 1231 603 1263 perperam
624 1224 781 1263 urqeant.
821 1221 1021 1253 Romanam
1041 1222 1323 1263 reformationem
1349 1226 1452 1266 atque
1470 1224 1615 1266 Indicis,
1643 1224 1824 1266 breviarii,

57 1273 257 1306 catechismi
279 1274 461 1306 editionem
482 1274 708 1307 commendat.
745 1275 918 1307 Rumores
944 1275 985 1307 de
1003 1276 1160 1308 coneilio.
1197 1276 1235 1309 P.
1256 1276 1408 1318 Natalis,
1440 1277 1655 1310 Germaniae
1673 1281 1824 1320 amator,

58 1326 239 1369 Auyustae
261 1327 343 1368 fuit.

261 1409 379 1451 Pax²
411 1408 569 1452 Christi
600 1409 823 1452 nobiscum
856 1410 1160 1453 Jllustrissime
1193 1412 1375 1454 Domine
1408 1412 1611 1454 Patrone.

180 1492 409 1535 Octiduum
452 1495 540 1543 est,
584 1493 698 1546 quod
740 1493 866 1535 simul
909 1496 952 1535 et
994 1494 1127 1536 semel
1161 1494 1309 1549 accepi
1350 1495 1500 1537 literas
1533 1495 1585 1537 D.
1620 1494 1823 1537 Cromero

59 1557 446 1608 transmittendas,
491 1572 598 1611 quas
639 1572 752 1600 nunc
797 1558 972 1613 opinor,
1015 1559 1387 1602 Franckfordiael
1432 1560 1662 1614 acceperit.
1727 1560 1826 1602 Vidi

61 1623 269 1677 scriptam
302 1623 557 1666 Germanice
590 1623 856 1678 apologiam,
891 1637 975 1677 qua
1007 1625 1249 1679 uersipellis
1283 1625 1437 1678 aliquis
1468 1626 1569 1668 ficte
1601 1625 1826 1668 blandiens

61 1690 105 1730 et
147 1688 355 1732 atrociter
395 1689 598 1731 mordens
639 1689 863 1743 respondit
904 1689 1115 1744 epistolae
1156 1690 1431 1733 Celsitudinis
1472 1693 1575 1733 tuae
1616 1691 1671 1733 ad
1703 1691 1826 1733 Prin-

63 1753 201 1807 cipem
233 1754 529 1797 Lutheranum
571 1754 742 1797 datae2.
806 1754 912 1796 Mihi
950 1769 1036 1797 non
1077 1755 1249 1797 uidetur
1283 1770 1389 1810 opus
1430 1756 1710 1810 responsione
1751 1759 1828 1799 aut

60 1818 231 1870 Latina,
266 1820 437 1872 qualem
460 1820 724 1874 Jngolstadij
758 1820 996 1862 meditatur
1022 1820 1148 1862 homo
1180 1820 1221 1862 in
1247 1821 1469 1863 Catholica
1500 1822 1585 1863 fide
1617 1821 1828 1864 uacillans

62 1886 106 1926 et
139 1887 366 1938 suspectus
378 1885 407 1935 3,
442 1888 518 1928 aut
551 1884 683 1927 etiam
709 1884 979 1935 Germanica,
1013 1899 1068 1926 ne
1101 1885 1211 1927 citra
1244 1885 1434 1928 fructum
1465 1889 1510 1929 et
1541 1885 1656 1928 infra
1688 1886 1827 1940 digni-

62 1951 200 1991 tatem
233 1964 355 1992 suam
387 1950 651 2004 respondeat
683 1949 935 2004 Amplitudo
968 1953 1045 1992 tua
1077 1950 1374 2004 peruicacibus
1406 1950 1521 2001 istis,
1556 1965 1664 2004 quos
1696 1951 1828 1994 etiam

63 2028 160 2056 cum
203 2014 341 2058 tantis
385 2015 490 2057 uiris
534 2015 640 2057 libet
687 2018 731 2058 et
774 2015 896 2057 iuuat
941 2016 1223 2066 contendere,
1273 2016 1430 2069 quique
1474 2016 1588 2058 uinci
1630 2021 1825 2072 possunt,

62 2079 227 2133 placari
260 2094 346 2122 non
377 2082 561 2134 possunt
598 2080 697 2122 ullis
731 2080 1109 2134 disputationibus.
1173 2081 1233 2124 At
1265 2095 1392 2135 spero
1431 2081 1639 2136 scriptum
1671 2082 1752 2124 hoc
1783 2083 1827 2124 in

61 2144 279 2198 publicum
311 2160 397 2188 non
431 2145 603 2200 exijsse,
638 2159 716 2188 nec
740 2146 958 2188 exiturum
991 2160 1119 2187 esse:
1145 2146 1257 2199 quod
1290 2146 1382 2188 eius
1414 2147 1506 2189 fere
1528 2139 1828 2200 generis'esse

63 2209 248 2261 uidetur,
282 2225 364 2264 quo
389 2211 596 2265 Princeps
614 2211 834 2253 Vilnensis
867 2210 1057 2252 eiusdem
1081 2211 1248 2253 farinae
1270 2211 1396 2254 homo
1419 2212 1643 2266 respondit
1666 2213 1827 2267 optimo

62 2275 277 2330 Episcopo
301 2276 542 2318 Veronensi
565 2276 680 2319 foeli.
714 2276 947 2318 memoriae
978 2290 1073 2318 cum
1105 2276 1141 2318 is
1173 2276 1216 2317 in
1238 2276 1417 2319 Polonia
1439 2278 1653 2331 Legatum
1678 2279 1827 2321 Ponti-

180 2427 193 2441 a
219 2422 296 2455 Hoc
321 2433 350 2456 v.
378 2426 408 2455 et
435 2425 455 2455 5
480 2433 552 2465 sqq.
579 2433 601 2455 a
631 2422 738 2465 ΟΜΝ.
766 2422 987 2455 omittuntur.

184 2555 194 2575 1
219 2554 447 2588 Francofurti
472 2554 517 2588 ad
543 2555 732 2595 Moenum,
768 2565 836 2598 quo
863 2553 1126 2588 Ferdinandum
1153 2554 1179 2588 I.
1217 2566 1400 2589 caesarem
1435 2555 1628 2591 comitatus
1663 2568 1742 2591 esse
1778 2558 1829 2591 vi-

61 2607 184 2648 detur;
213 2608 257 2642 cf.
284 2619 394 2652 supra
420 2620 452 2653 p.
481 2607 591 2647 2582;
618 2619 743 2642 caesar
768 2607 823 2641 22.
853 2607 1018 2641 Octobris
1045 2619 1085 2641 eo
1112 2607 1259 2642 advenit
1288 2609 1432 2653 (Siclcel,
1458 2609 1585 2644 Trient
1609 2622 1643 2655 p.
1671 2609 1769 2654 398).

182 2660 195 2681 ²
222 2660 388 2695 Canisius
414 2661 605 2706 epistulam
633 2661 816 2704 significat
841 2660 1011 2694 Trideuto
1043 2661 1109 2695 sub
1138 2661 1192 2695 12.
1218 2660 1427 2696 Decembris
1455 2662 1542 2696 1561
1572 2663 1615 2696 ad
1642 2663 1829 2697 Albertum

65 2714 463 2758 Brandenburgenseim
490 2714 681 2748 Borussiae
708 2714 845 2755 ducem,
872 2714 1012 2754 datam,
1049 2725 1118 2758 qua
1143 2714 1277 2748 Hosius
1303 2726 1394 2756 eum,
1429 2717 1469 2749 ut
1495 2716 1540 2750 ad
1567 2716 1757 2750 concilium
1782 2717 1829 2750 le-

62 2769 167 2810 gatos
193 2767 373 2807 mitteret,
403 2767 615 2802 hortabatur
643 2767 811 2811 (Poyiam'
836 2766 1020 2812 Epistolae
1046 2767 1115 2808 ΙΙΙ,
1146 2767 1241 2811 152).
1294 2766 1392 2809 Quae
1419 2768 1574 2813 epistula
1601 2781 1621 2803 a
1648 2770 1829 2804 Stanislao

61 2821 185 2854 Rescio
212 2820 309 2855 edita
335 2822 391 2855 est
423 2821 458 2854 in
485 2820 586 2855 Hosii
613 2820 791 2865 Operibus
817 2821 850 2854 H
880 2820 1063 2864 (Coloniae
1092 2820 1219 2865 1584),
1258 2821 1455 2856 183—187.
1514 2823 1565 2856 Le
1595 2824 1675 2857 Plat
1709 2825 1829 2858 autem

65 2873 103 2917 (l.
131 2886 160 2908 c.
187 2873 231 2915 V,
259 2874 461 2917 398—424)
492 2886 537 2908 ex
564 2874 684 2908 codice
711 2873 864 2918 quodam
890 2874 1034 2908 Ioannis
1060 2874 1246 2918 Baptistae
1273 2874 1403 2908 Ficleri
1433 2875 1491 2917 (de
1517 2887 1586 2919 quo
1613 2876 1694 2910 vide
1721 2888 1830 2922 supra

63 2939 96 2972 p.
123 2927 208 2971 468)
239 2927 523 2972 copiosissimam
549 2927 728 2971 quandam
765 2926 952 2970 evulgavit
987 2927 1032 2961 ad
1058 2927 1161 2961 Hosii
1186 2927 1327 2962 litteras
1362 2928 1631 2972 responsionem
1668 2929 1829 2971 latinam,

68 2979 327 3024 „Regiomontii
364 2981 419 3015 26.
447 2980 528 3014 Iulii
566 2980 674 3014 1562“
713 2980 853 3021 datam,
894 2991 1044 3025 eamque
1079 2981 1198 3026 specie
1233 2981 1377 3025 quidem
1411 2981 1597 3023 blandam,
1633 2995 1671 3017 re
1709 2986 1830 3018 autem

63 3034 230 3068 acerbam
257 3036 293 3068 et
318 3034 508 3075 iniustam;
544 3045 635 3078 quae
663 3034 782 3068 nescio
809 3045 854 3067 an
881 3035 1034 3078 primum
1061 3034 1266 3076 germanice
1292 3034 1428 3080 scripta
1454 3035 1520 3076 sit;
1560 3039 1656 3071 certe
1683 3037 1726 3071 ab
1752 3037 1830 3083 ipso

65 3087 212 3122 Alberto
239 3088 340 3128 duce,
367 3088 469 3121 cuius
496 3099 624 3121 nomen
649 3099 734 3132 prae
760 3098 798 3121 se
825 3087 907 3128 fert,
934 3087 1131 3132 composita
1157 3099 1225 3122 non
1253 3090 1319 3122 est.

185 3141 197 3161 ³
223 3140 432 3186 Rudolphus
460 3140 645 3175 Cleucke‘?
696 3140 787 3174 Vide
821 3140 932 3182 iufra,
968 3140 1115 3175 Polanci
1153 3140 1345 3186 epistulam
1372 3141 1404 3176 8.
1431 3140 1640 3177 Decembris
1669 3144 1759 3179 1562
1786 3146 1830 3179 ad

65 3193 248 3228 canisium
275 3194 406 3228 datam.

1483 3254 1555 3288 33*
