<?xml version="1.0" encoding="UTF-8"?>
<!DOCTYPE html PUBLIC "-//W3C//DTD XHTML 1.0 Transitional//EN"
    "http://www.w3.org/TR/xhtml1/DTD/xhtml1-transitional.dtd">
<html xmlns="http://www.w3.org/1999/xhtml" xml:lang="en" lang="en">
 <head>
  <title>
</title>
<meta http-equiv="Content-Type" content="text/html;charset=utf-8" />
  <meta name='ocr-system' content='tesseract 3.04.00' />
  <meta name='ocr-capabilities' content='ocr_page ocr_carea ocr_par ocr_line ocrx_word'/>
</head>
<body>
  <div class='ocr_page' id='page_1' title='image "beatipetricanisi03cani_0376.png"; bbox 0 0 2093 3444; ppageno 0'>
   <div class='ocr_carea' id='block_1_1' title="bbox 211 167 1823 212">
    <p class='ocr_par' dir='ltr' id='par_1_1' title="bbox 211 167 1823 212">
     <span class='ocr_line' id='line_1_1' title="bbox 211 167 1823 212; baseline 0.003 -11"><span class='ocrx_word' id='word_1_1' title='bbox 211 170 296 211; x_wconf 81' lang='grc'>300</span> <span class='ocrx_word' id='word_1_2' title='bbox 363 167 442 202; x_wconf 83' lang='grc'><strong>629.</strong></span> <span class='ocrx_word' id='word_1_3' title='bbox 481 167 647 202; x_wconf 81' lang='lat' dir='ltr'>Canisius</span> <span class='ocrx_word' id='word_1_4' title='bbox 673 167 859 212; x_wconf 89' lang='lat' dir='ltr'>Alphonso</span> <span class='ocrx_word' id='word_1_5' title='bbox 886 167 1097 202; x_wconf 75' lang='lat' dir='ltr'>Salineroni.</span> <span class='ocrx_word' id='word_1_6' title='bbox 1141 167 1234 212; x_wconf 82' lang='lat' dir='ltr'>Aug.</span> <span class='ocrx_word' id='word_1_7' title='bbox 1261 167 1368 203; x_wconf 91' lang='lat' dir='ltr'>Vind.</span> <span class='ocrx_word' id='word_1_8' title='bbox 1398 169 1451 203; x_wconf 79' lang='lat'>15.</span> <span class='ocrx_word' id='word_1_9' title='bbox 1478 167 1693 205; x_wconf 87' lang='lat' dir='ltr'>Novembris</span> <span class='ocrx_word' id='word_1_10' title='bbox 1722 171 1823 206; x_wconf 77' lang='lat'>1561.</span> 
     </span>
    </p>
   </div>
   <div class='ocr_carea' id='block_1_2' title="bbox 207 282 1983 382">
    <p class='ocr_par' dir='ltr' id='par_1_2' title="bbox 207 282 1983 382">
     <span class='ocr_line' id='line_1_2' title="bbox 328 282 1983 329; baseline 0.003 -11"><span class='ocrx_word' id='word_1_11' title='bbox 328 283 459 318; x_wconf 82' lang='lat' dir='ltr'>Exstat</span> <span class='ocrx_word' id='word_1_12' title='bbox 485 284 593 318; x_wconf 78' lang='lat' dir='ltr'>etiam</span> <span class='ocrx_word' id='word_1_13' title='bbox 620 284 775 318; x_wconf 87' lang='lat' dir='ltr'>alterum</span> <span class='ocrx_word' id='word_1_14' title='bbox 810 284 1056 329; x_wconf 81' lang='lat' dir='ltr'>apographum</span> <span class='ocrx_word' id='word_1_15' title='bbox 1087 282 1168 327; x_wconf 87' lang='lat' dir='ltr'>(B),</span> <span class='ocrx_word' id='word_1_16' title='bbox 1205 284 1299 328; x_wconf 86' lang='lat' dir='ltr'>quod</span> <span class='ocrx_word' id='word_1_17' title='bbox 1325 285 1391 319; x_wconf 90' lang='lat' dir='ltr'>sub</span> <span class='ocrx_word' id='word_1_18' title='bbox 1428 296 1457 319; x_wconf 86' lang='lat' dir='ltr'>a.</span> <span class='ocrx_word' id='word_1_19' title='bbox 1488 285 1578 321; x_wconf 75' lang='lat'>1860</span> <span class='ocrx_word' id='word_1_20' title='bbox 1614 289 1761 321; x_wconf 81' lang='lat' dir='ltr'>curante</span> <span class='ocrx_word' id='word_1_21' title='bbox 1787 288 1901 322; x_wconf 80' lang='lat' dir='ltr'>Boero</span> <span class='ocrx_word' id='word_1_22' title='bbox 1937 300 1983 323; x_wconf 83' lang='lat' dir='ltr'>ex</span> 
     </span>
     <span class='ocr_line' id='line_1_3' title="bbox 207 336 1453 382; baseline 0.002 -12"><span class='ocrx_word' id='word_1_23' title='bbox 207 336 404 382; x_wconf 77' lang='lat' dir='ltr'>archetypo</span> <span class='ocrx_word' id='word_1_24' title='bbox 431 337 691 382; x_wconf 89' lang='lat' dir='ltr'>transcriptum</span> <span class='ocrx_word' id='word_1_25' title='bbox 717 339 753 372; x_wconf 90' lang='lat' dir='ltr'>et</span> <span class='ocrx_word' id='word_1_26' title='bbox 779 340 904 382; x_wconf 85' lang='lat' dir='ltr'>postea</span> <span class='ocrx_word' id='word_1_27' title='bbox 931 349 1011 371; x_wconf 90' lang='lat' dir='ltr'>cum</span> <span class='ocrx_word' id='word_1_28' title='bbox 1039 337 1162 371; x_wconf 88' lang='lat' dir='ltr'>eodem</span> <span class='ocrx_word' id='word_1_29' title='bbox 1189 337 1359 371; x_wconf 86' lang='lat' dir='ltr'>collatum</span> <span class='ocrx_word' id='word_1_30' title='bbox 1386 340 1453 372; x_wconf 86' lang='lat' dir='ltr'>est.</span> 
     </span>
    </p>
   </div>
   <div class='ocr_carea' id='block_1_3' title="bbox 326 413 1981 459">
    <p class='ocr_par' dir='ltr' id='par_1_3' title="bbox 326 413 1981 459">
     <span class='ocr_line' id='line_1_4' title="bbox 326 413 1981 459; baseline 0.003 -13"><span class='ocrx_word' id='word_1_31' title='bbox 326 413 482 446; x_wconf 65' lang='lat' dir='ltr'>Lamia-s-</span> <span class='ocrx_word' id='word_1_32' title='bbox 507 414 549 446; x_wconf 79' lang='lat' dir='ltr'>de</span> <span class='ocrx_word' id='word_1_33' title='bbox 574 414 725 457; x_wconf 38' lang='lat' dir='ltr'>colle-(siis</span> <span class='ocrx_word' id='word_1_34' title='bbox 753 414 1000 446; x_wconf 59' lang='lat' dir='ltr'>vindobonensi</span> <span class='ocrx_word' id='word_1_35' title='bbox 1026 418 1056 446; x_wconf 77' lang='lat' dir='ltr'>et</span> <span class='ocrx_word' id='word_1_36' title='bbox 1075 416 1248 457; x_wconf 60' lang='lat' dir='ltr'>prayense?</span> <span class='ocrx_word' id='word_1_37' title='bbox 1277 416 1422 447; x_wconf 49' lang='lat' dir='ltr'>Cani-*io</span> <span class='ocrx_word' id='word_1_38' title='bbox 1447 416 1599 458; x_wconf 57' lang='lat' dir='ltr'>scripsit.</span> <span class='ocrx_word' id='word_1_39' title='bbox 1640 417 1718 459; x_wconf 70' lang='lat' dir='ltr'>Ipse</span> <span class='ocrx_word' id='word_1_40' title='bbox 1744 428 1821 450; x_wconf 75' lang='lat' dir='ltr'>cnm</span> <span class='ocrx_word' id='word_1_41' title='bbox 1847 418 1981 451; x_wconf 77' lang='lat' dir='ltr'>Lctim&#39;o</span> 
     </span>
    </p>
   </div>
   <div class='ocr_carea' id='block_1_4' title="bbox 205 464 1979 510">
    <p class='ocr_par' dir='ltr' id='par_1_4' title="bbox 205 464 1979 510">
     <span class='ocr_line' id='line_1_5' title="bbox 205 464 1979 510; baseline 0.003 -12"><span class='ocrx_word' id='word_1_42' title='bbox 205 467 242 498; x_wconf 74' lang='lat' dir='ltr'>in</span> <span class='ocrx_word' id='word_1_43' title='bbox 269 467 308 498; x_wconf 68' lang='lat' dir='ltr'>id</span> <span class='ocrx_word' id='word_1_44' title='bbox 344 467 512 510; x_wconf 73' lang='lat' dir='ltr'>inclinat,</span> <span class='ocrx_word' id='word_1_45' title='bbox 549 471 586 499; x_wconf 72' lang='lat' dir='ltr'>ut</span> <span class='ocrx_word' id='word_1_46' title='bbox 614 468 650 501; x_wconf 88' lang='lat' dir='ltr'>P.</span> <span class='ocrx_word' id='word_1_47' title='bbox 679 468 835 500; x_wconf 67' lang='lat' dir='ltr'>Victoria.</span> <span class='ocrx_word' id='word_1_48' title='bbox 864 464 1197 510; x_wconf 58' lang='lat' dir='ltr'>„&gt;-upeJ·2·ntend‹»zs“</span> <span class='ocrx_word' id='word_1_49' title='bbox 1224 469 1435 501; x_wconf 72' lang='lat' dir='ltr'>nominetur.</span> <span class='ocrx_word' id='word_1_50' title='bbox 1488 469 1644 502; x_wconf 63' lang='lat' dir='ltr'>Lamias</span> <span class='ocrx_word' id='word_1_51' title='bbox 1679 471 1780 503; x_wconf 80' lang='lat' dir='ltr'>modo</span> <span class='ocrx_word' id='word_1_52' title='bbox 1813 482 1884 504; x_wconf 75' lang='lat' dir='ltr'>non</span> <span class='ocrx_word' id='word_1_53' title='bbox 1910 475 1979 504; x_wconf 82' lang='lat' dir='ltr'>tam</span> 
     </span>
    </p>
   </div>
   <div class='ocr_carea' id='block_1_5' title="bbox 203 520 1982 722">
    <p class='ocr_par' dir='ltr' id='par_1_5' title="bbox 203 520 1982 722">
     <span class='ocr_line' id='line_1_6' title="bbox 204 520 1982 565; baseline 0.003 -13"><span class='ocrx_word' id='word_1_54' title='bbox 204 520 338 552; x_wconf 61' lang='lat' dir='ltr'>redicem?</span> <span class='ocrx_word' id='word_1_55' title='bbox 363 530 485 553; x_wconf 72' lang='lat' dir='ltr'>annno</span> <span class='ocrx_word' id='word_1_56' title='bbox 517 531 619 563; x_wconf 64' lang='lat' dir='ltr'>(letam</span> <span class='ocrx_word' id='word_1_57' title='bbox 647 520 849 553; x_wconf 65' lang='lat' dir='ltr'>hominibus·</span> <span class='ocrx_word' id='word_1_58' title='bbox 881 521 1021 563; x_wconf 66' lang='lat' dir='ltr'>collegsio</span> <span class='ocrx_word' id='word_1_59' title='bbox 1054 521 1287 563; x_wconf 74' lang='lat' dir='ltr'>oenipontmzo</span> <span class='ocrx_word' id='word_1_60' title='bbox 1307 522 1540 564; x_wconf 58' lang='lat' dir='ltr'>providendis</span> <span class='ocrx_word' id='word_1_61' title='bbox 1566 534 1704 565; x_wconf 69' lang='lat' dir='ltr'>operam</span> <span class='ocrx_word' id='word_1_62' title='bbox 1733 524 1885 556; x_wconf 73' lang='lat' dir='ltr'>dandam</span> <span class='ocrx_word' id='word_1_63' title='bbox 1913 535 1982 558; x_wconf 65' lang='lat' dir='ltr'>esse</span> 
     </span>
     <span class='ocr_line' id='line_1_7' title="bbox 205 574 1980 619; baseline 0.003 -14"><span class='ocrx_word' id='word_1_64' title='bbox 205 577 325 606; x_wconf 70' lang='lat' dir='ltr'>cen-set.</span> <span class='ocrx_word' id='word_1_65' title='bbox 382 574 514 606; x_wconf 66' lang='lat' dir='ltr'>Tirolis</span> <span class='ocrx_word' id='word_1_66' title='bbox 553 574 673 607; x_wconf 56' lang='lat' dir='ltr'>Socim&gt;-</span> <span class='ocrx_word' id='word_1_67' title='bbox 715 574 813 606; x_wconf 76' lang='lat' dir='ltr'>ctre&#39;de</span> <span class='ocrx_word' id='word_1_68' title='bbox 855 578 1035 616; x_wconf 54' lang='lat' dir='ltr'>exspectat.</span> <span class='ocrx_word' id='word_1_69' title='bbox 1089 574 1228 607; x_wconf 64' lang='lat' dir='ltr'>Iuvenis·</span> <span class='ocrx_word' id='word_1_70' title='bbox 1272 575 1309 607; x_wconf 68' lang='lat' dir='ltr'>ln</span> <span class='ocrx_word' id='word_1_71' title='bbox 1347 575 1524 617; x_wconf 62' lang='lat' dir='ltr'>‹eollegsmm</span> <span class='ocrx_word' id='word_1_72' title='bbox 1562 578 1804 619; x_wconf 61' lang='lat' dir='ltr'>germanicum</span> <span class='ocrx_word' id='word_1_73' title='bbox 1843 579 1980 611; x_wconf 59' lang='lat' dir='ltr'>missus.</span> 
     </span>
     <span class='ocr_line' id='line_1_8' title="bbox 208 628 1982 669; baseline 0.003 -10"><span class='ocrx_word' id='word_1_74' title='bbox 208 628 375 659; x_wconf 41' lang='lat' dir='ltr'>Camala..-</span> <span class='ocrx_word' id='word_1_75' title='bbox 413 628 526 660; x_wconf 47' lang='lat' dir='ltr'>Sociis</span> <span class='ocrx_word' id='word_1_76' title='bbox 568 629 727 660; x_wconf 61' lang='lat' dir='ltr'>romanis·</span> <span class='ocrx_word' id='word_1_77' title='bbox 768 629 887 669; x_wconf 61' lang='lat' dir='ltr'>stl&#39;pem</span> <span class='ocrx_word' id='word_1_78' title='bbox 932 629 1049 660; x_wconf 70' lang='lat' dir='ltr'>mittet.</span> <span class='ocrx_word' id='word_1_79' title='bbox 1102 628 1199 660; x_wconf 63' lang='lat' dir='ltr'>Soc-ie?</span> <span class='ocrx_word' id='word_1_80' title='bbox 1241 630 1342 661; x_wconf 69' lang='lat' dir='ltr'>rarii.</span> <span class='ocrx_word' id='word_1_81' title='bbox 1394 629 1526 661; x_wconf 55' lang='lat' dir='ltr'>Eekiecs</span> <span class='ocrx_word' id='word_1_82' title='bbox 1565 630 1808 663; x_wconf 63' lang='lat' dir='ltr'>‹uncellm-fus.</span> <span class='ocrx_word' id='word_1_83' title='bbox 1860 631 1982 664; x_wconf 57' lang='lat' dir='ltr'>Preces</span> 
     </span>
     <span class='ocr_line' id='line_1_9' title="bbox 203 681 399 722; baseline 0.01 -11"><span class='ocrx_word' id='word_1_84' title='bbox 203 681 399 722; x_wconf 65' lang='lat' dir='ltr'>faciendae.</span> 
     </span>
    </p>
   </div>
   <div class='ocr_carea' id='block_1_6' title="bbox 459 747 1726 873">
    <p class='ocr_par' dir='ltr' id='par_1_6' title="bbox 459 747 1726 873">
     <span class='ocr_line' id='line_1_10' title="bbox 1008 747 1180 789; baseline 0.012 -2"><span class='ocrx_word' id='word_1_85' title='bbox 1008 747 1180 789; x_wconf 81' lang='lat' dir='ltr'>Jhesus.</span> 
     </span>
     <span class='ocr_line' id='line_1_11' title="bbox 459 829 1726 873; baseline 0.002 -3"><span class='ocrx_word' id='word_1_86' title='bbox 459 829 552 870; x_wconf 89' lang='lat' dir='ltr'>Pax</span> <span class='ocrx_word' id='word_1_87' title='bbox 584 829 743 871; x_wconf 76' lang='lat' dir='ltr'>Christi</span> <span class='ocrx_word' id='word_1_88' title='bbox 775 829 998 871; x_wconf 89' lang='lat' dir='ltr'>nobiscum</span> <span class='ocrx_word' id='word_1_89' title='bbox 1032 829 1262 871; x_wconf 80' lang='lat' dir='ltr'>admodum</span> <span class='ocrx_word' id='word_1_90' title='bbox 1296 829 1549 872; x_wconf 86' lang='lat' dir='ltr'>Reuerende</span> <span class='ocrx_word' id='word_1_91' title='bbox 1581 830 1726 873; x_wconf 88' lang='lat' dir='ltr'>Pater.</span> 
     </span>
    </p>
   </div>
   <div class='ocr_carea' id='block_1_7' title="bbox 199 911 1981 2665">
    <p class='ocr_par' dir='ltr' id='par_1_7' title="bbox 202 911 1981 1805">
     <span class='ocr_line' id='line_1_12' title="bbox 324 911 1980 966; baseline 0.002 -13"><span class='ocrx_word' id='word_1_92' title='bbox 324 912 485 966; x_wconf 77' lang='lat' dir='ltr'>Accepi</span> <span class='ocrx_word' id='word_1_93' title='bbox 519 912 718 954; x_wconf 78' lang='lat' dir='ltr'>Calendis</span> <span class='ocrx_word' id='word_1_94' title='bbox 742 911 1002 954; x_wconf 87' lang='lat' dir='ltr'>Nouembris</span> <span class='ocrx_word' id='word_1_95' title='bbox 1037 911 1176 961; x_wconf 88' lang='lat' dir='ltr'>datas,</span> <span class='ocrx_word' id='word_1_96' title='bbox 1211 915 1255 954; x_wconf 84' lang='lat' dir='ltr'>et</span> <span class='ocrx_word' id='word_1_97' title='bbox 1288 915 1463 966; x_wconf 86' lang='lat' dir='ltr'>praeter</span> <span class='ocrx_word' id='word_1_98' title='bbox 1494 913 1574 955; x_wconf 89' lang='lat' dir='ltr'>has</span> <span class='ocrx_word' id='word_1_99' title='bbox 1606 928 1662 956; x_wconf 90' lang='lat' dir='ltr'>ex</span> <span class='ocrx_word' id='word_1_100' title='bbox 1689 914 1832 956; x_wconf 82' lang='lat' dir='ltr'>Gallia</span> <span class='ocrx_word' id='word_1_101' title='bbox 1863 915 1980 958; x_wconf 90' lang='lat' dir='ltr'>misit</span> 
     </span>
     <span class='ocr_line' id='line_1_13' title="bbox 205 976 1981 1035; baseline 0.003 -17"><span class='ocrx_word' id='word_1_102' title='bbox 205 977 411 1019; x_wconf 86' lang='lat' dir='ltr'>nonnulla</span> <span class='ocrx_word' id='word_1_103' title='bbox 435 978 717 1019; x_wconf 83' lang='lat' dir='ltr'>Reuerendus</span> <span class='ocrx_word' id='word_1_104' title='bbox 740 977 786 1020; x_wconf 89' lang='lat' dir='ltr'>P.</span> <span class='ocrx_word' id='word_1_105' title='bbox 814 977 1038 1019; x_wconf 75' lang='lat' dir='ltr'>Generalis</span> <span class='ocrx_word' id='word_1_106' title='bbox 1056 978 1083 1026; x_wconf 88' lang='lat'>1,</span> <span class='ocrx_word' id='word_1_107' title='bbox 1120 976 1240 1019; x_wconf 90' lang='lat' dir='ltr'>cuius</span> <span class='ocrx_word' id='word_1_108' title='bbox 1272 977 1459 1020; x_wconf 89' lang='lat' dir='ltr'>reditum</span> <span class='ocrx_word' id='word_1_109' title='bbox 1483 981 1689 1034; x_wconf 77' lang='lat' dir='ltr'>expectat</span> <span class='ocrx_word' id='word_1_110' title='bbox 1722 982 1766 1022; x_wconf 90' lang='lat' dir='ltr'>et</span> <span class='ocrx_word' id='word_1_111' title='bbox 1798 983 1981 1035; x_wconf 90' lang='lat' dir='ltr'>exoptat</span> 
     </span>
     <span class='ocr_line' id='line_1_14' title="bbox 204 1043 1980 1099; baseline 0.002 -15"><span class='ocrx_word' id='word_1_112' title='bbox 204 1045 355 1085; x_wconf 89' lang='lat' dir='ltr'>nostra</span> <span class='ocrx_word' id='word_1_113' title='bbox 389 1043 637 1086; x_wconf 79' lang='lat' dir='ltr'>Germania.</span> <span class='ocrx_word' id='word_1_114' title='bbox 702 1043 940 1085; x_wconf 87' lang='lat' dir='ltr'>Confirmat</span> <span class='ocrx_word' id='word_1_115' title='bbox 982 1045 1127 1084; x_wconf 89' lang='lat' dir='ltr'>autem</span> <span class='ocrx_word' id='word_1_116' title='bbox 1170 1057 1222 1084; x_wconf 88' lang='lat' dir='ltr'>ea</span> <span class='ocrx_word' id='word_1_117' title='bbox 1262 1057 1372 1096; x_wconf 86' lang='lat' dir='ltr'>quae</span> <span class='ocrx_word' id='word_1_118' title='bbox 1405 1044 1569 1099; x_wconf 85' lang='lat' dir='ltr'>scripta</span> <span class='ocrx_word' id='word_1_119' title='bbox 1606 1045 1688 1087; x_wconf 91' lang='lat' dir='ltr'>huc</span> <span class='ocrx_word' id='word_1_120' title='bbox 1721 1044 1896 1088; x_wconf 87' lang='lat' dir='ltr'>fuerant</span> <span class='ocrx_word' id='word_1_121' title='bbox 1928 1046 1980 1088; x_wconf 91' lang='lat' dir='ltr'>de</span> 
     </span>
     <span class='ocr_line' id='line_1_15' title="bbox 204 1107 1980 1165; baseline 0.002 -16"><span class='ocrx_word' id='word_1_122' title='bbox 204 1107 446 1150; x_wconf 74' lang='lat' dir='ltr'>mutatione</span> <span class='ocrx_word' id='word_1_123' title='bbox 487 1108 688 1150; x_wconf 86' lang='lat' dir='ltr'>Rectoris</span> <span class='ocrx_word' id='word_1_124' title='bbox 730 1108 964 1161; x_wconf 83' lang='lat' dir='ltr'>Pragensis</span> <span class='ocrx_word' id='word_1_125' title='bbox 1008 1111 1051 1150; x_wconf 92' lang='lat' dir='ltr'>et</span> <span class='ocrx_word' id='word_1_126' title='bbox 1093 1107 1366 1152; x_wconf 78' lang='lat' dir='ltr'>Viennensis.</span> <span class='ocrx_word' id='word_1_127' title='bbox 1431 1109 1523 1158; x_wconf 84' lang='lat' dir='ltr'>Qua</span> <span class='ocrx_word' id='word_1_128' title='bbox 1565 1109 1617 1152; x_wconf 90' lang='lat' dir='ltr'>de</span> <span class='ocrx_word' id='word_1_129' title='bbox 1659 1124 1707 1152; x_wconf 84' lang='lat' dir='ltr'>re</span> <span class='ocrx_word' id='word_1_130' title='bbox 1749 1113 1980 1165; x_wconf 91' lang='lat' dir='ltr'>utrumque</span> 
     </span>
     <span class='ocr_line' id='line_1_16' title="bbox 205 1173 1981 1230; baseline 0.003 -16"><span class='ocrx_word' id='word_1_131' title='bbox 205 1173 373 1226; x_wconf 86' lang='lat' dir='ltr'>monuj‚</span> <span class='ocrx_word' id='word_1_132' title='bbox 416 1173 630 1227; x_wconf 88' lang='lat' dir='ltr'>simulque</span> <span class='ocrx_word' id='word_1_133' title='bbox 662 1174 708 1216; x_wconf 90' lang='lat' dir='ltr'>P.</span> <span class='ocrx_word' id='word_1_134' title='bbox 743 1173 993 1216; x_wconf 75' lang='lat' dir='ltr'>Victoriae³</span> <span class='ocrx_word' id='word_1_135' title='bbox 1028 1173 1210 1215; x_wconf 89' lang='lat' dir='ltr'>liberum</span> <span class='ocrx_word' id='word_1_136' title='bbox 1242 1173 1326 1216; x_wconf 85' lang='lat' dir='ltr'>feci</span> <span class='ocrx_word' id='word_1_137' title='bbox 1358 1173 1549 1228; x_wconf 87' lang='lat' dir='ltr'>Pragam</span> <span class='ocrx_word' id='word_1_138' title='bbox 1580 1175 1818 1230; x_wconf 89' lang='lat' dir='ltr'>proficiscj,</span> <span class='ocrx_word' id='word_1_139' title='bbox 1861 1176 1981 1219; x_wconf 88' lang='lat' dir='ltr'>Nihil</span> 
     </span>
     <span class='ocr_line' id='line_1_17' title="bbox 206 1239 1981 1294; baseline 0.002 -14"><span class='ocrx_word' id='word_1_140' title='bbox 206 1241 352 1281; x_wconf 88' lang='lat' dir='ltr'>autem</span> <span class='ocrx_word' id='word_1_141' title='bbox 386 1239 492 1281; x_wconf 87' lang='lat' dir='ltr'>certi</span> <span class='ocrx_word' id='word_1_142' title='bbox 525 1239 683 1282; x_wconf 76' lang='lat' dir='ltr'>statuit</span> <span class='ocrx_word' id='word_1_143' title='bbox 716 1240 867 1289; x_wconf 78' lang='lat' dir='ltr'>Pater,</span> <span class='ocrx_word' id='word_1_144' title='bbox 912 1239 1123 1280; x_wconf 81' lang='lat' dir='ltr'>debeatne</span> <span class='ocrx_word' id='word_1_145' title='bbox 1160 1239 1273 1281; x_wconf 90' lang='lat' dir='ltr'>idem</span> <span class='ocrx_word' id='word_1_146' title='bbox 1316 1239 1487 1293; x_wconf 88' lang='lat' dir='ltr'>utrique</span> <span class='ocrx_word' id='word_1_147' title='bbox 1521 1240 1711 1294; x_wconf 88' lang='lat' dir='ltr'>Collegio</span> <span class='ocrx_word' id='word_1_148' title='bbox 1744 1241 1981 1284; x_wconf 89' lang='lat' dir='ltr'>Viennensi</span> 
     </span>
     <span class='ocr_line' id='line_1_18' title="bbox 205 1304 1980 1359; baseline 0.002 -12"><span class='ocrx_word' id='word_1_149' title='bbox 205 1307 249 1347; x_wconf 89' lang='lat' dir='ltr'>et</span> <span class='ocrx_word' id='word_1_150' title='bbox 280 1304 570 1358; x_wconf 87' lang='lat' dir='ltr'>Tyrnauiensi</span> <span class='ocrx_word' id='word_1_151' title='bbox 603 1304 958 1359; x_wconf 81' lang='lat' dir='ltr'>superintendere</span> <span class='ocrx_word' id='word_1_152' title='bbox 991 1304 1153 1358; x_wconf 85' lang='lat' dir='ltr'>magis,</span> <span class='ocrx_word' id='word_1_153' title='bbox 1198 1319 1327 1358; x_wconf 90' lang='lat' dir='ltr'>quam</span> <span class='ocrx_word' id='word_1_154' title='bbox 1360 1306 1411 1348; x_wconf 90' lang='lat' dir='ltr'>D.</span> <span class='ocrx_word' id='word_1_155' title='bbox 1446 1306 1611 1348; x_wconf 82' lang='lat' dir='ltr'>Paulo2</span> <span class='ocrx_word' id='word_1_156' title='bbox 1650 1306 1845 1349; x_wconf 82' lang='lat' dir='ltr'>Viennae</span> <span class='ocrx_word' id='word_1_157' title='bbox 1879 1308 1980 1350; x_wconf 85' lang='lat' dir='ltr'>sub-</span> 
     </span>
     <span class='ocr_line' id='line_1_19' title="bbox 206 1369 1981 1424; baseline 0.002 -12"><span class='ocrx_word' id='word_1_158' title='bbox 206 1384 322 1419; x_wconf 88' lang='lat' dir='ltr'>esse,</span> <span class='ocrx_word' id='word_1_159' title='bbox 366 1370 560 1413; x_wconf 78' lang='lat' dir='ltr'>Jnclinat</span> <span class='ocrx_word' id='word_1_160' title='bbox 592 1370 735 1412; x_wconf 86' lang='lat' dir='ltr'>Patris</span> <span class='ocrx_word' id='word_1_161' title='bbox 769 1369 939 1423; x_wconf 89' lang='lat' dir='ltr'>quidem</span> <span class='ocrx_word' id='word_1_162' title='bbox 973 1370 1164 1420; x_wconf 85' lang='lat' dir='ltr'>animus,</span> <span class='ocrx_word' id='word_1_163' title='bbox 1208 1372 1256 1412; x_wconf 92' lang='lat' dir='ltr'>ut</span> <span class='ocrx_word' id='word_1_164' title='bbox 1293 1370 1656 1424; x_wconf 85' lang='lat' dir='ltr'>superintendens</span> <span class='ocrx_word' id='word_1_165' title='bbox 1696 1371 1770 1414; x_wconf 88' lang='lat' dir='ltr'>ille</span> <span class='ocrx_word' id='word_1_166' title='bbox 1812 1372 1981 1416; x_wconf 87' lang='lat' dir='ltr'>dicatur</span> 
     </span>
     <span class='ocr_line' id='line_1_20' title="bbox 205 1435 1980 1489; baseline 0.002 -12"><span class='ocrx_word' id='word_1_167' title='bbox 205 1438 249 1478; x_wconf 90' lang='lat' dir='ltr'>et</span> <span class='ocrx_word' id='word_1_168' title='bbox 282 1435 339 1478; x_wconf 88' lang='lat' dir='ltr'>sit</span> <span class='ocrx_word' id='word_1_169' title='bbox 355 1436 383 1478; x_wconf 84' lang='lat'>3.</span> <span class='ocrx_word' id='word_1_170' title='bbox 448 1436 590 1488; x_wconf 82' lang='lat' dir='ltr'>quue</span> <span class='ocrx_word' id='word_1_171' title='bbox 622 1435 724 1477; x_wconf 91' lang='lat' dir='ltr'>mihi</span> <span class='ocrx_word' id='word_1_172' title='bbox 758 1449 927 1488; x_wconf 86' lang='lat' dir='ltr'>quoque</span> <span class='ocrx_word' id='word_1_173' title='bbox 960 1436 1192 1489; x_wconf 86' lang='lat' dir='ltr'>probatur,</span> <span class='ocrx_word' id='word_1_174' title='bbox 1236 1438 1284 1478; x_wconf 90' lang='lat' dir='ltr'>ut</span> <span class='ocrx_word' id='word_1_175' title='bbox 1323 1435 1384 1477; x_wconf 87' lang='lat' dir='ltr'>sic</span> <span class='ocrx_word' id='word_1_176' title='bbox 1417 1436 1556 1478; x_wconf 90' lang='lat' dir='ltr'>maior</span> <span class='ocrx_word' id='word_1_177' title='bbox 1587 1436 1645 1479; x_wconf 85' lang='lat' dir='ltr'>sit</span> <span class='ocrx_word' id='word_1_178' title='bbox 1676 1437 1722 1480; x_wconf 92' lang='lat' dir='ltr'>P.</span> <span class='ocrx_word' id='word_1_179' title='bbox 1757 1437 1980 1481; x_wconf 85' lang='lat' dir='ltr'>Victoriae</span> 
     </span>
     <span class='ocr_line' id='line_1_21' title="bbox 205 1500 1979 1557; baseline 0.002 -15"><span class='ocrx_word' id='word_1_180' title='bbox 205 1501 463 1551; x_wconf 86' lang='lat' dir='ltr'>authoritas,</span> <span class='ocrx_word' id='word_1_181' title='bbox 497 1500 754 1555; x_wconf 87' lang='lat' dir='ltr'>praesertim</span> <span class='ocrx_word' id='word_1_182' title='bbox 788 1500 831 1542; x_wconf 90' lang='lat' dir='ltr'>in</span> <span class='ocrx_word' id='word_1_183' title='bbox 863 1500 991 1542; x_wconf 87' lang='lat' dir='ltr'>rebus</span> <span class='ocrx_word' id='word_1_184' title='bbox 1019 1501 1234 1554; x_wconf 82' lang='lat' dir='ltr'>gerendis,</span> <span class='ocrx_word' id='word_1_185' title='bbox 1270 1515 1378 1555; x_wconf 88' lang='lat' dir='ltr'>quas</span> <span class='ocrx_word' id='word_1_186' title='bbox 1410 1502 1582 1544; x_wconf 89' lang='lat' dir='ltr'>nomine</span> <span class='ocrx_word' id='word_1_187' title='bbox 1615 1504 1657 1545; x_wconf 85' lang='lat'>4.</span> <span class='ocrx_word' id='word_1_188' title='bbox 1690 1502 1979 1557; x_wconf 84' lang='lat' dir='ltr'>Collegiorum</span> 
     </span>
     <span class='ocr_line' id='line_1_22' title="bbox 205 1566 1979 1622; baseline 0.002 -14"><span class='ocrx_word' id='word_1_189' title='bbox 205 1566 415 1609; x_wconf 80' lang='lat' dir='ltr'>Viennen.</span> <span class='ocrx_word' id='word_1_190' title='bbox 440 1566 752 1620; x_wconf 82' lang='lat' dir='ltr'>Tyrnauiensis</span> <span class='ocrx_word' id='word_1_191' title='bbox 775 1566 1010 1620; x_wconf 85' lang='lat' dir='ltr'>Pragensis</span> <span class='ocrx_word' id='word_1_192' title='bbox 1033 1568 1077 1608; x_wconf 89' lang='lat' dir='ltr'>et</span> <span class='ocrx_word' id='word_1_193' title='bbox 1101 1566 1404 1622; x_wconf 88' lang='lat' dir='ltr'>OEnipontanj</span> <span class='ocrx_word' id='word_1_194' title='bbox 1429 1567 1595 1611; x_wconf 85' lang='lat' dir='ltr'>utiliter</span> <span class='ocrx_word' id='word_1_195' title='bbox 1617 1568 1731 1622; x_wconf 90' lang='lat' dir='ltr'>apud</span> <span class='ocrx_word' id='word_1_196' title='bbox 1749 1568 1979 1611; x_wconf 87' lang='lat' dir='ltr'>Caesarem</span> 
     </span>
     <span class='ocr_line' id='line_1_23' title="bbox 203 1631 1978 1688; baseline 0.002 -15"><span class='ocrx_word' id='word_1_197' title='bbox 203 1631 366 1686; x_wconf 88' lang='lat' dir='ltr'>poterit</span> <span class='ocrx_word' id='word_1_198' title='bbox 408 1631 634 1686; x_wconf 83' lang='lat' dir='ltr'>expedire,</span> <span class='ocrx_word' id='word_1_199' title='bbox 677 1631 935 1686; x_wconf 84' lang='lat' dir='ltr'>pracsertim</span> <span class='ocrx_word' id='word_1_200' title='bbox 979 1634 1027 1674; x_wconf 89' lang='lat' dir='ltr'>ut</span> <span class='ocrx_word' id='word_1_201' title='bbox 1071 1632 1141 1673; x_wconf 89' lang='lat' dir='ltr'>diu</span> <span class='ocrx_word' id='word_1_202' title='bbox 1184 1634 1337 1686; x_wconf 88' lang='lat' dir='ltr'>optata</span> <span class='ocrx_word' id='word_1_203' title='bbox 1378 1632 1559 1676; x_wconf 87' lang='lat' dir='ltr'>accedat</span> <span class='ocrx_word' id='word_1_204' title='bbox 1601 1633 1781 1677; x_wconf 75' lang='lat' dir='ltr'>dotatio,</span> <span class='ocrx_word' id='word_1_205' title='bbox 1846 1633 1978 1688; x_wconf 88' lang='lat' dir='ltr'>Cupio</span> 
     </span>
     <span class='ocr_line' id='line_1_24' title="bbox 202 1697 1978 1753; baseline 0.002 -15"><span class='ocrx_word' id='word_1_206' title='bbox 202 1697 324 1738; x_wconf 90' lang='lat' dir='ltr'>illum</span> <span class='ocrx_word' id='word_1_207' title='bbox 368 1697 449 1739; x_wconf 88' lang='lat' dir='ltr'>hac</span> <span class='ocrx_word' id='word_1_208' title='bbox 495 1697 548 1739; x_wconf 87' lang='lat' dir='ltr'>de</span> <span class='ocrx_word' id='word_1_209' title='bbox 592 1711 639 1738; x_wconf 87' lang='lat' dir='ltr'>re</span> <span class='ocrx_word' id='word_1_210' title='bbox 684 1711 853 1750; x_wconf 88' lang='lat' dir='ltr'>quoque</span> <span class='ocrx_word' id='word_1_211' title='bbox 898 1698 1063 1752; x_wconf 86' lang='lat' dir='ltr'>monerj</span> <span class='ocrx_word' id='word_1_212' title='bbox 1108 1711 1186 1752; x_wconf 88' lang='lat' dir='ltr'>per</span> <span class='ocrx_word' id='word_1_213' title='bbox 1230 1697 1278 1741; x_wconf 86' lang='grc' dir='ltr'>Τ.</span> <span class='ocrx_word' id='word_1_214' title='bbox 1321 1697 1371 1741; x_wconf 82' lang='lat' dir='ltr'>R.</span> <span class='ocrx_word' id='word_1_215' title='bbox 1417 1697 1676 1752; x_wconf 87' lang='lat' dir='ltr'>praesertim</span> <span class='ocrx_word' id='word_1_216' title='bbox 1719 1701 1767 1741; x_wconf 92' lang='lat' dir='ltr'>ut</span> <span class='ocrx_word' id='word_1_217' title='bbox 1807 1698 1978 1753; x_wconf 87' lang='lat' dir='ltr'>Pragae</span> 
     </span>
     <span class='ocr_line' id='line_1_25' title="bbox 204 1762 570 1805; baseline 0 -1"><span class='ocrx_word' id='word_1_218' title='bbox 204 1762 407 1804; x_wconf 85' lang='lat' dir='ltr'>nostrosb</span> <span class='ocrx_word' id='word_1_219' title='bbox 439 1762 570 1805; x_wconf 88' lang='lat' dir='ltr'>iuuet.</span> 
     </span>
    </p>

    <p class='ocr_par' dir='ltr' id='par_1_8' title="bbox 202 1827 1978 2338">
     <span class='ocr_line' id='line_1_26' title="bbox 323 1827 1978 1882; baseline 0.002 -14"><span class='ocrx_word' id='word_1_220' title='bbox 323 1827 456 1870; x_wconf 86' lang='lat' dir='ltr'>Putat</span> <span class='ocrx_word' id='word_1_221' title='bbox 488 1827 537 1870; x_wconf 81' lang='lat' dir='ltr'>R.</span> <span class='ocrx_word' id='word_1_222' title='bbox 573 1827 618 1870; x_wconf 87' lang='lat' dir='ltr'>P.</span> <span class='ocrx_word' id='word_1_223' title='bbox 654 1827 767 1880; x_wconf 88' lang='lat' dir='ltr'>quod</span> <span class='ocrx_word' id='word_1_224' title='bbox 800 1827 855 1869; x_wconf 91' lang='lat' dir='ltr'>ad</span> <span class='ocrx_word' id='word_1_225' title='bbox 878 1827 1115 1880; x_wconf 80' lang='lat' dir='ltr'>Collegium</span> <span class='ocrx_word' id='word_1_226' title='bbox 1147 1827 1509 1882; x_wconf 87' lang='lat' dir='ltr'>OEnipontanum</span> <span class='ocrx_word' id='word_1_227' title='bbox 1543 1828 1715 1879; x_wconf 84' lang='lat' dir='ltr'>attinet,</span> <span class='ocrx_word' id='word_1_228' title='bbox 1750 1829 1802 1871; x_wconf 93' lang='lat' dir='ltr'>de</span> <span class='ocrx_word' id='word_1_229' title='bbox 1835 1843 1978 1873; x_wconf 88' lang='lat' dir='ltr'>annua</span> 
     </span>
     <span class='ocr_line' id='line_1_27' title="bbox 204 1892 1977 1947; baseline 0.001 -13"><span class='ocrx_word' id='word_1_230' title='bbox 204 1892 448 1942; x_wconf 89' lang='lat' dir='ltr'>dotatione,</span> <span class='ocrx_word' id='word_1_231' title='bbox 491 1906 604 1934; x_wconf 91' lang='lat' dir='ltr'>nunc</span> <span class='ocrx_word' id='word_1_232' title='bbox 638 1892 911 1935; x_wconf 87' lang='lat' dir='ltr'>solicitudine</span> <span class='ocrx_word' id='word_1_233' title='bbox 943 1895 1095 1935; x_wconf 88' lang='lat' dir='ltr'>nostra</span> <span class='ocrx_word' id='word_1_234' title='bbox 1128 1906 1235 1947; x_wconf 90' lang='lat' dir='ltr'>opus</span> <span class='ocrx_word' id='word_1_235' title='bbox 1276 1907 1362 1935; x_wconf 91' lang='lat' dir='ltr'>non</span> <span class='ocrx_word' id='word_1_236' title='bbox 1395 1907 1512 1945; x_wconf 85' lang='lat' dir='ltr'>esse,</span> <span class='ocrx_word' id='word_1_237' title='bbox 1556 1893 1632 1936; x_wconf 87' lang='lat' dir='ltr'>sed</span> <span class='ocrx_word' id='word_1_238' title='bbox 1665 1893 1718 1935; x_wconf 89' lang='lat' dir='ltr'>de</span> <span class='ocrx_word' id='word_1_239' title='bbox 1754 1894 1977 1937; x_wconf 89' lang='lat' dir='ltr'>mittendis</span> 
     </span>
     <span class='ocr_line' id='line_1_28' title="bbox 203 1957 1978 2013; baseline 0.002 -14"><span class='ocrx_word' id='word_1_240' title='bbox 203 1957 348 2012; x_wconf 87' lang='lat' dir='ltr'>potius</span> <span class='ocrx_word' id='word_1_241' title='bbox 381 1957 612 2012; x_wconf 84' lang='lat' dir='ltr'>operarijs,</span> <span class='ocrx_word' id='word_1_242' title='bbox 653 1971 759 2011; x_wconf 89' lang='lat' dir='ltr'>quos</span> <span class='ocrx_word' id='word_1_243' title='bbox 793 1958 918 1999; x_wconf 88' lang='lat' dir='ltr'>auide</span> <span class='ocrx_word' id='word_1_244' title='bbox 952 1958 1123 2011; x_wconf 84' lang='lat' dir='ltr'>quidem</span> <span class='ocrx_word' id='word_1_245' title='bbox 1157 1958 1417 2012; x_wconf 81' lang='lat' dir='ltr'>Tyrolenses</span> <span class='ocrx_word' id='word_1_246' title='bbox 1450 1961 1700 2013; x_wconf 83' lang='lat' dir='ltr'>expectant.</span> <span class='ocrx_word' id='word_1_247' title='bbox 1763 1959 1864 2001; x_wconf 89' lang='lat' dir='ltr'>Non</span> <span class='ocrx_word' id='word_1_248' title='bbox 1896 1960 1978 2004; x_wconf 86' lang='lat' dir='ltr'>erit</span> 
     </span>
     <span class='ocr_line' id='line_1_29' title="bbox 204 2023 1975 2078; baseline 0.002 -14"><span class='ocrx_word' id='word_1_249' title='bbox 204 2023 377 2065; x_wconf 81' lang='lat' dir='ltr'>difficile</span> <span class='ocrx_word' id='word_1_250' title='bbox 410 2026 458 2066; x_wconf 90' lang='lat' dir='ltr'>ut</span> <span class='ocrx_word' id='word_1_251' title='bbox 490 2037 716 2078; x_wconf 86' lang='lat' dir='ltr'>speramus</span> <span class='ocrx_word' id='word_1_252' title='bbox 758 2037 812 2065; x_wconf 87' lang='lat' dir='ltr'>ex</span> <span class='ocrx_word' id='word_1_253' title='bbox 847 2025 944 2066; x_wconf 83' lang='lat'>300.</span> <span class='ocrx_word' id='word_1_254' title='bbox 979 2023 1173 2066; x_wconf 89' lang='lat' dir='ltr'>inuenire</span> <span class='ocrx_word' id='word_1_255' title='bbox 1205 2024 1435 2066; x_wconf 89' lang='lat' dir='ltr'>nonnullos</span> <span class='ocrx_word' id='word_1_256' title='bbox 1468 2024 1619 2078; x_wconf 87' lang='lat' dir='ltr'>quales</span> <span class='ocrx_word' id='word_1_257' title='bbox 1661 2024 1975 2068; x_wconf 83' lang='lat' dir='ltr'>desiderantur.</span> 
     </span>
     <span class='ocr_line' id='line_1_30' title="bbox 203 2088 1978 2144; baseline 0.001 -14"><span class='ocrx_word' id='word_1_258' title='bbox 203 2089 262 2131; x_wconf 88' lang='lat' dir='ltr'>Et</span> <span class='ocrx_word' id='word_1_259' title='bbox 301 2088 468 2131; x_wconf 87' lang='lat' dir='ltr'>iuuabit</span> <span class='ocrx_word' id='word_1_260' title='bbox 508 2089 623 2131; x_wconf 88' lang='lat' dir='ltr'>haud</span> <span class='ocrx_word' id='word_1_261' title='bbox 668 2088 794 2130; x_wconf 89' lang='lat' dir='ltr'>dubie</span> <span class='ocrx_word' id='word_1_262' title='bbox 835 2089 887 2131; x_wconf 78' lang='lat' dir='ltr'>R.</span> <span class='ocrx_word' id='word_1_263' title='bbox 927 2089 974 2131; x_wconf 91' lang='lat' dir='ltr'>T.</span> <span class='ocrx_word' id='word_1_264' title='bbox 1018 2092 1066 2132; x_wconf 90' lang='lat' dir='ltr'>ut</span> <span class='ocrx_word' id='word_1_265' title='bbox 1108 2092 1345 2143; x_wconf 85' lang='lat' dir='ltr'>conceptae</span> <span class='ocrx_word' id='word_1_266' title='bbox 1388 2090 1440 2132; x_wconf 91' lang='lat' dir='ltr'>de</span> <span class='ocrx_word' id='word_1_267' title='bbox 1482 2089 1642 2132; x_wconf 85' lang='lat' dir='ltr'>nostris</span> <span class='ocrx_word' id='word_1_268' title='bbox 1683 2090 1978 2144; x_wconf 88' lang='lat' dir='ltr'>expectationi</span> 
     </span>
     <span class='ocr_line' id='line_1_31' title="bbox 202 2153 1976 2210; baseline 0.002 -15"><span class='ocrx_word' id='word_1_269' title='bbox 202 2154 390 2197; x_wconf 83' lang='lat' dir='ltr'>satisfiat</span> <span class='ocrx_word' id='word_1_270' title='bbox 412 2154 466 2196; x_wconf 90' lang='lat' dir='ltr'>ad</span> <span class='ocrx_word' id='word_1_271' title='bbox 491 2154 649 2197; x_wconf 86' lang='lat' dir='ltr'>Christi</span> <span class='ocrx_word' id='word_1_272' title='bbox 671 2153 868 2207; x_wconf 85' lang='lat' dir='ltr'>gloriam.</span> <span class='ocrx_word' id='word_1_273' title='bbox 915 2154 1162 2196; x_wconf 82' lang='lat' dir='ltr'>Gaudemus</span> <span class='ocrx_word' id='word_1_274' title='bbox 1184 2155 1325 2197; x_wconf 87' lang='lat' dir='ltr'>isthuc</span> <span class='ocrx_word' id='word_1_275' title='bbox 1348 2155 1494 2197; x_wconf 90' lang='lat' dir='ltr'>saluos</span> <span class='ocrx_word' id='word_1_276' title='bbox 1515 2154 1766 2209; x_wconf 89' lang='lat' dir='ltr'>peruenisse</span> <span class='ocrx_word' id='word_1_277' title='bbox 1789 2155 1976 2210; x_wconf 83' lang='lat' dir='ltr'>Stepha-</span> 
     </span>
     <span class='ocr_line' id='line_1_32' title="bbox 203 2219 1976 2273; baseline 0.002 -13"><span class='ocrx_word' id='word_1_278' title='bbox 203 2234 305 2261; x_wconf 85' lang='lat' dir='ltr'>num</span> <span class='ocrx_word' id='word_1_279' title='bbox 338 2222 382 2262; x_wconf 90' lang='lat' dir='ltr'>et</span> <span class='ocrx_word' id='word_1_280' title='bbox 405 2219 728 2273; x_wconf 84' lang='lat' dir='ltr'>Sigismundum</span> <span class='ocrx_word' id='word_1_281' title='bbox 745 2220 774 2262; x_wconf 68' lang='lat'>4.</span> <span class='ocrx_word' id='word_1_282' title='bbox 822 2219 1077 2262; x_wconf 88' lang='lat' dir='ltr'>Peruenerit</span> <span class='ocrx_word' id='word_1_283' title='bbox 1110 2222 1154 2262; x_wconf 90' lang='lat' dir='ltr'>et</span> <span class='ocrx_word' id='word_1_284' title='bbox 1178 2219 1419 2262; x_wconf 80' lang='lat' dir='ltr'>Germanus</span> <span class='ocrx_word' id='word_1_285' title='bbox 1452 2220 1729 2262; x_wconf 84' lang='lat' dir='ltr'>adolescens⁰</span> <span class='ocrx_word' id='word_1_286' title='bbox 1749 2219 1976 2263; x_wconf 85' lang='lat' dir='ltr'>Adamus5</span> 
     </span>
     <span class='ocr_line' id='line_1_33' title="bbox 203 2284 1754 2338; baseline 0.001 -12"><span class='ocrx_word' id='word_1_287' title='bbox 203 2285 256 2326; x_wconf 89' lang='lat' dir='ltr'>ad</span> <span class='ocrx_word' id='word_1_288' title='bbox 290 2284 527 2338; x_wconf 81' lang='lat' dir='ltr'>Collegium</span> <span class='ocrx_word' id='word_1_289' title='bbox 559 2288 608 2327; x_wconf 91' lang='lat' dir='ltr'>ut</span> <span class='ocrx_word' id='word_1_290' title='bbox 641 2284 907 2335; x_wconf 86' lang='lat' dir='ltr'>confidimus,</span> <span class='ocrx_word' id='word_1_291' title='bbox 943 2285 995 2327; x_wconf 89' lang='lat' dir='ltr'>de</span> <span class='ocrx_word' id='word_1_292' title='bbox 1028 2299 1112 2338; x_wconf 92' lang='lat' dir='ltr'>quo</span> <span class='ocrx_word' id='word_1_293' title='bbox 1144 2285 1249 2327; x_wconf 90' lang='lat' dir='ltr'>nihil</span> <span class='ocrx_word' id='word_1_294' title='bbox 1281 2288 1428 2327; x_wconf 89' lang='lat' dir='ltr'>tamen</span> <span class='ocrx_word' id='word_1_295' title='bbox 1461 2285 1642 2328; x_wconf 88' lang='lat' dir='ltr'>allatum</span> <span class='ocrx_word' id='word_1_296' title='bbox 1675 2287 1754 2328; x_wconf 90' lang='lat' dir='ltr'>est.</span> 
     </span>
    </p>

    <p class='ocr_par' dir='ltr' id='par_1_9' title="bbox 199 2349 1974 2535">
     <span class='ocr_line' id='line_1_34' title="bbox 320 2349 1973 2404; baseline 0.001 -13"><span class='ocrx_word' id='word_1_297' title='bbox 320 2350 518 2404; x_wconf 87' lang='lat' dir='ltr'>Expecto</span> <span class='ocrx_word' id='word_1_298' title='bbox 551 2349 778 2404; x_wconf 87' lang='lat' dir='ltr'>pecuniam</span> <span class='ocrx_word' id='word_1_299' title='bbox 811 2364 836 2392; x_wconf 89' lang='lat' dir='ltr'>a</span> <span class='ocrx_word' id='word_1_300' title='bbox 858 2350 1127 2403; x_wconf 85' lang='lat' dir='ltr'>Moguntinis</span> <span class='ocrx_word' id='word_1_301' title='bbox 1149 2350 1413 2392; x_wconf 87' lang='lat' dir='ltr'>reddendam</span> <span class='ocrx_word' id='word_1_302' title='bbox 1435 2350 1643 2393; x_wconf 88' lang='lat' dir='ltr'>Romanis</span> <span class='ocrx_word' id='word_1_303' title='bbox 1666 2350 1932 2393; x_wconf 89' lang='lat' dir='ltr'>debitoribus</span> <span class='ocrx_word' id='word_1_304' title='bbox 1945 2351 1973 2394; x_wconf 77' lang='lat'>⁶.</span> 
     </span>
     <span class='ocr_line' id='line_1_35' title="bbox 200 2415 1974 2470; baseline 0.001 -13"><span class='ocrx_word' id='word_1_305' title='bbox 200 2415 305 2457; x_wconf 90' lang='lat' dir='ltr'>Cum</span> <span class='ocrx_word' id='word_1_306' title='bbox 336 2415 417 2457; x_wconf 87' lang='lat' dir='ltr'>hac</span> <span class='ocrx_word' id='word_1_307' title='bbox 449 2415 596 2457; x_wconf 84' lang='lat' dir='ltr'>licebit</span> <span class='ocrx_word' id='word_1_308' title='bbox 638 2415 800 2468; x_wconf 90' lang='lat' dir='ltr'>aliquid</span> <span class='ocrx_word' id='word_1_309' title='bbox 833 2415 1096 2469; x_wconf 86' lang='lat' dir='ltr'>coniungere</span> <span class='ocrx_word' id='word_1_310' title='bbox 1127 2429 1206 2470; x_wconf 91' lang='lat' dir='ltr'>pro</span> <span class='ocrx_word' id='word_1_311' title='bbox 1238 2418 1391 2458; x_wconf 88' lang='lat' dir='ltr'>nostra</span> <span class='ocrx_word' id='word_1_312' title='bbox 1422 2415 1660 2466; x_wconf 87' lang='lat' dir='ltr'>tenuitate,</span> <span class='ocrx_word' id='word_1_313' title='bbox 1703 2418 1751 2458; x_wconf 87' lang='lat' dir='ltr'>ut</span> <span class='ocrx_word' id='word_1_314' title='bbox 1783 2415 1974 2458; x_wconf 88' lang='lat' dir='ltr'>debitam</span> 
     </span>
     <span class='ocr_line' id='line_1_36' title="bbox 199 2479 1882 2535; baseline 0.001 -14"><span class='ocrx_word' id='word_1_315' title='bbox 199 2480 403 2522; x_wconf 89' lang='lat' dir='ltr'>Patribus</span> <span class='ocrx_word' id='word_1_316' title='bbox 436 2482 480 2522; x_wconf 89' lang='lat' dir='ltr'>et</span> <span class='ocrx_word' id='word_1_317' title='bbox 512 2479 721 2522; x_wconf 86' lang='lat' dir='ltr'>frat-ribus</span> <span class='ocrx_word' id='word_1_318' title='bbox 754 2480 1014 2523; x_wconf 88' lang='lat' dir='ltr'>charitatem</span> <span class='ocrx_word' id='word_1_319' title='bbox 1047 2480 1192 2534; x_wconf 90' lang='lat' dir='ltr'>aliqua</span> <span class='ocrx_word' id='word_1_320' title='bbox 1223 2481 1381 2523; x_wconf 86' lang='lat' dir='ltr'>saltem</span> <span class='ocrx_word' id='word_1_321' title='bbox 1413 2494 1469 2522; x_wconf 90' lang='lat' dir='ltr'>ex</span> <span class='ocrx_word' id='word_1_322' title='bbox 1499 2483 1625 2535; x_wconf 88' lang='lat' dir='ltr'>parte</span> <span class='ocrx_word' id='word_1_323' title='bbox 1657 2483 1882 2524; x_wconf 88' lang='lat' dir='ltr'>testemur.</span> 
     </span>
    </p>

    <p class='ocr_par' dir='ltr' id='par_1_10' title="bbox 201 2544 1973 2665">
     <span class='ocr_line' id='line_1_37' title="bbox 319 2544 1972 2597; baseline 0.002 -11"><span class='ocrx_word' id='word_1_324' title='bbox 319 2544 532 2587; x_wconf 80' lang='lat' dir='ltr'>Votorum</span> <span class='ocrx_word' id='word_1_325' title='bbox 565 2545 748 2587; x_wconf 85' lang='lat' dir='ltr'>uinculis</span> <span class='ocrx_word' id='word_1_326' title='bbox 781 2559 806 2587; x_wconf 90' lang='lat' dir='ltr'>a</span> <span class='ocrx_word' id='word_1_327' title='bbox 838 2559 906 2587; x_wconf 90' lang='lat' dir='ltr'>me</span> <span class='ocrx_word' id='word_1_328' title='bbox 939 2546 1107 2588; x_wconf 90' lang='lat' dir='ltr'>solutus</span> <span class='ocrx_word' id='word_1_329' title='bbox 1140 2548 1208 2588; x_wconf 91' lang='lat' dir='ltr'>est</span> <span class='ocrx_word' id='word_1_330' title='bbox 1235 2546 1293 2589; x_wconf 91' lang='lat' dir='ltr'>M.</span> <span class='ocrx_word' id='word_1_331' title='bbox 1319 2545 1572 2588; x_wconf 84' lang='lat' dir='ltr'>Guilielmus</span> <span class='ocrx_word' id='word_1_332' title='bbox 1594 2544 1885 2597; x_wconf 87' lang='lat' dir='ltr'>Wisbockius,</span> <span class='ocrx_word' id='word_1_333' title='bbox 1921 2546 1972 2589; x_wconf 90' lang='lat' dir='ltr'>de</span> 
     </span>
     <span class='ocr_line' id='line_1_38' title="bbox 201 2609 1973 2665; baseline 0 -13"><span class='ocrx_word' id='word_1_334' title='bbox 201 2624 285 2664; x_wconf 91' lang='lat' dir='ltr'>quo</span> <span class='ocrx_word' id='word_1_335' title='bbox 327 2609 479 2665; x_wconf 89' lang='lat' dir='ltr'>scripsi</span> <span class='ocrx_word' id='word_1_336' title='bbox 521 2609 643 2653; x_wconf 89' lang='lat' dir='ltr'>alias.</span> <span class='ocrx_word' id='word_1_337' title='bbox 707 2610 882 2653; x_wconf 85' lang='lat' dir='ltr'>Fefellit</span> <span class='ocrx_word' id='word_1_338' title='bbox 923 2613 1069 2653; x_wconf 90' lang='lat' dir='ltr'>autem</span> <span class='ocrx_word' id='word_1_339' title='bbox 1110 2613 1307 2653; x_wconf 88' lang='lat' dir='ltr'>nostram</span> <span class='ocrx_word' id='word_1_340' title='bbox 1349 2610 1699 2665; x_wconf 84' lang='lat' dir='ltr'>expectationem</span> <span class='ocrx_word' id='word_1_341' title='bbox 1742 2610 1789 2653; x_wconf 93' lang='lat' dir='ltr'>P.</span> <span class='ocrx_word' id='word_1_342' title='bbox 1831 2610 1973 2653; x_wconf 90' lang='lat' dir='ltr'>Dauid</span> 
     </span>
    </p>
   </div>
   <div class='ocr_carea' id='block_1_8' title="bbox 319 2745 1530 2789">
    <p class='ocr_par' dir='ltr' id='par_1_11' title="bbox 319 2745 1530 2789">
     <span class='ocr_line' id='line_1_39' title="bbox 319 2745 1530 2789; baseline 0 -9"><span class='ocrx_word' id='word_1_343' title='bbox 319 2753 332 2766; x_wconf 67' lang='lat'><em>²</em></span> <span class='ocrx_word' id='word_1_344' title='bbox 358 2745 521 2781; x_wconf 81' lang='lat' dir='ltr'>Victoria</span> <span class='ocrx_word' id='word_1_345' title='bbox 548 2748 593 2780; x_wconf 82' lang='lat' dir='ltr'>A.</span> <span class='ocrx_word' id='word_1_346' title='bbox 691 2746 706 2766; x_wconf 74' lang='lat'>¹³</span> <span class='ocrx_word' id='word_1_347' title='bbox 732 2746 829 2780; x_wconf 88' lang='lat' dir='ltr'>nrbs.</span> <span class='ocrx_word' id='word_1_348' title='bbox 857 2748 915 2789; x_wconf 80' lang='lat' dir='ltr'>A;</span> <span class='ocrx_word' id='word_1_349' title='bbox 944 2746 1047 2781; x_wconf 86' lang='lat' dir='ltr'>nobis</span> <span class='ocrx_word' id='word_1_350' title='bbox 1072 2748 1114 2781; x_wconf 90' lang='lat' dir='ltr'>B.</span> <span class='ocrx_word' id='word_1_351' title='bbox 1213 2753 1224 2767; x_wconf 73' lang='lat'>⁰</span> <span class='ocrx_word' id='word_1_352' title='bbox 1250 2745 1459 2781; x_wconf 84' lang='lat' dir='ltr'>adolessens</span> <span class='ocrx_word' id='word_1_353' title='bbox 1486 2747 1530 2780; x_wconf 80' lang='lat' dir='ltr'>A.</span> 
     </span>
    </p>
   </div>
   <div class='ocr_carea' id='block_1_9' title="bbox 210 2828 742 2832">
    <p class='ocr_par' dir='ltr' id='par_1_12' title="bbox 210 2828 742 2832">
     <span class='ocr_line' id='line_1_40' title="bbox 210 2828 742 2832; baseline 0 0"><span class='ocrx_word' id='word_1_354' title='bbox 210 2828 742 2832; x_wconf 95' lang='lat' dir='ltr'> </span> 
     </span>
    </p>
   </div>
   <div class='ocr_carea' id='block_1_10' title="bbox 198 2878 1967 3189">
    <p class='ocr_par' dir='ltr' id='par_1_13' title="bbox 323 2878 1377 2924">
     <span class='ocr_line' id='line_1_41' title="bbox 323 2878 1377 2924; baseline 0.001 -12"><span class='ocrx_word' id='word_1_355' title='bbox 323 2880 331 2899; x_wconf 93' lang='lat'><em>¹</em></span> <span class='ocrx_word' id='word_1_356' title='bbox 359 2878 435 2912; x_wconf 87' lang='lat' dir='ltr'>Has</span> <span class='ocrx_word' id='word_1_357' title='bbox 462 2878 578 2912; x_wconf 90' lang='lat' dir='ltr'>Lainii</span> <span class='ocrx_word' id='word_1_358' title='bbox 602 2878 744 2913; x_wconf 88' lang='lat' dir='ltr'>litteras</span> <span class='ocrx_word' id='word_1_359' title='bbox 770 2890 840 2912; x_wconf 88' lang='lat' dir='ltr'>non</span> <span class='ocrx_word' id='word_1_360' title='bbox 866 2879 1019 2924; x_wconf 89' lang='lat' dir='ltr'>repperi.</span> <span class='ocrx_word' id='word_1_361' title='bbox 1178 2879 1191 2899; x_wconf 71' lang='lat'>²²</span> <span class='ocrx_word' id='word_1_362' title='bbox 1217 2879 1377 2913; x_wconf 78' lang='lat' dir='ltr'>Hoffaeo.</span> 
     </span>
    </p>

    <p class='ocr_par' dir='ltr' id='par_1_14' title="bbox 321 2931 758 2977">
     <span class='ocr_line' id='line_1_42' title="bbox 321 2931 758 2977; baseline 0 -11"><span class='ocrx_word' id='word_1_363' title='bbox 321 2932 333 2951; x_wconf 79' lang='lat'>³</span> <span class='ocrx_word' id='word_1_364' title='bbox 359 2932 451 2966; x_wconf 86' lang='lat' dir='ltr'>Vide</span> <span class='ocrx_word' id='word_1_365' title='bbox 477 2943 586 2977; x_wconf 87' lang='lat' dir='ltr'>supra</span> <span class='ocrx_word' id='word_1_366' title='bbox 616 2944 649 2977; x_wconf 90' lang='lat' dir='ltr'>p.</span> <span class='ocrx_word' id='word_1_367' title='bbox 677 2931 758 2967; x_wconf 84' lang='lat'>260.</span> 
     </span>
    </p>

    <p class='ocr_par' dir='ltr' id='par_1_15' title="bbox 319 2984 1431 3030">
     <span class='ocr_line' id='line_1_43' title="bbox 319 2984 1431 3030; baseline 0 -11"><span class='ocrx_word' id='word_1_368' title='bbox 319 2986 332 3005; x_wconf 74' lang='lat'>⁴¹</span> <span class='ocrx_word' id='word_1_369' title='bbox 358 2984 581 3030; x_wconf 87' lang='lat' dir='ltr'>Stephanum</span> <span class='ocrx_word' id='word_1_370' title='bbox 606 2985 789 3020; x_wconf 87' lang='lat' dir='ltr'>Liberium</span> <span class='ocrx_word' id='word_1_371' title='bbox 815 2987 852 3019; x_wconf 85' lang='lat' dir='ltr'>et</span> <span class='ocrx_word' id='word_1_372' title='bbox 877 2985 1149 3029; x_wconf 85' lang='lat' dir='ltr'>Sigismundum</span> <span class='ocrx_word' id='word_1_373' title='bbox 1175 2985 1431 3020; x_wconf 86' lang='lat' dir='ltr'>Dominatium.</span> 
     </span>
    </p>

    <p class='ocr_par' dir='ltr' id='par_1_16' title="bbox 320 3038 1046 3084">
     <span class='ocr_line' id='line_1_44' title="bbox 320 3038 1046 3084; baseline 0.001 -12"><span class='ocrx_word' id='word_1_374' title='bbox 320 3039 333 3058; x_wconf 80' lang='lat'><strong>⁵</strong></span> <span class='ocrx_word' id='word_1_375' title='bbox 358 3038 539 3082; x_wconf 54' lang='lat' dir='ltr'>YVagnen</span> <span class='ocrx_word' id='word_1_376' title='bbox 567 3039 613 3072; x_wconf 87' lang='lat' dir='ltr'>cf.</span> <span class='ocrx_word' id='word_1_377' title='bbox 639 3050 749 3084; x_wconf 87' lang='lat' dir='ltr'>supra</span> <span class='ocrx_word' id='word_1_378' title='bbox 775 3050 808 3083; x_wconf 89' lang='lat' dir='ltr'>p.</span> <span class='ocrx_word' id='word_1_379' title='bbox 838 3039 938 3073; x_wconf 83' lang='lat'>192⁵.</span> <span class='ocrx_word' id='word_1_380' title='bbox 965 3038 1046 3073; x_wconf 82' lang='lat'>203.</span> 
     </span>
    </p>

    <p class='ocr_par' dir='ltr' id='par_1_17' title="bbox 198 3089 1967 3189">
     <span class='ocr_line' id='line_1_45' title="bbox 319 3089 1967 3136; baseline -0.001 -11"><span class='ocrx_word' id='word_1_381' title='bbox 319 3091 332 3111; x_wconf 82' lang='lat'><strong><em>⁶</em></strong></span> <span class='ocrx_word' id='word_1_382' title='bbox 358 3091 458 3125; x_wconf 87' lang='lat' dir='ltr'>Haec</span> <span class='ocrx_word' id='word_1_383' title='bbox 483 3092 636 3136; x_wconf 87' lang='lat' dir='ltr'>pecunia</span> <span class='ocrx_word' id='word_1_384' title='bbox 661 3103 682 3126; x_wconf 88' lang='lat' dir='ltr'>a</span> <span class='ocrx_word' id='word_1_385' title='bbox 708 3091 822 3126; x_wconf 83' lang='lat' dir='ltr'>Sociis</span> <span class='ocrx_word' id='word_1_386' title='bbox 847 3091 1005 3126; x_wconf 82' lang='lat' dir='ltr'>romanis</span> <span class='ocrx_word' id='word_1_387' title='bbox 1041 3103 1104 3136; x_wconf 90' lang='lat' dir='ltr'>pro</span> <span class='ocrx_word' id='word_1_388' title='bbox 1131 3091 1245 3126; x_wconf 80' lang='lat' dir='ltr'>Sociis</span> <span class='ocrx_word' id='word_1_389' title='bbox 1271 3090 1385 3126; x_wconf 86' lang='lat' dir='ltr'>Roma</span> <span class='ocrx_word' id='word_1_390' title='bbox 1420 3091 1464 3125; x_wconf 89' lang='lat' dir='ltr'>ad</span> <span class='ocrx_word' id='word_1_391' title='bbox 1501 3090 1691 3134; x_wconf 84' lang='lat' dir='ltr'>collegium</span> <span class='ocrx_word' id='word_1_392' title='bbox 1716 3089 1967 3133; x_wconf 79' lang='lat' dir='ltr'>moguntinum</span> 
     </span>
     <span class='ocr_line' id='line_1_46' title="bbox 198 3142 1304 3189; baseline 0.002 -13"><span class='ocrx_word' id='word_1_393' title='bbox 198 3142 438 3178; x_wconf 88' lang='lat' dir='ltr'>incohandum</span> <span class='ocrx_word' id='word_1_394' title='bbox 464 3143 585 3178; x_wconf 87' lang='lat' dir='ltr'>missis</span> <span class='ocrx_word' id='word_1_395' title='bbox 611 3155 771 3189; x_wconf 81' lang='lat' dir='ltr'>expensa</span> <span class='ocrx_word' id='word_1_396' title='bbox 797 3146 892 3186; x_wconf 86' lang='lat' dir='ltr'>erat;</span> <span class='ocrx_word' id='word_1_397' title='bbox 920 3144 1003 3179; x_wconf 89' lang='lat' dir='ltr'>vide</span> <span class='ocrx_word' id='word_1_398' title='bbox 1028 3156 1138 3189; x_wconf 82' lang='lat' dir='ltr'>supra</span> <span class='ocrx_word' id='word_1_399' title='bbox 1163 3156 1198 3189; x_wconf 82' lang='lat' dir='ltr'>p.</span> <span class='ocrx_word' id='word_1_400' title='bbox 1224 3144 1304 3178; x_wconf 85' lang='grc'><strong>264.</strong></span> 
     </span>
    </p>
   </div>
   <div class='ocr_carea' id='block_1_11' title="bbox 2027 0 2065 666">
    <p class='ocr_par' dir='ltr' id='par_1_18' title="bbox 2027 0 2065 666">
     <span class='ocr_line' id='line_1_47' title="bbox 2027 0 2065 666; baseline 0 2778"><span class='ocrx_word' id='word_1_401' title='bbox 2027 0 2065 666; x_wconf 95' lang='lat' dir='ltr'> </span> 
     </span>
    </p>
   </div>
  </div>
 </body>
</html>
