2093 3444
221 199 303 239 746
653 195 812 228 Monuni.
844 194 1068 238 (tridentina)
1098 194 1176 228 367.
1206 194 1277 237 (15.
1304 194 1396 228 Iunii
1425 195 1541 238 1562.)

217 316 341 366 putat
383 326 477 353 esse
510 326 682 363 verum,
727 312 894 355 scilicet
936 312 1129 366 parvulis
1170 312 1250 353 hoc
1290 316 1609 356 sacramentum
1650 328 1735 356 non
1777 328 1872 356 esse
1903 328 1979 356 ne·

215 377 462 419 cessarium.
527 376 640 418 Nam
673 377 867 420 Christus
911 377 992 427 ait,
1036 376 1316 430 Accipite,
1358 377 1567 419 bibite1
1609 381 1653 420 et
1685 379 1808 428 alibi,
1852 393 1977 421 caro

215 457 315 483 non
358 442 585 495 prodest
628 442 972 495 quicquam2,
1019 442 1093 483 sed
1138 442 1221 483 fide
1266 456 1372 495 opus
1411 443 1509 484 est3
1551 446 1595 486 et
1635 444 1889 497 probatione
1930 446 1978 486 ut

215 507 373 548 Paulus
405 507 519 556 ait4,
555 510 598 549 et
631 507 876 549 adorandus
910 510 977 549 est
1008 506 1051 548 in
1084 506 1366 557 eucharistia,
1407 521 1516 560 quae
1547 522 1631 549 non
1663 511 1845 562 possunt
1877 523 1978 550 con-

214 571 384 621 venire,
427 586 566 624 neque
598 572 814 625 praestari
855 586 880 613 a
921 571 1127 625 parvulis.
1192 571 1395 624 Carthag.
1430 572 1503 614 IV.
1537 572 1579 614 id
1620 573 1891 627 prohibuit5,
1935 577 1979 616 et

213 637 414 680 Lateran.
439 638 517 678 sub
540 637 684 679 Innoc.
709 637 807 679 HL³
838 637 978 679 teneri
1005 651 1099 678 cum
1124 637 1177 678 ad
1201 651 1336 678 annos
1359 636 1629 679 discretionis
1651 639 1931 692 pervenerint
1946 640 1974 681 6.

214 702 271 743 Et
303 701 411 743 alias
443 701 684 755 baptismus
718 716 803 743 non
835 705 951 744 esset
992 701 1282 752 necessariuS,
1327 702 1439 754 quod
1479 702 1638 744 falsum
1671 706 1738 745 est
1753 704 1782 746 7.
1846 703 1976 758 Resp.

214 767 268 808 ad
301 766 496 820 superius
529 767 738 817 adducta,
780 766 966 817 fatetur,
1009 767 1143 808 fuisse
1180 767 1224 808 in
1266 767 1487 820 primitiva
1520 768 1704 810 ecclesia
1734 768 1844 810 hanc
1877 782 1978 810 con-

214 831 498 881 suetudinem,
533 831 609 873 sed
641 846 726 873 non
758 835 990 886 propterea
1022 846 1118 874 esse
1151 832 1202 873 de
1230 832 1325 886 jure
1359 831 1525 882 divino,
1560 833 1660 885 quia
1692 847 1776 875 non
1808 833 1852 875 in
1883 833 1978 875 uni-

213 896 396 947 versali,
439 897 513 938 sed
546 896 589 937 in
622 897 875 950 particulari
908 897 1091 939 ecclesia
1132 900 1239 939 erat.
1304 897 1370 938 Ad
1402 897 1694 951 Augustinum
1727 898 1979 952 responditb

212 961 397 1014 intelligi
431 962 482 1003 de
514 961 729 1016 spirituali
760 962 1092 1005 manducatione
1124 962 1166 1003 in
1198 962 1412 1016 baptismo
1444 976 1522 1016 per
1552 963 1678 1005 fidem
1712 963 1880 1006 Christo
1912 963 1977 1005 in-

214 1026 508 1081 corporane&
542 1027 672 1069 item<l
704 1028 937 1070 manducat
963 1027 1006 1069 in
1033 1042 1106 1069 ore
1133 1028 1418 1078 sacerdotum,
1453 1027 1536 1081 qui,
1571 1030 1619 1070 ut
1645 1028 1978 1082 Chrysostomus

334 1174 347 1189 ³1
376 1168 623 1211 Supplendnm
647 1169 743 1210 fere:
768 1167 907 1208 statuit,
934 1167 1058 1201 fideles
1084 1168 1126 1201 ad
1155 1167 1409 1201 eucharistiam
1435 1168 1711 1213 suscipiendam.

335 1222 348 1241 ¹³
376 1222 527 1265 Snpple:
562 1221 610 1255 Io.
638 1220 698 1254 Vi.
726 1220 804 1254 Nisi
840 1220 1145 1254 manducaveritis
1181 1224 1246 1255 etc.
1284 1221 1327 1255 ab
1355 1233 1419 1263 eo,·
1455 1233 1537 1254 nam
1572 1234 1594 1255 (ι
1624 1223 1659 1256 C.
1688 1224 1762 1266 ipso
1789 1234 1826 1255 ea
1853 1234 1900 1257 vv.
1937 1224 1979 1257 de

219 1276 450 1308 eucharistica
479 1276 749 1307 manducatione
777 1275 947 1307 Intellecta
973 1285 1053 1317 esse,
1081 1279 1235 1307 extrema
1261 1275 1368 1307 laetius
1395 1276 1569 1308 orationis
1588 1287 1679 1319 pars
1706 1278 1862 1310 ostendit.

338 1334 349 1349 ⁶
374 1327 594 1372 incorporari
624 1328 686 1361 Th.
785 1328 800 1347 ‘¹
828 1328 977 1371 supple:
1002 1327 1176 1372 parvulus
1204 1339 1346 1361 carnem
1375 1327 1520 1362 Christi.

214 1462 266 1496 ed.
294 1463 397 1496 Paul.
426 1463 621 1497 IIe'nscleins
649 1462 803 1507 [Lipsiae
826 1462 928 1505 1863]
957 1462 1226 1507 p.301—306)‚
1253 1474 1474 1497 can.LXXV1.
1505 1462 1628 1505 (etiam
1653 1463 1689 1496 in
1716 1462 1852 1508 Corpus
1877 1465 1978 1497 Iuris

214 1517 395 1558 eunom-2,
431 1515 571 1549 Decret.
599 1516 663 1556 26,
691 1527 724 1559 q.
752 1516 791 1555 6,
819 1527 848 1549 c.
876 1516 916 1557 8,
949 1516 1077 1559 relato)
1106 1516 1194 1550 haec
1220 1518 1323 1550 sunt:
1363 1516 1418 1558 „Is
1445 1516 1504 1560 qui
1530 1515 1787 1560 poenitentiam
1812 1516 1848 1550 in
1882 1516 1977 1550 infir-

213 1569 338 1602 mitate
364 1569 502 1613 positus
528 1570 628 1613 petit,
655 1568 686 1602 si
712 1580 808 1608 casu,
836 1569 919 1602 dum
945 1569 989 1603 ad
1017 1580 1097 1602 euin
1123 1569 1291 1603 sacerdos
1317 1569 1493 1603 invitatus
1518 1570 1638 1610 venit,
1665 1581 1857 1614 oppressus
1883 1570 1977 1604 infir-

213 1622 339 1656 mitate
366 1622 583 1656 obmutuerit
609 1621 666 1655 vel
693 1621 729 1655 in
755 1622 959 1666 phrenesim
986 1634 1113 1657 versus
1140 1623 1266 1663 fuerit,
1306 1623 1391 1656 dent
1416 1622 1659 1656 testimonium
1687 1623 1748 1667 qui
1774 1635 1855 1657 eum
1881 1623 1977 1657 audi-

212 1678 317 1709 erunt
343 1678 378 1709 et
404 1675 559 1720 accipiat
584 1675 860 1720 poenitentiam;
896 1678 933 1709 et
958 1676 988 1709 si
1015 1676 1181 1710 continuo
1208 1676 1365 1710 creditur
1391 1676 1605 1717 moriturus,
1640 1677 1890 1710 reconcilietur
1915 1689 1978 1721 per

213 1740 339 1763 manus
364 1729 625 1773 impositionem
653 1732 689 1762 et
718 1728 928 1763 infundatur
962 1729 1013 1763 ori
1049 1729 1125 1763 eius
1162 1729 1390 1763 eucharistia.
1441 1729 1477 1763 Si
1511 1729 1773 1774 supervixerit“
1813 1732 1880 1764 etc.
1910 1729 1977 1774 (ita

213 1783 406 1816 Hinsehins
432 1782 453 1816 l.
482 1794 510 1816 c.
546 1794 578 1826 p.
607 1782 686 1816 305.
738 1782 872 1816 Eadem
908 1782 982 1816 fere
1017 1785 1103 1816 sunt
1137 1783 1231 1827 apud
1258 1784 1379 1817 Mansa·
1404 1783 1426 1817 l.
1454 1795 1482 1817 c.
1510 1783 1577 1824 IH,
1615 1783 1711 1826 957).
1762 1784 1801 1817 In
1837 1783 1977 1817 concilii

212 1838 333 1869 autem
364 1836 524 1869 Toletani
548 1837 635 1879 XL,
663 1847 693 1869 a.
722 1836 788 1869 675
816 1835 947 1877 habiti,
975 1847 1051 1870 can.
1081 1837 1120 1870 11
1149 1836 1238 1870 haec
1264 1838 1367 1870 sunt:
1408 1834 1648 1880 „Quicumque
1675 1848 1759 1880 ergo
1784 1836 1901 1870 fidelis
1927 1836 1977 1870 in-

213 1888 374 1923 evitabili
401 1888 561 1932 qualibet
586 1888 795 1922 infirmitate
822 1891 986 1929 coactus,
1015 1889 1268 1923 eucharistiam
1295 1892 1500 1934 perceptam
1527 1889 1706 1934 rejecerit,
1738 1890 1774 1923 in
1799 1889 1896 1923 nullo
1923 1901 1977 1924 ec-

212 1941 436 1976 clesiasticae
462 1941 681 1975 damnationi
707 1941 904 1986 subjaceat.
957 1942 1128 1976 Similiter
1153 1954 1219 1976 nec
1244 1942 1326 1976 illos
1352 1943 1564 1987 cujusquam
1596 1942 1791 1987 punitionis
1826 1954 1978 1977 censura

211 1995 422 2038 redarguet,
459 1995 519 2038 qui
553 1994 641 2028 talia
676 1996 835 2040 tempore
867 1995 1040 2029 infantiae
1075 1995 1231 2036 faciunt,
1271 1996 1394 2029 autin
1421 1995 1581 2039 qualibet
1606 1996 1737 2030 mentis
1763 1996 1977 2030 alienatione

212 2049 330 2093 posit-i,
358 2048 442 2092 quid
470 2048 623 2082 fecerint
648 2048 814 2092 ignorare
840 2048 1028 2082 videntur*
1062 2049 1200 2091 (Manset
1225 2048 1247 2082 1.
1276 2060 1304 2082 c.
1332 2048 1391 2089 XI,
1422 2049 1517 2092 144).
1553 2049 1606 2082 De
1631 2060 1734 2083 sacra
1760 2049 1977 2083 eucharistia

209 2101 408 2135 infantibus
435 2104 471 2135 et
496 2102 645 2135 rationis
671 2113 739 2135 usu
765 2101 951 2135 destitutis
977 2101 1061 2135 olim
1089 2102 1250 2146 praeberi
1269 2101 1375 2135 solita
1393 2101 1538 2146 scripsit
1556 2104 1623 2136 Ιιιῑ.
1647 2103 1791 2146 Corblet,
1818 2102 1976 2137 Histoire

211 2155 257 2189 du
283 2154 490 2189 Sacrement
518 2155 560 2188 de
586 2154 839 2188 l'Eucharistie
866 2155 880 2188 1
909 2155 1028 2197 (Paris
1057 2155 1176 2197 1885),
1204 2155 1401 2189 304—309.
1428 2155 1627 2190 336-338.

334 2209 343 2228 ¹
369 2208 498 2242 Matth.
526 2208 581 2249 26,
609 2208 665 2242 26.
692 2208 747 2242 27.
783 2208 868 2242 Luc.
896 2209 952 2247 22,
982 2209 1034 2242 17.
1072 2209 1088 2243 1
1119 2208 1196 2242 Cor.
1227 2209 1280 2249 11,
1306 2209 1363 2243 24.

329 2261 342 2281 ’-’
367 2261 415 2295 Io.
443 2262 474 2302 6,
502 2261 558 2295 64.
658 2262 670 2281 3
696 2261 750 2296 Cf.
777 2262 825 2295 10.
853 2262 884 2301 6,
913 2262 1063 2296 61—70.
1162 2264 1174 2282 ⁴¹
1202 2261 1256 2295 Cf.
1285 2263 1300 2295 1
1331 2261 1409 2296 Cor.
1440 2262 1492 2302 11,
1520 2261 1576 2296 28.

331 2315 343 2334 5
368 2314 503 2358 Neque,
537 2314 630 2358 quod
657 2326 697 2348 eo
724 2317 884 2359 tempore
915 2315 1123 2356 „concilium
1151 2315 1427 2358 carthaginense
1454 2315 1534 2349 IV.“
1566 2315 1750 2349 dicebatur
1780 2315 1829 2359 (v.
1855 2326 1975 2360 supra,

210 2379 243 2411 p.
264 2368 342 2408 745,
369 2368 450 2401 adn.
468 2369 517 2410 4),
544 2379 660 2411 neque
680 2368 773 2411 quod
791 2379 875 2402 vere
894 2368 955 2403 IV.
981 2370 1058 2402 erat
1079 2368 1125 2412 (a.
1145 2368 1243 2411 399),
1269 2368 1304 2402 id
1323 2367 1547 2413 prohibuisse
1565 2368 1751 2409 videntur;
1779 2369 1824 2402 cf.
1844 2370 1974 2413 Hefele,

211 2420 608 2464 Conciliengeschichte
635 2421 677 2461 Π,
705 2421 857 2455 68—77.

329 2474 341 2494 θ
366 2474 407 2507 ln
434 2474 576 2508 decreto
604 2473 698 2509 XXI.
727 2474 868 2508 concilii
894 2474 1132 2509 lateranensis
1159 2474 1218 2508 IV.
1246 2474 1324 2508 sive
1350 2475 1478 2519 synodi
1504 2475 1684 2518 generalis
1710 2475 1787 2510 XII.
1824 2487 1854 2510 a.
1884 2476 1973 2510 1215

210 2527 353 2561 habitae
380 2527 620 2569 constituitur,
647 2530 688 2561 ut
710 2529 844 2569 „omnis
862 2528 1050 2572 utriusque
1069 2539 1178 2562 sexus
1196 2527 1322 2569 fidelis,
1350 2530 1539 2572 postquam
1558 2528 1602 2562 ad
1620 2540 1731 2563 annos
1750 2528 1975 2563 discretionis

210 2580 448 2625 pei·venerit“,
475 2580 604 2614 saltem
632 2581 743 2614 semel
769 2581 922 2624 singulis
948 2581 1051 2615 annis
1077 2584 1226 2625 peccata
1253 2581 1483 2623 confiteatur,
1524 2582 1741 2626 „suscipiens
1768 2584 1976 2616 reverenter

211 2634 254 2667 ad
281 2633 398 2667 minus
425 2634 461 2667 in
488 2634 630 2668 Pascha
656 2633 896 2668 eucharistiae
922 2635 1209 2668 sacramentum²
1242 2634 1381 2677 (Mcmsc'
1405 2633 1427 2668 l.
1455 2646 1484 2668 c.
1511 2634 1622 2676 XXII,
1653 2635 1915 2678 1007—1009).

331 2688 342 2707 ⁷
370 2687 535 2721 Canisius
561 2687 614 2721 sic
639 2688 714 2721 fere
742 2687 891 2721 dixerit:
919 2687 1166 2729 Eucharistia,
1193 2687 1224 2721 si
1251 2689 1348 2721 esset
1372 2687 1475 2731 panis
1502 2687 1599 2721 vitae
1624 2687 1786 2732 parvulis
1812 2699 1974 2722 necessa-

210 2740 305 2781 rius,
342 2740 487 2781 iisdem,
524 2740 607 2784 quia
633 2740 789 2783 gratiam
815 2740 926 2774 semel
952 2742 1137 2785 acceptam
1163 2740 1200 2774 in
1226 2752 1268 2775 ea
1294 2743 1412 2774 aetate
1439 2741 1605 2775 amittere
1630 2753 1700 2775 non
1725 2744 1893 2786 possunt,
1929 2741 1973 2775 ad

210 2794 325 2838 ipsam
360 2794 474 2827 vitam
500 2794 639 2837 gratiae
664 2794 820 2838 primum
855 2793 1119 2838 accipiendam,
1155 2793 1232 2828 sive
1269 2794 1312 2828 ad
1347 2794 1498 2839 primam
1532 2794 1839 2836 justificationem,
1867 2805 1973 2838 quam

210 2848 359 2887 vocant,
398 2846 604 2880 necessaria
631 2849 738 2881 esset.
790 2845 888 2888 Quae
915 2847 991 2881 vita
1017 2846 1048 2881 si
1074 2859 1137 2892 per
1163 2847 1418 2881 eucharistiam
1443 2847 1488 2881 iis
1513 2847 1749 2889 tribueretur,
1784 2847 1855 2881 iam
1892 2847 1973 2892 bap-

210 2900 340 2934 tismus
367 2911 437 2933 non
463 2902 561 2934 esset
586 2900 822 2935 necessarius.

328 2953 341 2973 S
366 2955 588 2996 Azayusta'nns
622 2953 659 2987 in
694 2953 804 2987 verba
839 2953 901 2987 illa
936 2953 983 2987 lo.
1020 2954 1060 2994 6,
1099 2954 1164 2987 54:
1214 2952 1311 2995 „Nisi
1345 2953 1671 2987 manducaveritis“
1711 2955 1798 2988 eta:
1848 2952 1973 2996 „Hunc

210 3006 330 3049 itaque
357 3006 474 3040 cibum
509 3008 544 3040 et
578 3009 701 3051 potum
736 3006 946 3040 societatem
980 3006 1060 3040 vult
1093 3006 1248 3050 intelligi
1282 3006 1439 3051 corporis
1474 3009 1510 3040 et
1543 3006 1782 3040 membrorum
1816 3017 1973 3047 suorum,

209 3059 301 3102 quod
328 3062 384 3093 est
408 3061 533 3093 sancta
550 3058 713 3093 Ecclesia
739 3060 775 3093 in
800 3059 1077 3104 praedestinatis
1113 3062 1149 3093 et
1183 3060 1339 3100 vocatis,
1375 3061 1411 3093 et
1440 3059 1668 3104 justificatis,
1704 3061 1740 3093 et
1765 3058 1974 3103 glorificatis

210 3111 356 3152 sanctis,
383 3114 417 3145 et
444 3112 609 3146 fidelibus
636 3112 757 3157 ejus“:
785 3113 824 3146 In
851 3112 972 3147 Ioann.
1000 3115 1103 3147 tract.
1132 3113 1187 3152 26,
1215 3124 1243 3147 c.
1273 3113 1303 3153 6,
1330 3124 1364 3147 n.
1394 3113 1436 3146 15
1466 3112 1615 3157 (Miyne,
1640 3112 1710 3146 ΡΡ.
1738 3112 1806 3146 LL.
1825 3111 1970 3153 XXXV,

213 3164 329 3208 1614).
382 3165 434 3198 Cf.
461 3166 566 3198 etiam
596 3167 832 3208 Azcynstimcm
860 3166 902 3199 de
927 3169 1156 3210 peccatorum
1182 3165 1320 3200 meritis
1345 3168 1381 3199 et
1405 3165 1614 3199 remissione
1639 3165 1661 3199 1.
1689 3165 1728 3207 3,
1755 3177 1784 3200 c.
1810 3166 1851 3208 4,
1877 3177 1910 3199 n.
1938 3164 1970 3199 8-
