2093 3444
140 303 228 337 1562

130 489 241 530 1562

144 769 234 804 1562

145 931 235 966 1562

148 1092 237 1127 1562

148 1200 238 1235 1562

150 1361 240 1396 1562

152 1576 242 1610 1562

155 1684 243 1718 1562

157 1844 245 1879 1562

160 2061 249 2095 1562

162 2222 252 2256 1562

162 2329 252 2364 1562

164 2489 254 2523 1562

165 2597 255 2632 1562

169 2810 258 2845 1562

170 2971 261 3005 1562

326 493 328 543 ζ
346 501 400 529 111.
420 486 510 530 Ι311.
534 487 605 528 vel
627 487 692 528 in-

327 545 328 566 ³
378 556 507 595 eunte
540 553 664 596 Febr.

436 301 510 336 Ian.
538 302 594 337 29.

441 768 544 802 Febr.

441 929 544 964 Febr.

443 1090 546 1125 Febr.

444 1198 548 1233 Febr.

436 1359 538 1394 Febr.

438 1575 540 1610 Febr.

439 1683 543 1718 Febr.

441 1843 545 1878 Febr.

444 2059 547 2093 Febr.

446 2220 549 2254 Febr.

447 2327 550 2362 Febr.

449 2489 552 2523 Febr.

451 2596 553 2631 Febr.

453 2810 556 2844 Febr.

455 2971 558 3005 Febr.

574 769 604 802 1.

572 929 603 963 {0

568 1360 622 1393 11.

571 1575 623 1609 13.

573 1683 626 1717 15.

576 1843 628 1877 16.

578 2059 631 2092 17.

580 2219 631 2253 18.

580 2327 634 2361 19.

579 2488 636 2522 20.

581 2595 637 2629 22.

584 2809 640 2843 23.

585 2969 641 3003 24.

607 180 695 214 1561
723 179 809 214 Dec.
841 180 893 215 17.
920 200 966 204 --
995 181 1086 216 1562
1112 181 1215 216 Febr.
1243 182 1300 217 24.

1747 198 1838 226 XLV

727 302 938 337 Tridentum
965 304 1010 338 ad
1037 304 1186 339 Hosium
1214 317 1307 340 nova
1334 318 1379 339 ex
1399 305 1602 347 Germania,
1630 307 1730 341 Petri
1747 307 1842 341 Mar·

786 357 880 402 tyris
903 357 1149 402 „Dialogu1n“,
1177 359 1267 393 alios
1293 359 1434 394 libellos
1454 359 1643 404 [„Preces“
1675 372 1695 394 3
1712 372 1752 395 se
1771 360 1842 395 edi-

788 410 886 454 1332]
915 411 1026 445 mittit
1054 411 1168 455 (360).

729 488 907 530 Concilii
939 489 1076 543 legati
1099 490 1350 541 decernunt,
1384 492 1433 532 ut
1456 503 1511 531 ex
1533 490 1643 532 libro
1665 504 1842 544 precum

789 568 815 596 a
848 554 1018 597 Canisio
1061 556 1322 598 selectarum
1365 554 1511 608 aliqua
1552 555 1716 597 litaniis
1749 555 1842 597 Tri-

790 619 908 661 denti
947 634 1026 675 per
1058 620 1447 674 Quadragesimam
1481 620 1690 663 habendis
1727 620 1843 662 inse-

789 687 944 727 rantur
976 685 1115 739 (375).

731 767 831 802 Dom.
869 768 999 812 Sexag.
1037 769 1204 804 Canisius
1242 770 1279 804 in
1314 769 1468 804 ecclesia
1503 769 1721 811 cathedrali,
1761 768 1845 813 quid

792 822 987 856 secundum
1015 826 1249 868 praeceptum
1275 823 1468 867 Decalogi,
1504 823 1590 868 quid
1618 822 1847 866 evangelium

792 875 859 908 diei
888 876 1145 920 praescribant,
1173 877 1260 911 dicit
1289 877 1404 921 (617).

713 927 839 962 ,Festo
875 929 1057 964 Purificat.
1091 930 1130 965 B.
1158 930 1206 965 M.
1233 931 1277 965 V.
1312 931 1444 965 ibidem
1481 931 1523 965 de
1558 941 1664 964 sacra
1697 929 1847 973 liturgia

793 981 870 1016 eius
896 982 966 1017 diei
992 983 1079 1017 dicit
1108 986 1144 1018 et
1166 984 1365 1018 Rauscheri
1391 984 1523 1019 librum
1550 983 1724 1026 „Centum
1751 995 1846 1017 men-

794 1035 975 1070 daciorum
1002 1037 1279 1082 papisticoi·um“
1310 1037 1448 1072 refutat
1474 1037 1589 1082 (635).

735 1088 834 1123 Dom.
855 1088 1058 1134 Quinquag.
1076 1090 1208 1125 ibidem
1235 1103 1280 1125 ex
1307 1091 1496 1135 evangelio
1515 1091 1585 1125 diei
1604 1092 1728 1125 contra
1745 1090 1848 1124 luxu-

793 1142 929 1178 riantes
955 1143 991 1178 in
1018 1143 1269 1179 Saturnalibus
1296 1145 1383 1179 dicit
1411 1144 1526 1188 (622).

716 1197 946 1239 ¹Tridentum
973 1198 1017 1232 ad
1044 1198 1195 1233 Hosium
1220 1210 1315 1232 nova
1341 1211 1385 1233 ex
1413 1198 1623 1239 Germania,
1650 1197 1850 1232 Rauscheri

801 1250 973 1293 „Centum
1000 1252 1186 1286 mendacia
1212 1252 1425 1297 papistica“,
1462 1251 1752 1294 „Confessionem
1779 1251 1851 1285 bel-

797 1304 935 1348 gicam“
963 1305 1076 1340 mittit
1105 1305 1218 1349 (371).

718 1353 776 1392 'bl
803 1357 865 1392 IV.
898 1357 1065 1393 Cinerum
1101 1359 1137 1393 in
1173 1359 1326 1394 ecclesia
1353 1359 1387 1393 S.
1415 1358 1558 1393 Ioannis
1590 1358 1772 1393 auditores
1807 1370 1852 1392 ex

799 1412 987 1455 evangelio
1023 1413 1320 1457 caerimoniisque
1356 1412 1424 1447 diei
1464 1413 1508 1446 ad
1542 1412 1676 1446 ieiunia
1711 1411 1853 1456 aliaque

798 1465 1040 1510 paenitentiae
1066 1478 1174 1512 opera
1200 1479 1263 1512 per
1281 1465 1603 1510 Quadragesimam
1623 1465 1853 1510 suscipienda

799 1519 964 1553 hortatur
991 1520 1106 1564 (650).

741 1573 778 1607 F.
805 1573 866 1607 VI.
894 1573 1024 1607 ibidem
1056 1574 1098 1608 de
1134 1573 1286 1619 epistola
1319 1576 1355 1608 et
1381 1572 1571 1617 evangelio
1598 1572 1667 1606 diei
1695 1573 1782 1607 dicit
1808 1575 1853 1614 et,

801 1638 891 1671 quae
918 1627 960 1661 de
978 1630 1140 1662 extremo
1157 1627 1288 1662 iudicio
1307 1627 1459 1669 dixerat,
1485 1627 1618 1671 repetit
1638 1627 1735 1668 (618.
1754 1627 1852 1669 622).

741 1681 843 1715 Dom.
865 1681 892 1715 I.
919 1679 1098 1725 Quadrag.
1126 1681 1161 1715 in
1188 1681 1342 1716 ecclesia
1369 1680 1568 1715 cathedrali
1595 1692 1640 1714 ex
1666 1680 1855 1724 evangelio

802 1734 871 1769 diei
897 1735 1018 1769 ieiunii
1036 1737 1270 1780 praeceptum
1288 1736 1413 1769 contra
1431 1735 1676 1779 protestantes
1695 1733 1856 1767 defendit

804 1791 840 1822 et
866 1788 1092 1823 commendat
1120 1788 1216 1833 (616.
1244 1787 1343 1833 627).

745 1843 782 1877 F.
803 1842 848 1876 11.
875 1842 910 1876 in
936 1841 1070 1887 templo
1090 1842 1124 1877 S.
1143 1842 1287 1877 Ioannis
1313 1842 1355 1876 de
1383 1843 1545 1876 extremo
1571 1841 1701 1875 iudicio
1729 1852 1747 1874 e
1774 1852 1856 1884 sug-

726 1912 727 1938 1
805 1898 911 1940 gestu
935 1896 1125 1939 disserens,
1151 1897 1323 1931 bonorum
1351 1907 1499 1941 operum
1524 1894 1780 1929 necessitatem
1799 1893 1857 1928 ad-

805 1961 934 1984 versus
959 1951 1203 1995 protestantes
1229 1949 1389 1984 ostendit
1414 1951 1450 1983 et
1474 1948 1632 1983 maxime
1657 1947 1857 1982 misericor-

807 2003 885 2038 diae
911 2015 1020 2048 opera
1045 2004 1272 2038 commendat
1300 2003 1396 2047 (618.
1425 2002 1522 2046 622).

728 2062 729 2069 ¹
748 2058 784 2092 F.
804 2058 867 2092 111.
885 2057 973 2091 hora
991 2057 1022 2091 2.
1042 2059 1124 2102 post
1140 2057 1326 2091 meridiem
1351 2056 1493 2097 ibidem,
1522 2067 1629 2100 quam
1656 2054 1859 2089 necessaria

778 2106 856 2145 *sit
893 2110 1102 2145 catechismi
1141 2110 1355 2156 explicatio,
1398 2109 1483 2154 quid
1521 2109 1570 2143 sit
1605 2109 1732 2150 homo,
1776 2108 1861 2152 quid

808 2164 1037 2205 christianus,
1064 2164 1157 2208 quod
1184 2164 1261 2198 eius
1287 2164 1441 2207 signum,
1468 2162 1616 2208 exponit
1645 2162 1741 2206 (624.
1761 2162 1859 2205 627).

730 2218 786 2252 'F.
807 2218 868 2253 IV.
888 2218 1019 2252 ibidem
1046 2218 1089 2252 de
1116 2217 1304 2262 evangelio
1331 2217 1400 2251 diei
1428 2218 1464 2251 et
1490 2216 1532 2250 de
1559 2215 1713 2250 extremi
1738 2215 1861 2249 iudicii

807 2274 969 2316 tempore
995 2273 1031 2305 et
1056 2271 1133 2305 loco
1160 2270 1247 2305 dicit
1276 2270 1373 2315 (618.
1398 2270 1498 2314 622).

731 2316 787 2359 ³F.
814 2325 858 2359 V.
885 2325 973 2359 hora
999 2325 1031 2359 2.
1059 2337 1092 2370 p.
1120 2336 1206 2358 mer.
1237 2324 1281 2358 ad
1308 2324 1342 2358 S.
1370 2324 1514 2358 Ioannis
1540 2323 1740 2357 contionem
1769 2323 1862 2356 cate-

810 2378 987 2413 cheticam
1014 2379 1056 2413 de
1082 2377 1237 2424 symboli
1269 2377 1456 2423 apostolici
1482 2376 1667 2420 gravitate
1693 2377 1862 2419 rectoque

810 2444 878 2467 usu
904 2432 1014 2466 habet
1042 2432 1156 2476 (627).

733 2492 735 2531 ξ
753 2486 789 2520 F.
808 2486 869 2520 VI.
896 2486 1029 2520 ibidem
1054 2486 1098 2520 de
1124 2485 1274 2519 mortuis
1301 2486 1336 2519 in
1357 2486 1518 2519 extremo
1538 2483 1668 2518 iudicio
1685 2493 1864 2517 resurrec-

733 2535 735 2541 ‘
811 2539 903 2574 turis
930 2539 1017 2573 dicit
1045 2538 1140 2582 (618.
1169 2539 1267 2581 622).

734 2593 854 2632 ⁵Dom.
882 2592 925 2626 H.
953 2591 1134 2636 Quadrag.
1160 2591 1197 2626 in
1228 2590 1379 2626 ecclesia
1407 2589 1605 2625 cathedrali
1637 2588 1866 2632 evangelium

813 2646 884 2680 diei
910 2646 1058 2691 exponit
1084 2648 1120 2680 et
1147 2645 1205 2690 [ad
1226 2645 1423 2680 secundum
1441 2644 1673 2689 praeceptum
1694 2641 1867 2686 Decalogi

815 2699 1083 2745 explicandum]
1110 2699 1357 2733 iusiurandum
1385 2698 1524 2732 licitum
1551 2699 1587 2731 et
1604 2696 1692 2730 utile
1711 2707 1790 2729 esse
1809 2695 1867 2729 de-

814 2755 994 2787 monstrat
1022 2752 1137 2797 (621).

757 2808 794 2842 F.
806 2807 851 2842 11.
865 2807 902 2840 111
915 2807 1050 2852 templo
1065 2806 1099 2841 S.
1112 2806 1255 2840 Ioannis
1271 2805 1313 2839 de
1329 2804 1518 2848 evangelio
1533 2803 1603 2837 diei
1617 2804 1653 2837 et
1668 2802 1710 2836 de
1727 2801 1868 2835 Christo

817 2872 896 2895 cum
916 2860 956 2894 B.
974 2860 1022 2894 M.
1042 2860 1087 2895 V.
1114 2862 1150 2894 et
1175 2859 1314 2902 angelis
1341 2858 1386 2892 ad
1411 2857 1583 2892 iudicium
1609 2858 1762 2890 venturo
1789 2866 1868 2888 con-

815 2914 976 2949 tionatur
1004 2913 1100 2957 (618.
1127 2913 1226 2956 622).

759 2969 795 3003 F.
822 2967 884 3002 111.
912 2966 962 3011 [in
997 2967 1084 3001 aede
1116 2964 1316 3009 maxima‘R]
1352 2964 1408 2998 die
1435 2963 1468 2998 S.
1495 2963 1656 2997 Mathiae
1690 2973 1795 2996 mane
1828 2960 1871 2994 de

822 3020 1031 3065 „comitibus
1051 3019 1261 3054 iuramenti“
1286 3020 1322 3052 et
1339 3018 1382 3052 de
1400 3017 1560 3051 Mathiae
1579 3015 1753 3050 electione
1774 3013 1870 3055 dicit,

818 3076 901 3120 post
926 3074 1110 3108 meridiem
1136 3072 1173 3106 in
1198 3071 1333 3117 templo
1360 3070 1394 3105 S.
1417 3070 1562 3104 Ioannis
1588 3069 1789 3103 contionem
1816 3078 1872 3102 ca-

818 3127 1035 3162 techeticam
1061 3126 1103 3160 de
1130 3125 1328 3160 rationibus
1354 3124 1437 3158 fidei
1461 3123 1660 3158 catholicae
1678 3122 1872 3156 veritatem

820 3180 1115 3216 confirmantibus
1140 3179 1248 3213 habet
1278 3179 1373 3223 (617.
1401 3178 1499 3220 627).
