2093 3444
183 168 236 209 56
394 164 473 198 522.
508 163 673 198 Canisius
699 164 822 198 Ioanni
850 164 893 198 de
918 164 1091 199 Victoria.
1130 166 1224 210 Aug.
1251 166 1392 202 Vindel.
1422 169 1476 203 19.
1503 168 1604 204 Febr.
1635 170 1736 205 1561.

1005 282 1135 324 522.

633 374 687 421 Ρ.
728 375 1079 423 HURTADUS
1120 376 1321 424 PEREZ
1361 376 1409 424 S.
1450 378 1497 425 J.

882 468 1054 510 nomine
1087 454 1245 511 Canisii

527 561 590 602 P.
624 561 884 604 IOANNI
915 561 1013 603 DE
1047 561 1407 605 VICTORIA
1442 563 1497 607 S.
1531 564 1606 618 J.9

757 642 888 677 rectori
915 642 1058 686 collegii
1085 643 1375 679 vindobonensis.

625 723 794 770 Augusta
820 723 1095 760 vindelicorum
1122 724 1169 760 19.
1197 724 1391 761 Februarii
1417 726 1503 762 1561.

301 800 355 835 Ex
383 802 558 834 Victoriae
583 800 715 835 litteris
741 801 986 846 autographis.
1039 801 1122 836 Cod.
1155 802 1216 844 ,G.
1246 803 1308 848 Ep.
1336 803 1387 837 11“
1420 805 1443 838 f.
1474 805 1664 840 162—2021.

302 874 429 907 Soeins
454 873 586 916 aliquis·
613 873 769 915 Primam
797 874 994 907 mittendus.
1051 874 1272 917 Curandum,
1299 880 1337 907 *ut
1361 876 1498 918 fratres
1523 877 1722 911 scholastici
1747 879 1953 922 diliyeiiti‘us

182 927 361 960 rhetorica
387 927 601 968 formentur,
628 930 657 958 et
687 930 720 958 ul
747 927 884 959 litterae
911 928 1185 969 quadrimestres
1210 929 1335 961 melius
1361 930 1643 964 conscribantm·.

302 1010 484 1051 Victoria
504 1010 661 1051 Lcii'izi'o
678 1008 926 1050 Vindobona
947 1012 1017 1052 23.
1039 1010 1160 1052 Febr.
1181 1013 1292 1053 1561
1314 1012 1426 1066 haec,
1449 1018 1617 1068 praeter
1636 1015 1737 1061 aleta,
1760 1016 1953 1069 scripsit:

307 1076 497 1127 „Quanto
540 1076 582 1115 al
622 1076 810 1116 mandor
855 1075 900 1115 det
942 1090 1024 1130 (sicce
1068 1077 1126 1116 tal
1164 1090 1348 1130 persona
1394 1079 1530 1132 quadie
1574 1080 1611 1119 si
1653 1079 1860 1134 (le-sydera
1906 1082 1952 1122 iu

179 1155 317 1196 pressa
344 1156 424 1196 pei·
456 1141 604 1181 adesso
648 1142 685 1181 io
728 1155 807 1182 non
845 1142 942 1181 cedo
985 1146 1092 1182 certo
1127 1143 1307 1183 remedio
1350 1144 1373 1183 ὰ
1410 1158 1490 1185 non
1532 1145 1641 1185 voler
1679 1146 1842 1199 coprire
1873 1160 1952 1187 vno

182 1209 317 1249 altare
351 1207 626 1260 (le'seopremlo
661 1207 689 1247 il
722 1207 851 1256 altro,
892 1207 971 1247 imo
1006 1207 1075 1247 dio
1108 1221 1155 1247 sa
1190 1213 1344 1262 qusento
1377 1209 1553 1250 Izauemo
1586 1209 1758 1265 besoyno
1790 1211 1882 1263 woi,
1917 1215 1953 1252 et

176 1287 264 1326 pur
296 1273 352 1313 (la
387 1274 517 1313 niuno
550 1286 632 1326 (sua
666 1274 703 1313 si
736 1272 868 1323 crede,
903 1273 1074 1326 quando
1103 1272 1240 1324 fanno
1263 1279 1376 1314 conto
1411 1275 1453 1314 (Γ
1479 1276 1505 1315 il
1539 1289 1710 1316 numero
1742 1275 1788 1316 dt
1819 1277 1953 1318 nostri

181 1338 253 1379 elie
284 1338 459 1379 liaucmo
493 1352 598 1392 qua,
644 1342 676 1377 et
719 1351 798 1377 nov
840 1338 876 1377 si?
904 1352 1035 1392 passa
1063 1339 1143 1392 pize
1188 1340 1346 1381 [mavei.
1411 1339 1479 1380 ΗΟ
1522 1341 1698 1395 risposto
1740 1355 1867 1396 sopra
1907 1341 1953 1382 cli

181 1409 320 1459 questo
362 1405 385 1443 ὰ
422 1403 608 1444 Moeso-0
642 1402 842 1443 Hurtado
885 1403 955 1443 elic
997 1404 1053 1443 mi
1093 1405 1288 1445 scrinea«
1331 1405 1377 1445 ili·
1407 1406 1600 1458 Aussusta
1643 1420 1770 1461 sopra
1813 1407 1860 1448 di
1891 1409 1952 1448 cto

178 1483 256 1524 per
287 1469 572 1509 commissione
597 1468 662 1509 del
681 1469 819 1522 padre
848 1469 1126 1523 prouinciale,
1160 1474 1195 1509 et
1229 1470 1358 1511 (melae
1392 1471 1416 1509 ὰ
1440 1471 1500 1510 lm·
1523 1473 1709 1512 sertitem
1744 1473 1786 1513 in
1814 1472 1951 1522 breue,

175 1548 278 1589 pero
311 1548 355 1573 so
389 1533 486 1575 bene
519 1534 588 1574 che
617 1548 864 1588 parcranno
909 1535 1170 1576 excusatione
1210 1536 1246 1576 le
1280 1540 1417 1576 nostre
1450 1541 1518 1577 ete.
1547 1571 1554 1577 .
1582 1571 1587 1577 .
1617 1571 1622 1577 .
1682 1538 1765 1588 Qui
1795 1538 1952 1578 mando

180 1615 231 1641 vn
267 1601 441 1654 capitolo
476 1599 585 1640 della
618 1600 760 1639 lettera
797 1599 840 1639 (Γ
863 1600 1056 1653 Α-1ιι9η3ΐα
1090 1601 1136 1640 <lt
1169 1602 1225 1641 19
1259 1601 1305 1640 <li
1338 1600 1564 1643 Fehramf·

298 1719 435 1723 ——
468 1693 637 1742 Quanto
680 1693 720 1734 al
755 1692 948 1746 castig-ar
988 1692 1027 1734 le
1060 1693 1216 1735 lettere
1257 1707 1341 1747 puo
1383 1707 1502 1735 esser
1539 1695 1829 1748 maraueglia,
1874 1695 1952 1737 che

179 1759 378 1800 hauendo
410 1759 439 1799 il
473 1758 663 1811 Collegio
696 1758 931 1799 viennense
972 1760 1095 1800 tante
1127 1772 1332 1812 persone,
1376 1762 1420 1801 et
1456 1759 1714 1813 professori,
1757 1760 1835 1802 che
1867 1774 1953 1802 non

180 1824 216 1866 si
248 1838 433 1878 procura
467 1823 504 1865 d’
528 1823 709 1873 hauere,
754 1827 797 1866 et
836 1823 929 1864 fare
971 1823 1099 1864 buoni
1141 1823 1367 1874 rhetorici,
1411 1838 1434 1866 o
1467 1824 1626 1878 spediti
1667 1827 1712 1867 et
1754 1825 1868 1867 felici
1908 1825 1953 1867 in

179 1889 368 1931 scriuere
400 1889 440 1930 le
474 1888 800 1942 quadrimestri.
846 1888 955 1930 onde
987 1888 1171 1947 procede
1213 1903 1320 1943 poco
1356 1889 1517 1931 honore
1551 1890 1618 1932 del
1651 1890 1864 1944 Collegio,
1908 1893 1954 1933 et

181 1954 222 1996 di
263 1956 381 1996 tutta
423 1954 466 1995 la
505 1953 750 2007 prouincia,
793 1953 995 1995 niassime
1039 1954 1234 1995 vedendo
1273 1957 1398 1997 tanta
1440 1955 1667 2008 diligentia
1706 1955 1808 1997 nelli
1851 1955 1953 1998 altri

182 2019 352 2073 collegij
387 2019 502 2061 circa
535 2021 702 2072 questo.
738 2043 793 2047 —
816 2045 873 2047 —

299 2179 343 2182 —
373 2181 415 2185 —
443 2157 542 2199 Quod
570 2158 614 2192 ad
641 2158 782 2192 litteras
817 2158 1049 2201 castigandas
1084 2158 1233 2199 attinet,
1269 2159 1420 2193 miretur
1446 2160 1546 2203 quis,
1582 2159 1617 2193 in
1653 2159 1803 2202 collegio
1829 2159 1951 2193 vindo-

181 2212 327 2246 bonensi
355 2211 441 2246 licet
465 2214 518 2246 tot
545 2211 708 2245 homines
733 2214 858 2255 totque
886 2211 1048 2254 magistri
1076 2214 1220 2256 praesto
1247 2212 1334 2254 sint,
1370 2224 1440 2246 non
1467 2212 1603 2254 curari,
1630 2214 1670 2246 ut
1695 2214 1891 2257 suppetant
1916 2214 1953 2246 et

181 2265 386 2300 efficiantur
412 2264 581 2299 rhetorici
607 2265 688 2299 boni
717 2264 775 2298 vel
802 2265 861 2308 qui
897 2264 1038 2298 litteras
1075 2264 1358 2308 quadrimestres
1393 2265 1560 2311 expedite
1587 2268 1623 2300 et
1657 2265 1841 2310 ingeniose
1866 2265 1952 2300 scri-

180 2320 286 2360 bant;
322 2330 413 2363 quae
448 2330 506 2352 res
532 2321 568 2352 et
594 2318 745 2361 collegio
780 2318 839 2352 isti
868 2320 904 2352 et
928 2318 995 2352 toti
1022 2317 1228 2362 provinciae
1254 2330 1379 2364 parum
1415 2318 1560 2353 honoris
1586 2319 1699 2364 parit,
1736 2318 1951 2363 praesertim

181 2384 260 2407 cum
288 2372 426 2416 reliqua
454 2371 605 2415 collegia
632 2383 673 2405 ea
701 2372 736 2405 in
762 2383 800 2405 re
826 2373 965 2405 tantam
993 2371 1217 2414 diligentiam
1245 2371 1450 2407 exhibeant.
1480 2392 1523 2395 —
1551 2394 1593 2397 ——

301 2452 412 2489 Nota:
440 2454 597 2487 Victoria
624 2454 705 2497 post
730 2452 841 2487 verba
868 2464 977 2497 supra
1003 2453 1121 2498 posita
1151 2453 1216 2494 „19
1243 2453 1276 2487 di
1297 2453 1470 2487 Febraro‘
1502 2453 1600 2488 nulla
1618 2465 1656 2488 re
1674 2453 1887 2498 interposita
1908 2474 1950 2479 —

181 2519 265 2542 nam
291 2508 430 2551 partein
457 2505 634 2551 epistulae
661 2506 834 2546 Hurtadi,
870 2517 978 2550 quam
1012 2506 1116 2540 modo
1150 2507 1270 2551 posui,
1307 2506 1342 2540 in
1374 2506 1559 2550 singulare
1591 2506 1715 2541 folium
1744 2517 1764 2540 a
1790 2518 1830 2541 se
1856 2512 1951 2540 tran-

179 2561 354 2605 scriptam
380 2560 511 2594 litteris
537 2559 612 2593 suis
638 2559 803 2593 adiunxit
829 2579 874 2583 —
894 2559 946 2593 sic
971 2559 1109 2604 pergit:
1141 2559 1207 2600 „Et
1232 2559 1419 2593 mandaria
1445 2559 1479 2593 la
1506 2559 1637 2594 lettera
1662 2561 1699 2594 et
1725 2559 1816 2594 altre
1842 2559 1952 2594 simili

182 2625 307 2659 spesso
333 2625 372 2647 se
398 2624 570 2658 pensasse
596 2624 666 2646 non
692 2613 859 2647 offender.
910 2612 948 2647 Io
984 2615 1082 2646 certo
1107 2612 1153 2646 ho
1179 2612 1271 2647 fatto
1297 2612 1332 2646 la
1359 2612 1547 2656 diligentia
1573 2613 1638 2647 che
1664 2612 1710 2647 ho
1735 2614 1880 2658 potutto
1915 2612 1953 2646 in

183 2669 312 2712 questa
347 2668 449 2711 parte
479 2665 611 2711 perche
646 2666 854 2710 spesissime
889 2665 986 2700 volte
1022 2665 1066 2699 ho
1102 2668 1198 2700 stato
1233 2666 1269 2700 in
1306 2670 1434 2710 questa
1469 2666 1572 2710 quasi
1607 2665 1803 2700 medesima
1837 2666 1951 2700 forma

183 2720 335 2761 auisato,
361 2731 420 2753 ma
445 2719 479 2753 io
505 2730 575 2753 non
600 2722 703 2753 trouo
729 2719 789 2753 via
815 2718 849 2753 di
875 2719 932 2753 far
957 2718 982 2752 il
1009 2718 1127 2752 debito
1154 2719 1271 2753 officio
1295 2719 1524 2763 quantunche
1543 2719 1649 2754 adeso
1667 2718 1752 2753 l’ha
1770 2720 1952 2764 composito

182 2773 208 2807 il
233 2772 428 2807 medesimo
455 2771 519 2806 che
545 2771 571 2806 il
596 2771 706 2817 padre
732 2771 957 2806 Prouinciale
984 2771 1107 2806 ordino
1135 2799 1142 2806 .
1170 2774 1206 2806 et
1233 2774 1251 2806 e
1278 2774 1375 2806 certo
1401 2771 1486 2806 delli
1513 2771 1573 2817 piu
1599 2772 1708 2814 dotti,
1745 2784 1764 2806 ο
1791 2771 1901 2806 etiam
1926 2771 1953 2806 il

184 2826 246 2872 piu
271 2827 370 2860 dotto
396 2825 432 2859 di
457 2824 654 2866 humanita,
681 2825 840 2859 maxime
866 2824 1026 2859 oratione
1052 2824 1181 2866 soluta,
1208 2825 1273 2859 che
1300 2825 1360 2869 qui
1387 2825 1548 2867 hauemo,
1575 2827 1612 2859 et
1635 2824 1744 2859 molto
1770 2826 1890 2870 tempo
1909 2824 1954 2859 ad

183 2880 342 2914 taedium
377 2890 492 2922 vsque
527 2878 739 2912 essercitato
774 2878 810 2912 in
837 2877 1030 2912 Rhetorica
1064 2878 1171 2911 etiam
1207 2878 1252 2912 da
1278 2878 1436 2912 Maestro
1472 2878 1670 2912 Francesco
1697 2877 1880 2923 Scipione,
1916 2880 1953 2912 et

183 2933 295 2966 molto
322 2932 435 2966 amico
462 2931 496 2965 di
523 2931 684 2965 cicerone
715 2958 722 2965 .
751 2943 836 2965 vero
863 2933 882 2964 e
908 2930 973 2964 che
1000 2932 1020 2964 {i
1055 2942 1112 2965 me
1147 2931 1255 2965 etiam
1290 2943 1360 2965 non
1386 2930 1487 2976 piace
1522 2930 1548 2965 il
1572 2942 1637 2965 suo
1663 2930 1767 2965 modo
1797 2930 1832 2964 di
1857 2941 1952 2965 com-

184 2997 305 3030 poner,
331 2985 386 3019 sia
411 2984 534 3025 latino,
561 2995 580 3017 o
606 2995 651 3018 no
676 2984 712 3017 in
739 2986 867 3028 questo
891 2995 963 3018 non
989 2983 1036 3017 mi
1063 2985 1217 3018 meto.“¹

309 3102 319 3122 ¹
345 3101 502 3135 Litteras
536 3101 645 3136 hasce
682 3100 965 3145 quadrimestres
1000 3099 1108 3144 (quae
1142 3111 1189 3134 m.
1216 3099 1381 3134 Ianuario
1407 3111 1438 3134 a.
1467 3101 1555 3135 1561
1592 3099 1750 3144 scriptae
1785 3111 1865 3134 esse
1900 3100 1952 3135 vi-

187 3153 332 3197 dentur)
361 3166 430 3188 non
448 3154 600 3199 repperi.
637 3154 653 3171 *
668 3153 868 3194 Proximas,
895 3164 988 3197 quae
1008 3153 1037 3187 1.
1057 3152 1144 3187 Maii
1165 3153 1252 3187 1561
1273 3153 1378 3187 datae
1396 3154 1490 3195 sunt,
1518 3152 1731 3197 conscripsit
1753 3152 1951 3195 „Henricus
