2093 3444
222 149 306 190 256
783 145 862 180 608.
900 144 1066 179 Canisius
1092 144 1248 178 Mal-tino
1276 143 1431 179 Cromer.

338 264 478 306 Valde
520 263 714 318 cupimus
755 264 802 306 P.
836 264 1043 306 Natalem
1085 263 1286 305 reducem
1324 263 1493 313 videre,
1536 266 1580 306 et
1620 263 1771 306 literas
1812 264 1991 306 Jndicas

217 330 387 383 legere,
437 328 699 383 Concilijque
746 342 1005 383 progressus
1053 328 1189 370 serios
1235 328 1494 381 intelligere.
1566 329 1776 371 Dominus
1819 329 1990 372 JESVS

217 394 406 448 gratiam
428 394 551 436 nobis
574 408 697 436 suam
730 396 905 447 augeat,
929 397 979 436 vt
1000 407 1103 435 uere
1126 393 1208 447 ipsi
1230 393 1494 447 placeamus,
1519 396 1562 436 et
1584 393 1752 436 Vtiliter
1768 394 1990 436 Ecclesiae

218 459 520 502 inseruiamus.

336 531 441 573 Doc.
476 530 671 572 Canisius
703 530 842 572 frater
882 544 1005 571 meus
1037 530 1177 572 altera
1219 529 1463 582 septimana
1503 529 1547 570 in
1583 529 1879 583 professorum
1911 544 1990 571 nu·

218 610 383 638 merum
426 595 495 637 hic
538 595 813 649 cooptabitur
829 596 855 637 1.
925 595 1049 636 Vnde
1082 594 1132 637 R.
1167 594 1215 636 T.
1250 594 1449 648 precibus
1487 594 1671 636 Domino
1715 594 1834 648 cupit
1874 609 1989 636 com-

217 661 426 703 mendari.
471 660 685 702 Mittimus
709 659 1047 713 quadrimestres
1069 659 1322 701 nonnullas:
1356 659 1533 701 mit-tent
1558 659 1852 701 Viennenses⁸
1883 674 1989 713 quo-

218 740 313 779 que,
347 726 423 767 sed
457 740 567 779 quae
599 726 702 767 mihi
726 725 982 779 prolixiores
1005 724 1219 766 videntur.
1265 724 1622 766 Commendamus
1648 739 1726 766 nos
1758 725 1990 779 plurimum

217 791 268 833 R.
304 792 351 833 Τ.
386 791 652 844 Patrumque
695 791 883 832 omnium
928 789 1151 843 sacrificijs
1194 792 1238 832 et
1279 789 1478 844 precibus
1522 789 1565 831 in
1607 789 1776 832 Christo
1818 790 1988 832 domino

217 859 389 907 nostro,
435 856 506 909 qui
540 856 589 899 R..
624 856 669 898 P.
707 856 963 897 Generalem
1004 855 1048 896 in
1082 854 1223 897 Gallia
1266 857 1418 897 contra
1453 857 1800 908 potestatem
1840 857 1989 897 tene—

216 922 470 963 brarum2
512 921 719 963 defendat
751 923 882 975 atque
916 920 1145 963 confortet.
1211 919 1595 962 Extraordinarias
1636 920 1806 973 quidem
1840 920 1988 974 poeni-

216 986 380 1030 tentias
413 990 589 1041 praeter
621 987 739 1036 illas,
785 1000 896 1040 quae
938 986 1202 1028 constitutae
1245 988 1346 1027 sunt
1385 984 1429 1026 in
1471 985 1664 1039 collegijs
1701 985 1893 1027 nostris3
1933 985 1988 1027 ad

218 1067 394 1094 causam
427 1052 542 1094 illius
583 1052 816 1093 iuuandam
851 1051 1042 1105 quotidie
1075 1051 1261 1093 subeunt
1292 1049 1467 1093 fratres,
1532 1050 1753 1104 Respiciat
1791 1050 1988 1092 dominus

219 1117 417 1167 Galliam,
454 1116 741 1165 Germaniam,
779 1118 823 1158 et
854 1115 1045 1169 reliquas
1078 1114 1393 1157 Christianismi
1427 1114 1741 1169 corruptissimi
1772 1116 1984 1158 nationes.

218 1184 445 1236 Augustae
482 1185 533 1224 12
569 1182 718 1225 Octob.
757 1183 882 1223 1561.

1166 1246 1326 1288 Seruus
1358 1245 1401 1286 in
1434 1245 1604 1287 Christo
1637 1245 1683 1288 P.
1718 1246 1925 1288 Canisius.

1089 1355 1115 1391 Τ

337 1426 393 1467 ΑΙ
434 1425 568 1467 molto
602 1425 856 1466 Reuerendo
899 1424 941 1466 in
975 1423 1144 1466 Christo
1186 1423 1320 1477 padre
1352 1424 1409 1466 M.
1445 1423 1649 1465 Giacomo
1682 1423 1856 1477 Laynez
1887 1436 1986 1476 pre-

217 1491 359 1544 posito
392 1490 586 1544 generali
620 1490 732 1531 della
765 1489 1022 1544 compagnia
1055 1488 1097 1530 di
1129 1488 1269 1530 JESV
1302 1488 1436 1542 padre
1469 1487 1780 1540 osseruandiss.

1773 1559 1923 1602 Roma.

337 1649 408 1683 Cur
434 1649 468 1683 in
495 1649 650 1694 epistula
677 1649 800 1683 Lainio
827 1648 1000 1693 inscripta
1028 1647 1193 1682 Canisius
1229 1647 1345 1692 ipsum
1372 1647 1576 1691 alloquatur
1602 1647 1843 1682 Salmeronem
1880 1649 1916 1681 et
1941 1647 1985 1681 (le

216 1703 340 1737 Lainio
366 1705 406 1737 ut
432 1704 474 1737 dc
500 1703 608 1737 tertia
634 1714 785 1748 persona
811 1702 988 1746 loquatur,
1015 1701 1096 1735 vide
1122 1712 1231 1746 supra
1257 1714 1290 1746 p.
1318 1701 1517 1736 249—250.

336 1774 519 1809 Salmcron
547 1774 689 1808 Canisio
715 1773 900 1818 rescripsit
925 1773 980 1807 25.
1009 1772 1174 1807 Octobris
1202 1772 1303 1807 1561.

1033 1902 1164 1943 608.

950 2000 1245 2048 CANISIUS

751 2104 1086 2148 MARTINO
1121 2103 1438 2156 cROMER,

226 2187 444 2221 cathedralis
472 2187 645 2221 ecclesiae
674 2187 916 2221 cracoviensis
943 2186 1114 2221 canonico
1141 2188 1177 2220 et
1203 2185 1371 2219 Poloniae
1398 2185 1495 2228 regis
1523 2185 1615 2230 apud
1642 2184 1905 2219 Ferdinandum
1932 2184 1958 2219 I.

922 2251 1105 2274 caesarem
1131 2239 1263 2283 legato.

666 2328 833 2374 Aug-usta
859 2327 1134 2363 Vindelicorum
1160 2326 1209 2362 14.
1237 2324 1407 2362 Octobris
1434 2324 1519 2361 1561.

328 2411 383 2444 Ex
418 2411 614 2457 archetypo
652 2411 723 2453 (2ος
766 2412 781 2445 1
810 2411 859 2456 p.)
899 2422 919 2445 a
947 2410 1088 2444 Canisio
1124 2411 1201 2455 ipso
1236 2408 1458 2453 subscripto;
1498 2408 1590 2452 quod
1623 2409 1743 2442 tamen
1780 2407 1979 2442 laceratum

208 2476 445 2515 mancumque
473 2466 537 2498 est.
590 2465 672 2499 Cod.
701 2476 841 2499 cracov.
873 2464 1052 2506 „Cromeri
1080 2463 1220 2508 epistt.“
1252 2474 1285 2496 n.
1313 2462 1368 2496 20.

327 2517 493 2563 Epistula
519 2529 606 2552 usus
632 2519 687 2551 est
713 2519 828 2551 Kro'ss
852 2518 875 2551 l.
903 2529 932 2551 c.
959 2529 992 2562 p.
1023 2517 1100 2552 132.

326 2595 380 2627 De
421 2594 588 2637 Oporino.
640 2594 692 2627 De
730 2593 1054 2636 archiepiscopatus
1084 2592 1274 2636 pragyensis
1313 2591 1531 2625 restitutione
1565 2591 1717 2633 yandet;
1757 2590 1851 2623 hunc
1886 2591 1979 2633 forti

207 2649 327 2681 animo
363 2648 617 2680 administrari
650 2651 818 2690 oportere.
870 2647 923 2679 De
948 2646 1134 2679 Michaelis
1166 2645 1321 2688 Heldiny
1355 2645 1508 2688 episcopi
1542 2644 1836 2686 merseburyensis
1867 2647 1978 2677 morte

205 2702 306 2734 ⁴valde
331 2701 431 2735 dolet.
481 2702 674 2744 Perper-am
702 2701 859 2733 Possiaci
876 2704 1114 2743 protestantes
1147 2700 1195 2732 ad
1219 2699 1475 2741 disputandum
1500 2698 1671 2730 admissos
1695 2707 1774 2730 esse.
1824 2697 1977 2731 Iudaeos

204 2755 341 2796 famam
367 2765 436 2787 esse
461 2766 477 2787 e
499 2754 638 2796 Caspiis
664 2753 838 2786 montibus
863 2754 1028 2796 erupisse.
1069 2752 1213 2795 Colleyii
1227 2752 1412 2795 prayensis
1437 2751 1612 2784 commode
1627 2749 1776 2783 dotandi
1801 2751 1976 2793 neyotium

210 2807 377 2840 Cromero
404 2807 631 2840 commendat.

323 2946 338 2961 ²³
364 2940 563 2975 Vienneses
590 2942 635 2974 A.

328 3075 336 3094 ¹
366 3075 418 3109 Cf.
446 3074 550 3116 infra,
577 3085 731 3109 monum.
760 3073 839 3107 276.
938 3072 952 3093 ²
977 3072 1062 3107 Luc.
1089 3072 1144 3113 22,
1172 3071 1226 3105 53.
1279 3070 1352 3105 Col.
1383 3071 1412 3110 1,
1442 3070 1496 3104 13.

329 3130 340 3149 ³
368 3128 420 3162 Cf.
448 3129 535 3162 Can.
563 3127 651 3172 Epp.
679 3127 722 3169 II,
750 3127 830 3162 601.
