<?xml version="1.0" encoding="UTF-8"?>
<!DOCTYPE html PUBLIC "-//W3C//DTD XHTML 1.0 Transitional//EN"
    "http://www.w3.org/TR/xhtml1/DTD/xhtml1-transitional.dtd">
<html xmlns="http://www.w3.org/1999/xhtml" xml:lang="en" lang="en">
 <head>
  <title>
</title>
<meta http-equiv="Content-Type" content="text/html;charset=utf-8" />
  <meta name='ocr-system' content='tesseract 3.04.00' />
  <meta name='ocr-capabilities' content='ocr_page ocr_carea ocr_par ocr_line ocrx_word'/>
</head>
<body>
  <div class='ocr_page' id='page_1' title='image "beatipetricanisi03cani_0163.png"; bbox 0 0 2093 3444; ppageno 0'>
   <div class='ocr_carea' id='block_1_1' title="bbox 517 184 1858 228">
    <p class='ocr_par' dir='ltr' id='par_1_1' title="bbox 517 184 1858 228">
     <span class='ocr_line' id='line_1_1' title="bbox 517 184 1858 228; baseline 0 -10"><span class='ocrx_word' id='word_1_1' title='bbox 517 185 684 228; x_wconf 80' lang='lat' dir='ltr'>Augusta</span> <span class='ocrx_word' id='word_1_2' title='bbox 709 184 980 218; x_wconf 87' lang='lat' dir='ltr'>Vindelicorum</span> <span class='ocrx_word' id='word_1_3' title='bbox 1006 184 1072 218; x_wconf 87' lang='lat' dir='ltr'>sub</span> <span class='ocrx_word' id='word_1_4' title='bbox 1099 184 1155 218; x_wconf 68' lang='lat'>2⁶2.</span> <span class='ocrx_word' id='word_1_5' title='bbox 1182 184 1305 218; x_wconf 78' lang='lat' dir='ltr'>Martii</span> <span class='ocrx_word' id='word_1_6' title='bbox 1334 185 1435 218; x_wconf 87' lang='lat'>1561.</span> <span class='ocrx_word' id='word_1_7' title='bbox 1805 187 1858 227; x_wconf 74' lang='grc'>87</span> 
     </span>
    </p>
   </div>
   <div class='ocr_carea' id='block_1_2' title="bbox 84 302 1865 542">
    <p class='ocr_par' dir='ltr' id='par_1_2' title="bbox 84 302 1865 542">
     <span class='ocr_line' id='line_1_2' title="bbox 88 302 1864 356; baseline -0.001 -12"><span class='ocrx_word' id='word_1_8' title='bbox 88 303 289 345; x_wconf 90' lang='lat' dir='ltr'>Electore</span> <span class='ocrx_word' id='word_1_9' title='bbox 312 303 724 356; x_wconf 78' lang='lat' dir='ltr'>Brandenburgensi</span> <span class='ocrx_word' id='word_1_10' title='bbox 757 303 823 344; x_wconf 90' lang='lat' dir='ltr'>his</span> <span class='ocrx_word' id='word_1_11' title='bbox 857 303 1006 344; x_wconf 89' lang='lat' dir='ltr'>diebus</span> <span class='ocrx_word' id='word_1_12' title='bbox 1040 302 1122 344; x_wconf 86' lang='lat' dir='ltr'>suit</span> <span class='ocrx_word' id='word_1_13' title='bbox 1149 306 1359 356; x_wconf 82' lang='lat' dir='ltr'>exceptus</span> <span class='ocrx_word' id='word_1_14' title='bbox 1378 304 1405 345; x_wconf 85' lang='lat'>1.</span> <span class='ocrx_word' id='word_1_15' title='bbox 1451 302 1606 344; x_wconf 76' lang='lat' dir='ltr'>Grauis</span> <span class='ocrx_word' id='word_1_16' title='bbox 1640 305 1708 345; x_wconf 90' lang='lat' dir='ltr'>est</span> <span class='ocrx_word' id='word_1_17' title='bbox 1739 302 1864 344; x_wconf 88' lang='lat' dir='ltr'>huius</span> 
     </span>
     <span class='ocr_line' id='line_1_3' title="bbox 86 367 1863 422; baseline -0.001 -12"><span class='ocrx_word' id='word_1_18' title='bbox 86 368 166 422; x_wconf 87' lang='lat' dir='ltr'>uirj</span> <span class='ocrx_word' id='word_1_19' title='bbox 200 370 404 422; x_wconf 89' lang='lat' dir='ltr'>suscepta</span> <span class='ocrx_word' id='word_1_20' title='bbox 432 368 629 421; x_wconf 83' lang='lat' dir='ltr'>Legatio,</span> <span class='ocrx_word' id='word_1_21' title='bbox 664 383 793 422; x_wconf 86' lang='lat' dir='ltr'>quain</span> <span class='ocrx_word' id='word_1_22' title='bbox 827 368 918 410; x_wconf 91' lang='lat' dir='ltr'>obit</span> <span class='ocrx_word' id='word_1_23' title='bbox 949 368 1063 410; x_wconf 91' lang='lat' dir='ltr'>inter</span> <span class='ocrx_word' id='word_1_24' title='bbox 1095 367 1340 410; x_wconf 84' lang='lat' dir='ltr'>haereticos</span> <span class='ocrx_word' id='word_1_25' title='bbox 1373 368 1598 410; x_wconf 76' lang='lat' dir='ltr'>Ecclesiae</span> <span class='ocrx_word' id='word_1_26' title='bbox 1631 368 1863 409; x_wconf 82' lang='lat' dir='ltr'>admodum</span> 
     </span>
     <span class='ocr_line' id='line_1_4' title="bbox 84 433 1865 487; baseline 0 -12"><span class='ocrx_word' id='word_1_27' title='bbox 84 434 298 484; x_wconf 87' lang='lat' dir='ltr'>infensos,</span> <span class='ocrx_word' id='word_1_28' title='bbox 341 447 395 475; x_wconf 89' lang='lat' dir='ltr'>ne</span> <span class='ocrx_word' id='word_1_29' title='bbox 429 433 568 475; x_wconf 89' lang='lat' dir='ltr'>dicam</span> <span class='ocrx_word' id='word_1_30' title='bbox 602 436 646 476; x_wconf 91' lang='lat' dir='ltr'>et</span> <span class='ocrx_word' id='word_1_31' title='bbox 679 434 791 487; x_wconf 89' lang='lat' dir='ltr'>apud</span> <span class='ocrx_word' id='word_1_32' title='bbox 824 434 1048 476; x_wconf 85' lang='lat' dir='ltr'>barbaros.</span> <span class='ocrx_word' id='word_1_33' title='bbox 1114 433 1352 476; x_wconf 85' lang='lat' dir='ltr'>Conseruet</span> <span class='ocrx_word' id='word_1_34' title='bbox 1388 433 1509 474; x_wconf 87' lang='lat' dir='ltr'>illum</span> <span class='ocrx_word' id='word_1_35' title='bbox 1543 433 1775 483; x_wconf 93' lang='lat' dir='ltr'>Dominus,</span> <span class='ocrx_word' id='word_1_36' title='bbox 1821 437 1865 476; x_wconf 90' lang='lat' dir='ltr'>et</span> 
     </span>
     <span class='ocr_line' id='line_1_5' title="bbox 89 498 816 542; baseline 0 -1"><span class='ocrx_word' id='word_1_37' title='bbox 89 499 314 542; x_wconf 78' lang='lat' dir='ltr'>Ecclesiae</span> <span class='ocrx_word' id='word_1_38' title='bbox 347 513 452 540; x_wconf 86' lang='lat' dir='ltr'>suae</span> <span class='ocrx_word' id='word_1_39' title='bbox 484 498 635 541; x_wconf 90' lang='lat' dir='ltr'>utilem</span> <span class='ocrx_word' id='word_1_40' title='bbox 668 499 816 541; x_wconf 81' lang='lat' dir='ltr'>faciat.</span> 
     </span>
    </p>
   </div>
   <div class='ocr_carea' id='block_1_3' title="bbox 85 570 1865 952">
    <p class='ocr_par' dir='ltr' id='par_1_3' title="bbox 85 570 1865 952">
     <span class='ocr_line' id='line_1_6' title="bbox 207 570 1865 624; baseline 0 -12"><span class='ocrx_word' id='word_1_41' title='bbox 207 571 307 613; x_wconf 76' lang='lat' dir='ltr'>Dux</span> <span class='ocrx_word' id='word_1_42' title='bbox 348 570 597 612; x_wconf 82' lang='lat' dir='ltr'>Bauariae2</span> <span class='ocrx_word' id='word_1_43' title='bbox 639 570 674 611; x_wconf 93' lang='lat' dir='ltr'>si</span> <span class='ocrx_word' id='word_1_44' title='bbox 717 571 811 624; x_wconf 87' lang='lat' dir='ltr'>quis</span> <span class='ocrx_word' id='word_1_45' title='bbox 855 571 965 612; x_wconf 90' lang='lat' dir='ltr'>alius</span> <span class='ocrx_word' id='word_1_46' title='bbox 998 571 1205 624; x_wconf 76' lang='lat' dir='ltr'>Princeps</span> <span class='ocrx_word' id='word_1_47' title='bbox 1237 570 1503 620; x_wconf 85' lang='lat' dir='ltr'>Catholicus,</span> <span class='ocrx_word' id='word_1_48' title='bbox 1546 571 1589 612; x_wconf 89' lang='lat' dir='ltr'>in</span> <span class='ocrx_word' id='word_1_49' title='bbox 1631 571 1865 612; x_wconf 87' lang='lat' dir='ltr'>asserenda</span> 
     </span>
     <span class='ocr_line' id='line_1_7' title="bbox 105 635 1864 690; baseline -0.001 -11"><span class='ocrx_word' id='word_1_50' title='bbox 105 636 315 690; x_wconf 62' lang='lat' dir='ltr'>teligione</span> <span class='ocrx_word' id='word_1_51' title='bbox 346 636 519 678; x_wconf 87' lang='lat' dir='ltr'>laborat</span> <span class='ocrx_word' id='word_1_52' title='bbox 551 636 766 689; x_wconf 81' lang='lat' dir='ltr'>gnauiter‚</span> <span class='ocrx_word' id='word_1_53' title='bbox 809 650 888 678; x_wconf 89' lang='lat' dir='ltr'>nec</span> <span class='ocrx_word' id='word_1_54' title='bbox 921 636 1024 678; x_wconf 87' lang='lat' dir='ltr'>sinit</span> <span class='ocrx_word' id='word_1_55' title='bbox 1056 636 1238 690; x_wconf 75' lang='lat' dir='ltr'>publicis</span> <span class='ocrx_word' id='word_1_56' title='bbox 1272 635 1424 689; x_wconf 86' lang='lat' dir='ltr'>officijs</span> <span class='ocrx_word' id='word_1_57' title='bbox 1455 636 1641 689; x_wconf 82' lang='lat' dir='ltr'>aliquem</span> <span class='ocrx_word' id='word_1_58' title='bbox 1674 636 1864 690; x_wconf 88' lang='lat' dir='ltr'>praeficj,</span> 
     </span>
     <span class='ocr_line' id='line_1_8' title="bbox 87 701 1865 755; baseline -0.001 -11"><span class='ocrx_word' id='word_1_59' title='bbox 87 702 206 745; x_wconf 89' lang='lat' dir='ltr'>cuius</span> <span class='ocrx_word' id='word_1_60' title='bbox 237 702 345 744; x_wconf 90' lang='lat' dir='ltr'>fides</span> <span class='ocrx_word' id='word_1_61' title='bbox 387 704 431 744; x_wconf 89' lang='lat' dir='ltr'>et</span> <span class='ocrx_word' id='word_1_62' title='bbox 471 701 705 754; x_wconf 72' lang='lat' dir='ltr'>integritas</span> <span class='ocrx_word' id='word_1_63' title='bbox 748 716 831 743; x_wconf 91' lang='lat' dir='ltr'>non</span> <span class='ocrx_word' id='word_1_64' title='bbox 868 701 1053 755; x_wconf 88' lang='lat' dir='ltr'>primum</span> <span class='ocrx_word' id='word_1_65' title='bbox 1095 701 1227 743; x_wconf 83' lang='lat' dir='ltr'>fuerit</span> <span class='ocrx_word' id='word_1_66' title='bbox 1268 702 1511 755; x_wconf 81' lang='lat' dir='ltr'>explorata.</span> <span class='ocrx_word' id='word_1_67' title='bbox 1576 702 1725 743; x_wconf 91' lang='lat' dir='ltr'>Edidit</span> <span class='ocrx_word' id='word_1_68' title='bbox 1757 716 1865 755; x_wconf 88' lang='lat' dir='ltr'>opus</span> 
     </span>
     <span class='ocr_line' id='line_1_9' title="bbox 86 766 1864 821; baseline -0.001 -11"><span class='ocrx_word' id='word_1_69' title='bbox 86 767 381 821; x_wconf 77' lang='lat' dir='ltr'>germanicum</span> <span class='ocrx_word' id='word_1_70' title='bbox 415 766 665 820; x_wconf 78' lang='lat' dir='ltr'>Staphylus,</span> <span class='ocrx_word' id='word_1_71' title='bbox 701 767 772 819; x_wconf 89' lang='lat' dir='ltr'>qui</span> <span class='ocrx_word' id='word_1_72' title='bbox 806 781 917 808; x_wconf 91' lang='lat' dir='ltr'>nunc</span> <span class='ocrx_word' id='word_1_73' title='bbox 948 766 1212 820; x_wconf 80' lang='lat' dir='ltr'>Jngolstadij</span> <span class='ocrx_word' id='word_1_74' title='bbox 1246 769 1460 817; x_wconf 88' lang='lat' dir='ltr'>uersatur,</span> <span class='ocrx_word' id='word_1_75' title='bbox 1496 780 1546 808; x_wconf 90' lang='lat' dir='ltr'>ac</span> <span class='ocrx_word' id='word_1_76' title='bbox 1580 767 1864 809; x_wconf 83' lang='lat' dir='ltr'>sectariorum</span> 
     </span>
     <span class='ocr_line' id='line_1_10' title="bbox 85 831 1864 885; baseline -0.002 -10"><span class='ocrx_word' id='word_1_77' title='bbox 85 833 263 876; x_wconf 83' lang='lat' dir='ltr'>fraudes</span> <span class='ocrx_word' id='word_1_78' title='bbox 294 833 357 876; x_wconf 89' lang='lat' dir='ltr'>ita</span> <span class='ocrx_word' id='word_1_79' title='bbox 390 832 580 882; x_wconf 79' lang='lat' dir='ltr'>detexit,</span> <span class='ocrx_word' id='word_1_80' title='bbox 624 835 673 874; x_wconf 95' lang='lat' dir='ltr'>ut</span> <span class='ocrx_word' id='word_1_81' title='bbox 705 833 831 874; x_wconf 90' lang='lat' dir='ltr'>multi</span> <span class='ocrx_word' id='word_1_82' title='bbox 864 847 913 874; x_wconf 89' lang='lat' dir='ltr'>eo</span> <span class='ocrx_word' id='word_1_83' title='bbox 947 832 1056 873; x_wconf 89' lang='lat' dir='ltr'>libro</span> <span class='ocrx_word' id='word_1_84' title='bbox 1090 832 1202 874; x_wconf 88' lang='lat' dir='ltr'>lecto</span> <span class='ocrx_word' id='word_1_85' title='bbox 1236 831 1468 882; x_wconf 82' lang='lat' dir='ltr'>mirentur,</span> <span class='ocrx_word' id='word_1_86' title='bbox 1512 835 1645 885; x_wconf 85' lang='lat' dir='ltr'>atque</span> <span class='ocrx_word' id='word_1_87' title='bbox 1682 831 1725 872; x_wconf 91' lang='lat' dir='ltr'>in</span> <span class='ocrx_word' id='word_1_88' title='bbox 1758 845 1864 873; x_wconf 84' lang='lat' dir='ltr'>uera</span> 
     </span>
     <span class='ocr_line' id='line_1_11' title="bbox 89 899 704 952; baseline 0 -12"><span class='ocrx_word' id='word_1_89' title='bbox 89 899 316 952; x_wconf 78' lang='lat' dir='ltr'>Heligione</span> <span class='ocrx_word' id='word_1_90' title='bbox 349 899 660 941; x_wconf 88' lang='lat' dir='ltr'>confirmentur</span> <span class='ocrx_word' id='word_1_91' title='bbox 675 899 704 940; x_wconf 81' lang='lat'>3.</span> 
     </span>
    </p>
   </div>
   <div class='ocr_carea' id='block_1_4' title="bbox 87 967 1868 2274">
    <p class='ocr_par' dir='ltr' id='par_1_4' title="bbox 87 967 1868 2138">
     <span class='ocr_line' id='line_1_12' title="bbox 208 967 1866 1024; baseline -0.002 -12"><span class='ocrx_word' id='word_1_92' title='bbox 208 969 435 1024; x_wconf 80' lang='lat' dir='ltr'>Augustae</span> <span class='ocrx_word' id='word_1_93' title='bbox 469 969 790 1011; x_wconf 84' lang='lat' dir='ltr'>Catholicorum</span> <span class='ocrx_word' id='word_1_94' title='bbox 824 984 909 1011; x_wconf 88' lang='lat' dir='ltr'>non</span> <span class='ocrx_word' id='word_1_95' title='bbox 941 969 1068 1011; x_wconf 89' lang='lat' dir='ltr'>modo</span> <span class='ocrx_word' id='word_1_96' title='bbox 1103 983 1319 1018; x_wconf 91' lang='lat' dir='ltr'>numerus,</span> <span class='ocrx_word' id='word_1_97' title='bbox 1354 968 1430 1010; x_wconf 88' lang='lat' dir='ltr'>sed</span> <span class='ocrx_word' id='word_1_98' title='bbox 1463 968 1595 1010; x_wconf 85' lang='lat' dir='ltr'>etiam</span> <span class='ocrx_word' id='word_1_99' title='bbox 1627 967 1767 1010; x_wconf 85' lang='lat' dir='ltr'>uirtus</span> <span class='ocrx_word' id='word_1_100' title='bbox 1799 968 1866 1009; x_wconf 92' lang='lat' dir='ltr'>in-</span> 
     </span>
     <span class='ocr_line' id='line_1_13' title="bbox 87 1033 1865 1089; baseline -0.002 -11"><span class='ocrx_word' id='word_1_101' title='bbox 87 1036 179 1078; x_wconf 92' lang='lat' dir='ltr'>dies</span> <span class='ocrx_word' id='word_1_102' title='bbox 212 1036 353 1089; x_wconf 83' lang='lat' dir='ltr'>magis</span> <span class='ocrx_word' id='word_1_103' title='bbox 386 1049 436 1077; x_wconf 87' lang='lat' dir='ltr'>ac</span> <span class='ocrx_word' id='word_1_104' title='bbox 470 1035 611 1088; x_wconf 80' lang='lat' dir='ltr'>magis</span> <span class='ocrx_word' id='word_1_105' title='bbox 634 1035 808 1077; x_wconf 90' lang='lat' dir='ltr'>uidetur</span> <span class='ocrx_word' id='word_1_106' title='bbox 839 1035 1003 1089; x_wconf 81' lang='lat' dir='ltr'>augerj,</span> <span class='ocrx_word' id='word_1_107' title='bbox 1039 1048 1149 1088; x_wconf 84' lang='lat' dir='ltr'>quae</span> <span class='ocrx_word' id='word_1_108' title='bbox 1181 1048 1252 1078; x_wconf 90' lang='lat' dir='ltr'>res</span> <span class='ocrx_word' id='word_1_109' title='bbox 1285 1036 1332 1076; x_wconf 86' lang='lat' dir='ltr'>ut</span> <span class='ocrx_word' id='word_1_110' title='bbox 1354 1033 1515 1088; x_wconf 86' lang='lat' dir='ltr'>passim</span> <span class='ocrx_word' id='word_1_111' title='bbox 1543 1036 1714 1075; x_wconf 88' lang='lat' dir='ltr'>recreat</span> <span class='ocrx_word' id='word_1_112' title='bbox 1748 1036 1865 1075; x_wconf 87' lang='lat' dir='ltr'>orto-</span> 
     </span>
     <span class='ocr_line' id='line_1_14' title="bbox 88 1098 1865 1153; baseline -0.003 -9"><span class='ocrx_word' id='word_1_113' title='bbox 88 1102 238 1152; x_wconf 80' lang='lat' dir='ltr'>doxos,</span> <span class='ocrx_word' id='word_1_114' title='bbox 272 1101 336 1144; x_wconf 89' lang='lat' dir='ltr'>ita</span> <span class='ocrx_word' id='word_1_115' title='bbox 358 1100 581 1142; x_wconf 87' lang='lat' dir='ltr'>Ecclesiae</span> <span class='ocrx_word' id='word_1_116' title='bbox 603 1100 753 1143; x_wconf 89' lang='lat' dir='ltr'>hostes</span> <span class='ocrx_word' id='word_1_117' title='bbox 785 1100 1067 1142; x_wconf 86' lang='lat' dir='ltr'>uehementer</span> <span class='ocrx_word' id='word_1_118' title='bbox 1090 1099 1281 1150; x_wconf 87' lang='lat' dir='ltr'>offendit,</span> <span class='ocrx_word' id='word_1_119' title='bbox 1316 1099 1573 1153; x_wconf 88' lang='lat' dir='ltr'>praesertim</span> <span class='ocrx_word' id='word_1_120' title='bbox 1598 1113 1694 1140; x_wconf 85' lang='lat' dir='ltr'>cum</span> <span class='ocrx_word' id='word_1_121' title='bbox 1727 1098 1865 1140; x_wconf 89' lang='lat' dir='ltr'>anim-</span> 
     </span>
     <span class='ocr_line' id='line_1_15' title="bbox 88 1164 1864 1221; baseline -0.002 -12"><span class='ocrx_word' id='word_1_122' title='bbox 88 1168 346 1217; x_wconf 89' lang='lat' dir='ltr'>aduertunt,</span> <span class='ocrx_word' id='word_1_123' title='bbox 390 1181 475 1208; x_wconf 93' lang='lat' dir='ltr'>non</span> <span class='ocrx_word' id='word_1_124' title='bbox 508 1167 634 1208; x_wconf 88' lang='lat' dir='ltr'>modo</span> <span class='ocrx_word' id='word_1_125' title='bbox 668 1167 895 1221; x_wconf 89' lang='lat' dir='ltr'>plebaeos,</span> <span class='ocrx_word' id='word_1_126' title='bbox 938 1166 1013 1208; x_wconf 88' lang='lat' dir='ltr'>sed</span> <span class='ocrx_word' id='word_1_127' title='bbox 1052 1166 1183 1208; x_wconf 89' lang='lat' dir='ltr'>etiam</span> <span class='ocrx_word' id='word_1_128' title='bbox 1226 1164 1459 1207; x_wconf 86' lang='lat' dir='ltr'>nobiliores</span> <span class='ocrx_word' id='word_1_129' title='bbox 1492 1164 1692 1206; x_wconf 87' lang='lat' dir='ltr'>Ciuitatis</span> <span class='ocrx_word' id='word_1_130' title='bbox 1724 1164 1864 1214; x_wconf 90' lang='lat' dir='ltr'>huius,</span> 
     </span>
     <span class='ocr_line' id='line_1_16' title="bbox 87 1229 1866 1288; baseline -0.003 -13"><span class='ocrx_word' id='word_1_131' title='bbox 87 1232 248 1288; x_wconf 87' lang='lat' dir='ltr'>partim</span> <span class='ocrx_word' id='word_1_132' title='bbox 279 1231 324 1273; x_wconf 91' lang='lat' dir='ltr'>in</span> <span class='ocrx_word' id='word_1_133' title='bbox 347 1231 586 1284; x_wconf 82' lang='lat' dir='ltr'>Religionis</span> <span class='ocrx_word' id='word_1_134' title='bbox 620 1231 761 1273; x_wconf 84' lang='lat' dir='ltr'>officio</span> <span class='ocrx_word' id='word_1_135' title='bbox 796 1231 1055 1285; x_wconf 82' lang='lat' dir='ltr'>confirmarj,</span> <span class='ocrx_word' id='word_1_136' title='bbox 1090 1231 1250 1285; x_wconf 86' lang='lat' dir='ltr'>partim</span> <span class='ocrx_word' id='word_1_137' title='bbox 1283 1230 1338 1272; x_wconf 89' lang='lat' dir='ltr'>ad</span> <span class='ocrx_word' id='word_1_138' title='bbox 1368 1230 1592 1271; x_wconf 89' lang='lat' dir='ltr'>Ecclesiae</span> <span class='ocrx_word' id='word_1_139' title='bbox 1624 1229 1866 1271; x_wconf 87' lang='lat' dir='ltr'>catholicae</span> 
     </span>
     <span class='ocr_line' id='line_1_17' title="bbox 88 1294 1867 1352; baseline -0.002 -12"><span class='ocrx_word' id='word_1_140' title='bbox 88 1298 300 1352; x_wconf 82' lang='lat' dir='ltr'>gremium</span> <span class='ocrx_word' id='word_1_141' title='bbox 333 1297 480 1351; x_wconf 88' lang='lat' dir='ltr'>reducj</span> <span class='ocrx_word' id='word_1_142' title='bbox 508 1297 737 1339; x_wconf 90' lang='lat' dir='ltr'>Domino</span> <span class='ocrx_word' id='word_1_143' title='bbox 771 1297 1158 1351; x_wconf 73' lang='lat' dir='ltr'>cooperante4.</span> <span class='ocrx_word' id='word_1_144' title='bbox 1204 1295 1402 1338; x_wconf 87' lang='lat' dir='ltr'>Accessit</span> <span class='ocrx_word' id='word_1_145' title='bbox 1426 1295 1706 1337; x_wconf 87' lang='lat' dir='ltr'>catechistica</span> <span class='ocrx_word' id='word_1_146' title='bbox 1737 1294 1867 1336; x_wconf 88' lang='lat' dir='ltr'>lectio</span> 
     </span>
     <span class='ocr_line' id='line_1_18' title="bbox 88 1360 1867 1416; baseline -0.003 -10"><span class='ocrx_word' id='word_1_147' title='bbox 88 1378 202 1406; x_wconf 89' lang='lat' dir='ltr'>nunc</span> <span class='ocrx_word' id='word_1_148' title='bbox 234 1377 386 1405; x_wconf 86' lang='lat' dir='ltr'>recens</span> <span class='ocrx_word' id='word_1_149' title='bbox 418 1363 635 1413; x_wconf 86' lang='lat' dir='ltr'>instituta,</span> <span class='ocrx_word' id='word_1_150' title='bbox 671 1377 781 1416; x_wconf 84' lang='lat' dir='ltr'>quae</span> <span class='ocrx_word' id='word_1_151' title='bbox 814 1376 972 1415; x_wconf 82' lang='lat' dir='ltr'>magno</span> <span class='ocrx_word' id='word_1_152' title='bbox 1006 1362 1216 1404; x_wconf 89' lang='lat' dir='ltr'>hactenus</span> <span class='ocrx_word' id='word_1_153' title='bbox 1249 1361 1401 1403; x_wconf 82' lang='lat' dir='ltr'>fauore</span> <span class='ocrx_word' id='word_1_154' title='bbox 1434 1363 1478 1403; x_wconf 93' lang='lat' dir='ltr'>et</span> <span class='ocrx_word' id='word_1_155' title='bbox 1500 1361 1713 1415; x_wconf 87' lang='lat' dir='ltr'>applausu</span> <span class='ocrx_word' id='word_1_156' title='bbox 1745 1360 1867 1402; x_wconf 89' lang='lat' dir='ltr'>audi-</span> 
     </span>
     <span class='ocr_line' id='line_1_19' title="bbox 87 1425 1866 1483; baseline -0.003 -11"><span class='ocrx_word' id='word_1_157' title='bbox 87 1433 232 1472; x_wconf 90' lang='lat' dir='ltr'>torum</span> <span class='ocrx_word' id='word_1_158' title='bbox 265 1428 494 1483; x_wconf 80' lang='lat' dir='ltr'>excipitur,</span> <span class='ocrx_word' id='word_1_159' title='bbox 529 1428 601 1483; x_wconf 89' lang='lat' dir='ltr'>qui</span> <span class='ocrx_word' id='word_1_160' title='bbox 633 1443 680 1470; x_wconf 91' lang='lat' dir='ltr'>se</span> <span class='ocrx_word' id='word_1_161' title='bbox 712 1429 788 1470; x_wconf 88' lang='lat' dir='ltr'>illa</span> <span class='ocrx_word' id='word_1_162' title='bbox 821 1428 953 1470; x_wconf 86' lang='lat' dir='ltr'>etiam</span> <span class='ocrx_word' id='word_1_163' title='bbox 987 1427 1185 1469; x_wconf 87' lang='lat' dir='ltr'>doctrina</span> <span class='ocrx_word' id='word_1_164' title='bbox 1210 1426 1349 1480; x_wconf 88' lang='lat' dir='ltr'>iuuarj</span> <span class='ocrx_word' id='word_1_165' title='bbox 1384 1426 1621 1469; x_wconf 84' lang='lat' dir='ltr'>fatentur5.</span> <span class='ocrx_word' id='word_1_166' title='bbox 1666 1425 1759 1467; x_wconf 88' lang='lat' dir='ltr'>Nec</span> <span class='ocrx_word' id='word_1_167' title='bbox 1792 1425 1866 1466; x_wconf 91' lang='lat' dir='ltr'>de-</span> 
     </span>
     <span class='ocr_line' id='line_1_20' title="bbox 89 1491 1867 1548; baseline -0.003 -11"><span class='ocrx_word' id='word_1_168' title='bbox 89 1498 190 1538; x_wconf 89' lang='lat' dir='ltr'>sunt</span> <span class='ocrx_word' id='word_1_169' title='bbox 213 1495 518 1537; x_wconf 88' lang='lat' dir='ltr'>obseruatores</span> <span class='ocrx_word' id='word_1_170' title='bbox 551 1497 684 1548; x_wconf 89' lang='lat' dir='ltr'>atque</span> <span class='ocrx_word' id='word_1_171' title='bbox 716 1493 1008 1543; x_wconf 78' lang='lat' dir='ltr'>insidiatoreS,</span> <span class='ocrx_word' id='word_1_172' title='bbox 1044 1507 1141 1535; x_wconf 81' lang='lat' dir='ltr'>cuni</span> <span class='ocrx_word' id='word_1_173' title='bbox 1163 1492 1440 1535; x_wconf 87' lang='lat' dir='ltr'>Lutheranae</span> <span class='ocrx_word' id='word_1_174' title='bbox 1463 1495 1610 1534; x_wconf 90' lang='lat' dir='ltr'>sectae</span> <span class='ocrx_word' id='word_1_175' title='bbox 1638 1491 1867 1533; x_wconf 88' lang='lat' dir='ltr'>conciona-</span> 
     </span>
     <span class='ocr_line' id='line_1_21' title="bbox 88 1556 1868 1613; baseline -0.003 -10"><span class='ocrx_word' id='word_1_176' title='bbox 88 1563 208 1604; x_wconf 86' lang='lat' dir='ltr'>tores</span> <span class='ocrx_word' id='word_1_177' title='bbox 240 1560 284 1602; x_wconf 92' lang='lat' dir='ltr'>in</span> <span class='ocrx_word' id='word_1_178' title='bbox 317 1559 541 1603; x_wconf 88' lang='lat' dir='ltr'>catholicis</span> <span class='ocrx_word' id='word_1_179' title='bbox 565 1559 842 1602; x_wconf 88' lang='lat' dir='ltr'>concionibus</span> <span class='ocrx_word' id='word_1_180' title='bbox 864 1559 1009 1613; x_wconf 86' lang='lat' dir='ltr'>palam</span> <span class='ocrx_word' id='word_1_181' title='bbox 1037 1573 1083 1600; x_wconf 90' lang='lat' dir='ltr'>se</span> <span class='ocrx_word' id='word_1_182' title='bbox 1106 1558 1309 1600; x_wconf 88' lang='lat' dir='ltr'>uisendos</span> <span class='ocrx_word' id='word_1_183' title='bbox 1331 1559 1584 1612; x_wconf 86' lang='lat' dir='ltr'>praebeant,</span> <span class='ocrx_word' id='word_1_184' title='bbox 1619 1556 1691 1610; x_wconf 91' lang='lat' dir='ltr'>qui</span> <span class='ocrx_word' id='word_1_185' title='bbox 1714 1556 1868 1598; x_wconf 90' lang='lat' dir='ltr'>deinde</span> 
     </span>
     <span class='ocr_line' id='line_1_22' title="bbox 90 1622 1867 1676; baseline -0.003 -8"><span class='ocrx_word' id='word_1_186' title='bbox 90 1627 161 1668; x_wconf 89' lang='lat' dir='ltr'>uel</span> <span class='ocrx_word' id='word_1_187' title='bbox 194 1625 537 1676; x_wconf 87' lang='lat' dir='ltr'>calumniantur,</span> <span class='ocrx_word' id='word_1_188' title='bbox 581 1628 629 1667; x_wconf 92' lang='lat' dir='ltr'>ut</span> <span class='ocrx_word' id='word_1_189' title='bbox 661 1626 842 1668; x_wconf 89' lang='lat' dir='ltr'>istorum</span> <span class='ocrx_word' id='word_1_190' title='bbox 881 1639 974 1666; x_wconf 88' lang='lat' dir='ltr'>mos</span> <span class='ocrx_word' id='word_1_191' title='bbox 1017 1627 1083 1666; x_wconf 91' lang='lat' dir='ltr'>est</span> <span class='ocrx_word' id='word_1_192' title='bbox 1123 1623 1366 1674; x_wconf 87' lang='lat' dir='ltr'>hominum,</span> <span class='ocrx_word' id='word_1_193' title='bbox 1408 1624 1477 1664; x_wconf 92' lang='lat' dir='ltr'>uel</span> <span class='ocrx_word' id='word_1_194' title='bbox 1520 1637 1631 1676; x_wconf 88' lang='lat' dir='ltr'>quae</span> <span class='ocrx_word' id='word_1_195' title='bbox 1673 1622 1867 1672; x_wconf 88' lang='lat' dir='ltr'>audiunt,</span> 
     </span>
     <span class='ocr_line' id='line_1_23' title="bbox 88 1689 1867 1739; baseline -0.003 -5"><span class='ocrx_word' id='word_1_196' title='bbox 88 1691 239 1734; x_wconf 89' lang='lat' dir='ltr'>mirari</span> <span class='ocrx_word' id='word_1_197' title='bbox 281 1694 325 1734; x_wconf 91' lang='lat' dir='ltr'>et</span> <span class='ocrx_word' id='word_1_198' title='bbox 367 1691 670 1733; x_wconf 85' lang='lat' dir='ltr'>commendare</span> <span class='ocrx_word' id='word_1_199' title='bbox 703 1691 918 1733; x_wconf 85' lang='lat' dir='ltr'>uidentur.</span> <span class='ocrx_word' id='word_1_200' title='bbox 984 1690 1184 1731; x_wconf 90' lang='lat' dir='ltr'>Orandus</span> <span class='ocrx_word' id='word_1_201' title='bbox 1227 1691 1294 1731; x_wconf 87' lang='lat' dir='ltr'>est</span> <span class='ocrx_word' id='word_1_202' title='bbox 1326 1689 1557 1739; x_wconf 86' lang='lat' dir='ltr'>Dominus,</span> <span class='ocrx_word' id='word_1_203' title='bbox 1600 1691 1649 1730; x_wconf 89' lang='lat' dir='ltr'>ut</span> <span class='ocrx_word' id='word_1_204' title='bbox 1691 1701 1867 1729; x_wconf 88' lang='lat' dir='ltr'>causam</span> 
     </span>
     <span class='ocr_line' id='line_1_24' title="bbox 89 1752 1867 1811; baseline -0.003 -12"><span class='ocrx_word' id='word_1_205' title='bbox 89 1757 328 1811; x_wconf 84' lang='lat' dir='ltr'>Religionis</span> <span class='ocrx_word' id='word_1_206' title='bbox 370 1772 396 1800; x_wconf 87' lang='lat' dir='ltr'>a</span> <span class='ocrx_word' id='word_1_207' title='bbox 427 1759 496 1800; x_wconf 91' lang='lat' dir='ltr'>tot</span> <span class='ocrx_word' id='word_1_208' title='bbox 536 1757 733 1799; x_wconf 85' lang='lat' dir='ltr'>hostibus</span> <span class='ocrx_word' id='word_1_209' title='bbox 776 1760 820 1799; x_wconf 92' lang='lat' dir='ltr'>et</span> <span class='ocrx_word' id='word_1_210' title='bbox 852 1755 1045 1811; x_wconf 89' lang='lat' dir='ltr'>pestibus</span> <span class='ocrx_word' id='word_1_211' title='bbox 1077 1755 1253 1805; x_wconf 87' lang='lat' dir='ltr'>liberet,</span> <span class='ocrx_word' id='word_1_212' title='bbox 1298 1757 1431 1807; x_wconf 88' lang='lat' dir='ltr'>utque</span> <span class='ocrx_word' id='word_1_213' title='bbox 1465 1753 1710 1796; x_wconf 87' lang='lat' dir='ltr'>Catholicos</span> <span class='ocrx_word' id='word_1_214' title='bbox 1742 1752 1867 1794; x_wconf 88' lang='lat' dir='ltr'>Prin-</span> 
     </span>
     <span class='ocr_line' id='line_1_25' title="bbox 89 1819 1865 1878; baseline -0.003 -13"><span class='ocrx_word' id='word_1_215' title='bbox 89 1823 205 1878; x_wconf 87' lang='lat' dir='ltr'>cipes</span> <span class='ocrx_word' id='word_1_216' title='bbox 237 1822 362 1865; x_wconf 80' lang='lat' dir='ltr'>nouis</span> <span class='ocrx_word' id='word_1_217' title='bbox 394 1823 510 1865; x_wconf 89' lang='lat' dir='ltr'>inter</span> <span class='ocrx_word' id='word_1_218' title='bbox 541 1837 587 1865; x_wconf 91' lang='lat' dir='ltr'>se</span> <span class='ocrx_word' id='word_1_219' title='bbox 611 1822 858 1865; x_wconf 87' lang='lat' dir='ltr'>foederibus</span> <span class='ocrx_word' id='word_1_220' title='bbox 892 1821 1146 1863; x_wconf 90' lang='lat' dir='ltr'>conciliatos</span> <span class='ocrx_word' id='word_1_221' title='bbox 1178 1823 1369 1870; x_wconf 86' lang='lat' dir='ltr'>tueatur,</span> <span class='ocrx_word' id='word_1_222' title='bbox 1404 1822 1536 1872; x_wconf 88' lang='lat' dir='ltr'>atque</span> <span class='ocrx_word' id='word_1_223' title='bbox 1569 1819 1623 1861; x_wconf 88' lang='lat' dir='ltr'>ad</span> <span class='ocrx_word' id='word_1_224' title='bbox 1647 1819 1865 1872; x_wconf 72' lang='lat' dir='ltr'>synodum</span> 
     </span>
     <span class='ocr_line' id='line_1_26' title="bbox 87 1885 1867 1943; baseline -0.003 -12"><span class='ocrx_word' id='word_1_225' title='bbox 87 1889 428 1943; x_wconf 89' lang='lat' dir='ltr'>promouendam</span> <span class='ocrx_word' id='word_1_226' title='bbox 461 1888 658 1943; x_wconf 80' lang='lat' dir='ltr'>Spiritu</span> <span class='ocrx_word' id='word_1_227' title='bbox 691 1887 970 1942; x_wconf 83' lang='lat' dir='ltr'>principalj</span> <span class='ocrx_word' id='word_1_228' title='bbox 1012 1886 1289 1928; x_wconf 84' lang='lat' dir='ltr'>confirmet</span> <span class='ocrx_word' id='word_1_229' title='bbox 1306 1886 1333 1928; x_wconf 71' lang='lat'>0.</span> <span class='ocrx_word' id='word_1_230' title='bbox 1400 1885 1689 1927; x_wconf 80' lang='lat' dir='ltr'>Gratulantur</span> <span class='ocrx_word' id='word_1_231' title='bbox 1721 1886 1867 1926; x_wconf 89' lang='lat' dir='ltr'>autem</span> 
     </span>
     <span class='ocr_line' id='line_1_27' title="bbox 88 1949 1867 2004; baseline -0.004 -7"><span class='ocrx_word' id='word_1_232' title='bbox 88 1954 168 1996; x_wconf 84' lang='lat' dir='ltr'>sibi</span> <span class='ocrx_word' id='word_1_233' title='bbox 209 1954 309 1996; x_wconf 88' lang='lat' dir='ltr'>boni</span> <span class='ocrx_word' id='word_1_234' title='bbox 351 1968 501 1996; x_wconf 91' lang='lat' dir='ltr'>omnes</span> <span class='ocrx_word' id='word_1_235' title='bbox 544 1954 596 1996; x_wconf 91' lang='lat' dir='ltr'>de</span> <span class='ocrx_word' id='word_1_236' title='bbox 628 1953 936 1996; x_wconf 82' lang='lat' dir='ltr'>Jllustrissimo</span> <span class='ocrx_word' id='word_1_237' title='bbox 970 1951 1153 1993; x_wconf 90' lang='lat' dir='ltr'>Domino</span> <span class='ocrx_word' id='word_1_238' title='bbox 1187 1950 1455 2001; x_wconf 87' lang='lat' dir='ltr'>Varmiensi,</span> <span class='ocrx_word' id='word_1_239' title='bbox 1499 1951 1569 2004; x_wconf 87' lang='lat' dir='ltr'>quj</span> <span class='ocrx_word' id='word_1_240' title='bbox 1612 1964 1698 1991; x_wconf 90' lang='lat' dir='ltr'>non</span> <span class='ocrx_word' id='word_1_241' title='bbox 1740 1949 1867 1990; x_wconf 88' lang='lat' dir='ltr'>modo</span> 
     </span>
     <span class='ocr_line' id='line_1_28' title="bbox 89 2014 1866 2074; baseline -0.003 -12"><span class='ocrx_word' id='word_1_242' title='bbox 89 2019 343 2071; x_wconf 85' lang='lat' dir='ltr'>Cardinalis,</span> <span class='ocrx_word' id='word_1_243' title='bbox 378 2034 528 2062; x_wconf 92' lang='lat' dir='ltr'>uerum</span> <span class='ocrx_word' id='word_1_244' title='bbox 553 2019 684 2063; x_wconf 88' lang='lat' dir='ltr'>etiam</span> <span class='ocrx_word' id='word_1_245' title='bbox 708 2018 871 2074; x_wconf 84' lang='lat' dir='ltr'>Synodi</span> <span class='ocrx_word' id='word_1_246' title='bbox 893 2018 1086 2070; x_wconf 79' lang='lat' dir='ltr'>Legatus</span> <span class='ocrx_word' id='word_1_247' title='bbox 1118 2017 1185 2058; x_wconf 90' lang='lat' dir='ltr'>his</span> <span class='ocrx_word' id='word_1_248' title='bbox 1212 2016 1361 2058; x_wconf 89' lang='lat' dir='ltr'>diebus</span> <span class='ocrx_word' id='word_1_249' title='bbox 1394 2030 1419 2058; x_wconf 92' lang='lat' dir='ltr'>a</span> <span class='ocrx_word' id='word_1_250' title='bbox 1442 2015 1652 2058; x_wconf 89' lang='lat' dir='ltr'>Pontifice</span> <span class='ocrx_word' id='word_1_251' title='bbox 1673 2014 1866 2056; x_wconf 77' lang='lat' dir='ltr'>Maximo</span> 
     </span>
     <span class='ocr_line' id='line_1_29' title="bbox 89 2085 483 2138; baseline 0.005 -12"><span class='ocrx_word' id='word_1_252' title='bbox 89 2085 147 2128; x_wconf 90' lang='lat' dir='ltr'>sit</span> <span class='ocrx_word' id='word_1_253' title='bbox 180 2085 437 2138; x_wconf 82' lang='lat' dir='ltr'>designatus</span> <span class='ocrx_word' id='word_1_254' title='bbox 455 2086 483 2128; x_wconf 81' lang='lat'>7.</span> 
     </span>
    </p>

    <p class='ocr_par' dir='ltr' id='par_1_5' title="bbox 87 2172 1868 2274">
     <span class='ocr_line' id='line_1_30' title="bbox 208 2172 1867 2223; baseline -0.004 -11"><span class='ocrx_word' id='word_1_255' title='bbox 208 2178 249 2212; x_wconf 93' lang='lat' dir='ltr'>In</span> <span class='ocrx_word' id='word_1_256' title='bbox 275 2180 457 2223; x_wconf 88' lang='lat' dir='ltr'>postrema</span> <span class='ocrx_word' id='word_1_257' title='bbox 483 2178 590 2212; x_wconf 85' lang='lat' dir='ltr'>huius</span> <span class='ocrx_word' id='word_1_258' title='bbox 617 2177 803 2211; x_wconf 82' lang='lat' dir='ltr'>relationis</span> <span class='ocrx_word' id='word_1_259' title='bbox 829 2175 961 2221; x_wconf 82' lang='lat' dir='ltr'>pagina</span> <span class='ocrx_word' id='word_1_260' title='bbox 989 2187 1097 2209; x_wconf 87' lang='lat' dir='ltr'>manu</span> <span class='ocrx_word' id='word_1_261' title='bbox 1115 2175 1229 2220; x_wconf 87' lang='lat' dir='ltr'>ipsius</span> <span class='ocrx_word' id='word_1_262' title='bbox 1248 2175 1287 2209; x_wconf 85' lang='lat' dir='ltr'>P.</span> <span class='ocrx_word' id='word_1_263' title='bbox 1308 2175 1461 2208; x_wconf 89' lang='lat' dir='ltr'>Elderen</span> <span class='ocrx_word' id='word_1_264' title='bbox 1487 2174 1662 2219; x_wconf 86' lang='lat' dir='ltr'>scriptum</span> <span class='ocrx_word' id='word_1_265' title='bbox 1689 2175 1764 2208; x_wconf 88' lang='lat' dir='ltr'>est:</span> <span class='ocrx_word' id='word_1_266' title='bbox 1795 2172 1867 2214; x_wconf 80' lang='lat' dir='ltr'>„De</span> 
     </span>
     <span class='ocr_line' id='line_1_31' title="bbox 87 2226 1868 2274; baseline -0.003 -9"><span class='ocrx_word' id='word_1_267' title='bbox 87 2231 196 2266; x_wconf 88' lang='lat' dir='ltr'>rebus</span> <span class='ocrx_word' id='word_1_268' title='bbox 220 2231 325 2266; x_wconf 90' lang='lat' dir='ltr'>nouis</span> <span class='ocrx_word' id='word_1_269' title='bbox 344 2230 558 2266; x_wconf 83' lang='lat' dir='ltr'>Germaniae</span> <span class='ocrx_word' id='word_1_270' title='bbox 580 2231 667 2265; x_wconf 81' lang='lat'>1561</span> <span class='ocrx_word' id='word_1_271' title='bbox 689 2231 813 2264; x_wconf 90' lang='lat' dir='ltr'>Mense</span> <span class='ocrx_word' id='word_1_272' title='bbox 832 2229 986 2274; x_wconf 74' lang='lat' dir='ltr'>Ma1·tij.“</span> <span class='ocrx_word' id='word_1_273' title='bbox 1025 2229 1147 2273; x_wconf 85' lang='lat' dir='ltr'>Atque</span> <span class='ocrx_word' id='word_1_274' title='bbox 1174 2240 1255 2263; x_wconf 89' lang='lat' dir='ltr'>cum</span> <span class='ocrx_word' id='word_1_275' title='bbox 1282 2228 1317 2262; x_wconf 92' lang='lat' dir='ltr'>in</span> <span class='ocrx_word' id='word_1_276' title='bbox 1344 2228 1468 2262; x_wconf 88' lang='lat' dir='ltr'>eadem</span> <span class='ocrx_word' id='word_1_277' title='bbox 1494 2227 1669 2262; x_wconf 82' lang='lat' dir='ltr'>relatione</span> <span class='ocrx_word' id='word_1_278' title='bbox 1696 2227 1738 2260; x_wconf 90' lang='lat' dir='ltr'>de</span> <span class='ocrx_word' id='word_1_279' title='bbox 1757 2226 1868 2260; x_wconf 85' lang='lat' dir='ltr'>Hosio</span> 
     </span>
    </p>
   </div>
   <div class='ocr_carea' id='block_1_5' title="bbox 88 2281 1868 2380">
    <p class='ocr_par' dir='ltr' id='par_1_6' title="bbox 88 2281 1868 2380">
     <span class='ocr_line' id='line_1_32' title="bbox 92 2281 1868 2330; baseline -0.003 -12"><span class='ocrx_word' id='word_1_280' title='bbox 92 2284 248 2330; x_wconf 81' lang='lat' dir='ltr'>„Synodi</span> <span class='ocrx_word' id='word_1_281' title='bbox 274 2284 410 2329; x_wconf 87' lang='lat' dir='ltr'>Legato</span> <span class='ocrx_word' id='word_1_282' title='bbox 436 2285 493 2319; x_wconf 90' lang='lat' dir='ltr'>his</span> <span class='ocrx_word' id='word_1_283' title='bbox 520 2285 645 2319; x_wconf 88' lang='lat' dir='ltr'>diebus</span> <span class='ocrx_word' id='word_1_284' title='bbox 674 2312 680 2319; x_wconf 92' lang='lat'>.</span> <span class='ocrx_word' id='word_1_285' title='bbox 710 2312 716 2318; x_wconf 95' lang='lat'>.</span> <span class='ocrx_word' id='word_1_286' title='bbox 744 2283 952 2326; x_wconf 52' lang='lat' dir='ltr'>designat&amp;</span> <span class='ocrx_word' id='word_1_287' title='bbox 982 2302 1028 2306; x_wconf 85' lang='lat'>—</span> <span class='ocrx_word' id='word_1_288' title='bbox 1055 2282 1266 2326; x_wconf 84' lang='lat' dir='ltr'>designatus</span> <span class='ocrx_word' id='word_1_289' title='bbox 1293 2284 1349 2316; x_wconf 83' lang='lat' dir='ltr'>est</span> <span class='ocrx_word' id='word_1_290' title='bbox 1377 2282 1430 2316; x_wconf 89' lang='lat'>10.</span> <span class='ocrx_word' id='word_1_291' title='bbox 1458 2281 1580 2315; x_wconf 85' lang='lat' dir='ltr'>Martii</span> <span class='ocrx_word' id='word_1_292' title='bbox 1605 2301 1652 2304; x_wconf 98' lang='lat'><strong>—</strong></span> <span class='ocrx_word' id='word_1_293' title='bbox 1678 2281 1868 2321; x_wconf 84' lang='lat' dir='ltr'>scribatur,</span> 
     </span>
     <span class='ocr_line' id='line_1_33' title="bbox 88 2333 1868 2380; baseline -0.003 -7"><span class='ocrx_word' id='word_1_294' title='bbox 88 2340 125 2372; x_wconf 89' lang='lat' dir='ltr'>et</span> <span class='ocrx_word' id='word_1_295' title='bbox 150 2350 232 2373; x_wconf 85' lang='lat' dir='ltr'>cum</span> <span class='ocrx_word' id='word_1_296' title='bbox 249 2338 290 2373; x_wconf 90' lang='lat' dir='ltr'>P.</span> <span class='ocrx_word' id='word_1_297' title='bbox 310 2339 496 2373; x_wconf 88' lang='lat' dir='ltr'>Hurtadus</span> <span class='ocrx_word' id='word_1_298' title='bbox 524 2337 658 2372; x_wconf 84' lang='lat' dir='ltr'>Canisii</span> <span class='ocrx_word' id='word_1_299' title='bbox 686 2337 786 2372; x_wconf 87' lang='lat' dir='ltr'>iussu</span> <span class='ocrx_word' id='word_1_300' title='bbox 804 2338 970 2380; x_wconf 85' lang='lat' dir='ltr'>Augusta</span> <span class='ocrx_word' id='word_1_301' title='bbox 1006 2336 1063 2370; x_wconf 77' lang='lat'>22.</span> <span class='ocrx_word' id='word_1_302' title='bbox 1090 2335 1212 2369; x_wconf 88' lang='lat' dir='ltr'>Martii</span> <span class='ocrx_word' id='word_1_303' title='bbox 1241 2336 1329 2370; x_wconf 91' lang='lat'>1561</span> <span class='ocrx_word' id='word_1_304' title='bbox 1358 2335 1482 2369; x_wconf 89' lang='lat' dir='ltr'>Lainio</span> <span class='ocrx_word' id='word_1_305' title='bbox 1509 2334 1715 2380; x_wconf 87' lang='lat' dir='ltr'>scripserit:</span> <span class='ocrx_word' id='word_1_306' title='bbox 1749 2333 1868 2374; x_wconf 82' lang='lat' dir='ltr'>„Man-</span> 
     </span>
    </p>
   </div>
   <div class='ocr_carea' id='block_1_6' title="bbox 36 2388 1867 2433">
    <p class='ocr_par' dir='ltr' id='par_1_7' title="bbox 36 2388 1867 2433">
     <span class='ocr_line' id='line_1_34' title="bbox 36 2388 1867 2433; baseline -0.002 -8"><span class='ocrx_word' id='word_1_307' title='bbox 36 2415 39 2417; x_wconf 91' lang='lat'>-</span> <span class='ocrx_word' id='word_1_308' title='bbox 90 2391 209 2426; x_wconf 86' lang='lat' dir='ltr'>diamo</span> <span class='ocrx_word' id='word_1_309' title='bbox 236 2394 257 2427; x_wconf 76' lang='lat' dir='ltr'>a</span> <span class='ocrx_word' id='word_1_310' title='bbox 283 2392 326 2427; x_wconf 91' lang='lat' dir='ltr'>V.</span> <span class='ocrx_word' id='word_1_311' title='bbox 346 2392 387 2427; x_wconf 91' lang='lat' dir='ltr'>P.</span> <span class='ocrx_word' id='word_1_312' title='bbox 415 2404 485 2426; x_wconf 84' lang='lat' dir='ltr'>vne</span> <span class='ocrx_word' id='word_1_313' title='bbox 511 2392 624 2425; x_wconf 88' lang='lat' dir='ltr'>letere</span> <span class='ocrx_word' id='word_1_314' title='bbox 650 2391 693 2424; x_wconf 92' lang='lat' dir='ltr'>de</span> <span class='ocrx_word' id='word_1_315' title='bbox 719 2391 826 2425; x_wconf 90' lang='lat' dir='ltr'>rebus</span> <span class='ocrx_word' id='word_1_316' title='bbox 853 2390 956 2424; x_wconf 89' lang='lat' dir='ltr'>nouis</span> <span class='ocrx_word' id='word_1_317' title='bbox 981 2388 1239 2424; x_wconf 83' lang='lat' dir='ltr'>Germaniae“:</span> <span class='ocrx_word' id='word_1_318' title='bbox 1267 2388 1423 2423; x_wconf 87' lang='lat' dir='ltr'>dubitari</span> <span class='ocrx_word' id='word_1_319' title='bbox 1448 2400 1518 2422; x_wconf 91' lang='lat' dir='ltr'>non</span> <span class='ocrx_word' id='word_1_320' title='bbox 1544 2390 1674 2433; x_wconf 86' lang='lat' dir='ltr'>potest,</span> <span class='ocrx_word' id='word_1_321' title='bbox 1702 2388 1788 2431; x_wconf 91' lang='lat' dir='ltr'>quin</span> <span class='ocrx_word' id='word_1_322' title='bbox 1814 2399 1867 2420; x_wconf 87' lang='lat' dir='ltr'>re-</span> 
     </span>
    </p>
   </div>
   <div class='ocr_carea' id='block_1_7' title="bbox 89 2440 1868 2488">
    <p class='ocr_par' dir='ltr' id='par_1_8' title="bbox 89 2440 1868 2488">
     <span class='ocr_line' id='line_1_35' title="bbox 89 2440 1868 2488; baseline -0.003 -10"><span class='ocrx_word' id='word_1_323' title='bbox 89 2443 178 2480; x_wconf 85' lang='lat' dir='ltr'>latio</span> <span class='ocrx_word' id='word_1_324' title='bbox 204 2446 294 2480; x_wconf 82' lang='lat' dir='ltr'>haec</span> <span class='ocrx_word' id='word_1_325' title='bbox 319 2446 386 2480; x_wconf 86' lang='lat' dir='ltr'>sub</span> <span class='ocrx_word' id='word_1_326' title='bbox 412 2446 468 2480; x_wconf 76' lang='lat'>22.</span> <span class='ocrx_word' id='word_1_327' title='bbox 496 2445 618 2479; x_wconf 88' lang='lat' dir='ltr'>Martii</span> <span class='ocrx_word' id='word_1_328' title='bbox 648 2445 735 2479; x_wconf 85' lang='lat'>1561</span> <span class='ocrx_word' id='word_1_329' title='bbox 766 2443 902 2488; x_wconf 86' lang='lat' dir='ltr'>scripta</span> <span class='ocrx_word' id='word_1_330' title='bbox 927 2443 985 2477; x_wconf 88' lang='lat' dir='ltr'>sit.</span> <span class='ocrx_word' id='word_1_331' title='bbox 1038 2442 1151 2484; x_wconf 82' lang='lat' dir='ltr'>Quam</span> <span class='ocrx_word' id='word_1_332' title='bbox 1180 2442 1322 2477; x_wconf 88' lang='lat' dir='ltr'>Canisio</span> <span class='ocrx_word' id='word_1_333' title='bbox 1357 2442 1416 2476; x_wconf 90' lang='lat' dir='ltr'>vel</span> <span class='ocrx_word' id='word_1_334' title='bbox 1443 2441 1603 2476; x_wconf 76' lang='lat' dir='ltr'>dictante</span> <span class='ocrx_word' id='word_1_335' title='bbox 1629 2441 1687 2475; x_wconf 89' lang='lat' dir='ltr'>vel</span> <span class='ocrx_word' id='word_1_336' title='bbox 1714 2440 1868 2474; x_wconf 84' lang='lat' dir='ltr'>multum</span> 
     </span>
    </p>
   </div>
   <div class='ocr_carea' id='block_1_8' title="bbox 97 2537 333 2541">
    <p class='ocr_par' dir='ltr' id='par_1_9' title="bbox 97 2537 333 2541">
     <span class='ocr_line' id='line_1_36' title="bbox 97 2537 333 2541; baseline 0 0"><span class='ocrx_word' id='word_1_337' title='bbox 97 2537 333 2541; x_wconf 95' lang='lat' dir='ltr'> </span> 
     </span>
    </p>
   </div>
   <div class='ocr_carea' id='block_1_9' title="bbox 211 2583 1868 2631">
    <p class='ocr_par' dir='ltr' id='par_1_10' title="bbox 211 2583 1868 2631">
     <span class='ocr_line' id='line_1_37' title="bbox 211 2583 1868 2631; baseline -0.004 -7"><span class='ocrx_word' id='word_1_338' title='bbox 211 2591 221 2611; x_wconf 89' lang='lat'><strong>¹</strong></span> <span class='ocrx_word' id='word_1_339' title='bbox 249 2590 535 2624; x_wconf 88' lang='lat' dir='ltr'>Commendonus</span> <span class='ocrx_word' id='word_1_340' title='bbox 562 2588 783 2623; x_wconf 83' lang='lat' dir='ltr'>Ioachimum</span> <span class='ocrx_word' id='word_1_341' title='bbox 810 2588 853 2622; x_wconf 90' lang='grc' dir='ltr'>ΙΙ.</span> <span class='ocrx_word' id='word_1_342' title='bbox 881 2588 1071 2622; x_wconf 84' lang='lat' dir='ltr'>electorem</span> <span class='ocrx_word' id='word_1_343' title='bbox 1100 2586 1259 2621; x_wconf 85' lang='lat' dir='ltr'>Berolini</span> <span class='ocrx_word' id='word_1_344' title='bbox 1293 2586 1449 2631; x_wconf 87' lang='lat' dir='ltr'>primum</span> <span class='ocrx_word' id='word_1_345' title='bbox 1484 2585 1573 2619; x_wconf 88' lang='lat' dir='ltr'>adiit</span> <span class='ocrx_word' id='word_1_346' title='bbox 1598 2585 1654 2619; x_wconf 74' lang='lat'>20.</span> <span class='ocrx_word' id='word_1_347' title='bbox 1681 2583 1868 2618; x_wconf 82' lang='lat' dir='ltr'>Februarii</span> 
     </span>
    </p>
   </div>
   <div class='ocr_carea' id='block_1_10' title="bbox 91 2641 1255 2687">
    <p class='ocr_par' dir='ltr' id='par_1_11' title="bbox 91 2641 1255 2687">
     <span class='ocr_line' id='line_1_38' title="bbox 91 2641 1255 2687; baseline -0.003 -9"><span class='ocrx_word' id='word_1_348' title='bbox 91 2644 181 2678; x_wconf 82' lang='lat'>1561</span> <span class='ocrx_word' id='word_1_349' title='bbox 208 2643 245 2677; x_wconf 91' lang='lat' dir='ltr'>in</span> <span class='ocrx_word' id='word_1_350' title='bbox 272 2643 421 2687; x_wconf 90' lang='lat' dir='ltr'>eiusque</span> <span class='ocrx_word' id='word_1_351' title='bbox 447 2643 550 2676; x_wconf 89' lang='lat' dir='ltr'>domo</span> <span class='ocrx_word' id='word_1_352' title='bbox 578 2654 641 2687; x_wconf 89' lang='lat' dir='ltr'>per</span> <span class='ocrx_word' id='word_1_353' title='bbox 667 2641 872 2686; x_wconf 86' lang='lat' dir='ltr'>complures</span> <span class='ocrx_word' id='word_1_354' title='bbox 898 2641 974 2675; x_wconf 89' lang='lat' dir='ltr'>dies</span> <span class='ocrx_word' id='word_1_355' title='bbox 1000 2642 1161 2674; x_wconf 86' lang='lat' dir='ltr'>moratus</span> <span class='ocrx_word' id='word_1_356' title='bbox 1188 2642 1255 2674; x_wconf 88' lang='lat' dir='ltr'>est.</span> 
     </span>
    </p>
   </div>
   <div class='ocr_carea' id='block_1_11' title="bbox 88 2696 1869 2846">
    <p class='ocr_par' dir='ltr' id='par_1_12' title="bbox 88 2696 1869 2846">
     <span class='ocr_line' id='line_1_39' title="bbox 213 2697 227 2717; baseline 0 0"><span class='ocrx_word' id='word_1_357' title='bbox 213 2697 227 2717; x_wconf 86' lang='lat'><strong>2</strong></span> 
     </span>
     <span class='ocr_line' id='line_1_40' title="bbox 212 2696 1869 2793; baseline -0.004 -9"><span class='ocrx_word' id='word_1_358' title='bbox 212 2750 225 2770; x_wconf 78' lang='lat'><strong>3</strong></span> <span class='ocrx_word' id='word_1_359' title='bbox 250 2696 697 2783; x_wconf 47' lang='lat' dir='ltr'>HssffitlitlasntgFridericus</span> <span class='ocrx_word' id='word_1_360' title='bbox 717 2747 917 2793; x_wconf 83' lang='lat' dir='ltr'>Staphylus</span> <span class='ocrx_word' id='word_1_361' title='bbox 945 2747 1005 2792; x_wconf 88' lang='lat' dir='ltr'>(de</span> <span class='ocrx_word' id='word_1_362' title='bbox 1032 2759 1101 2791; x_wconf 84' lang='lat' dir='ltr'>quo</span> <span class='ocrx_word' id='word_1_363' title='bbox 1123 2748 1211 2780; x_wconf 76' lang='lat' dir='ltr'>Ccm.</span> <span class='ocrx_word' id='word_1_364' title='bbox 1238 2746 1373 2791; x_wconf 82' lang='lat' dir='ltr'>Epp.1,</span> <span class='ocrx_word' id='word_1_365' title='bbox 1402 2744 1515 2789; x_wconf 78' lang='lat'>557¹),</span> <span class='ocrx_word' id='word_1_366' title='bbox 1543 2746 1698 2778; x_wconf 82' lang='lat' dir='ltr'>exeunte</span> <span class='ocrx_word' id='word_1_367' title='bbox 1724 2755 1756 2778; x_wconf 83' lang='lat' dir='ltr'>a.</span> <span class='ocrx_word' id='word_1_368' title='bbox 1777 2743 1869 2777; x_wconf 87' lang='lat'>1560</span> 
     </span>
     <span class='ocr_line' id='line_1_41' title="bbox 88 2796 1869 2846; baseline -0.004 -9"><span class='ocrx_word' id='word_1_369' title='bbox 88 2802 339 2838; x_wconf 85' lang='lat' dir='ltr'>universitatis</span> <span class='ocrx_word' id='word_1_370' title='bbox 352 2802 649 2846; x_wconf 81' lang='lat' dir='ltr'>ingolstadiensis</span> <span class='ocrx_word' id='word_1_371' title='bbox 668 2800 1006 2846; x_wconf 86' lang='lat' dir='ltr'>„superintendens“</span> <span class='ocrx_word' id='word_1_372' title='bbox 1023 2802 1058 2834; x_wconf 91' lang='lat' dir='ltr'>et</span> <span class='ocrx_word' id='word_1_373' title='bbox 1072 2800 1255 2845; x_wconf 86' lang='lat' dir='ltr'>professor</span> <span class='ocrx_word' id='word_1_374' title='bbox 1270 2799 1500 2840; x_wconf 86' lang='lat' dir='ltr'>constitutus,</span> <span class='ocrx_word' id='word_1_375' title='bbox 1516 2797 1692 2832; x_wconf 87' lang='lat' dir='ltr'>ediderat:</span> <span class='ocrx_word' id='word_1_376' title='bbox 1712 2796 1869 2840; x_wconf 81' lang='lat' dir='ltr'>„Christ-</span> 
     </span>
    </p>
   </div>
   <div class='ocr_carea' id='block_1_12' title="bbox 88 2850 1868 3006">
    <p class='ocr_par' dir='ltr' id='par_1_13' title="bbox 88 2850 1868 3006">
     <span class='ocr_line' id='line_1_42' title="bbox 88 2850 1868 2900; baseline -0.004 -9"><span class='ocrx_word' id='word_1_377' title='bbox 88 2856 203 2891; x_wconf 85' lang='lat' dir='ltr'>licher</span> <span class='ocrx_word' id='word_1_378' title='bbox 228 2856 488 2900; x_wconf 82' lang='lat' dir='ltr'>gegenbericht</span> <span class='ocrx_word' id='word_1_379' title='bbox 514 2883 521 2889; x_wconf 90' lang='lat'>.</span> <span class='ocrx_word' id='word_1_380' title='bbox 550 2882 558 2888; x_wconf 93' lang='lat'>.</span> <span class='ocrx_word' id='word_1_381' title='bbox 586 2883 592 2890; x_wconf 95' lang='lat'>.</span> <span class='ocrx_word' id='word_1_382' title='bbox 619 2854 712 2889; x_wconf 90' lang='lat' dir='ltr'>Vom</span> <span class='ocrx_word' id='word_1_383' title='bbox 737 2854 887 2889; x_wconf 87' lang='lat' dir='ltr'>rechten</span> <span class='ocrx_word' id='word_1_384' title='bbox 921 2865 1041 2888; x_wconf 84' lang='lat' dir='ltr'>waren</span> <span class='ocrx_word' id='word_1_385' title='bbox 1077 2853 1250 2888; x_wconf 86' lang='lat' dir='ltr'>verstand</span> <span class='ocrx_word' id='word_1_386' title='bbox 1286 2852 1348 2886; x_wconf 88' lang='lat' dir='ltr'>des</span> <span class='ocrx_word' id='word_1_387' title='bbox 1376 2850 1587 2886; x_wconf 67' lang='lat' dir='ltr'>thtlichen</span> <span class='ocrx_word' id='word_1_388' title='bbox 1620 2850 1748 2885; x_wconf 78' lang='lat' dir='ltr'>worts“</span> <span class='ocrx_word' id='word_1_389' title='bbox 1779 2851 1868 2890; x_wconf 89' lang='lat' dir='ltr'>etc.;</span> 
     </span>
     <span class='ocr_line' id='line_1_43' title="bbox 90 2907 876 2954; baseline -0.003 -10"><span class='ocrx_word' id='word_1_390' title='bbox 90 2910 133 2944; x_wconf 92' lang='lat' dir='ltr'>de</span> <span class='ocrx_word' id='word_1_391' title='bbox 159 2921 229 2954; x_wconf 87' lang='lat' dir='ltr'>quo</span> <span class='ocrx_word' id='word_1_392' title='bbox 254 2909 346 2944; x_wconf 89' lang='lat' dir='ltr'>libro</span> <span class='ocrx_word' id='word_1_393' title='bbox 372 2909 454 2943; x_wconf 90' lang='lat' dir='ltr'>vide</span> <span class='ocrx_word' id='word_1_394' title='bbox 480 2908 585 2949; x_wconf 85' lang='lat' dir='ltr'>infra,</span> <span class='ocrx_word' id='word_1_395' title='bbox 612 2919 767 2942; x_wconf 87' lang='lat' dir='ltr'>monum.</span> <span class='ocrx_word' id='word_1_396' title='bbox 795 2907 876 2942; x_wconf 79' lang='lat'>386.</span> 
     </span>
     <span class='ocr_line' id='line_1_44' title="bbox 211 2959 1500 3006; baseline -0.004 -9"><span class='ocrx_word' id='word_1_397' title='bbox 211 2965 225 2984; x_wconf 76' lang='lat'>4</span> <span class='ocrx_word' id='word_1_398' title='bbox 250 2963 362 2997; x_wconf 83' lang='lat' dir='ltr'>Marc.</span> <span class='ocrx_word' id='word_1_399' title='bbox 393 2963 446 3003; x_wconf 88' lang='grc'>16,</span> <span class='ocrx_word' id='word_1_400' title='bbox 474 2962 530 2996; x_wconf 79' lang='grc'>20.</span> <span class='ocrx_word' id='word_1_401' title='bbox 677 2962 690 2981; x_wconf 89' lang='lat'>⁵</span> <span class='ocrx_word' id='word_1_402' title='bbox 716 2961 807 2995; x_wconf 89' lang='lat' dir='ltr'>Vide</span> <span class='ocrx_word' id='word_1_403' title='bbox 834 2972 944 3006; x_wconf 88' lang='lat' dir='ltr'>supra</span> <span class='ocrx_word' id='word_1_404' title='bbox 969 2973 1002 3006; x_wconf 91' lang='lat' dir='ltr'>p.</span> <span class='ocrx_word' id='word_1_405' title='bbox 1031 2961 1088 2994; x_wconf 74' lang='lat'>72.</span> <span class='ocrx_word' id='word_1_406' title='bbox 1234 2961 1247 2979; x_wconf 57' lang='lat'>&lt;³</span> <span class='ocrx_word' id='word_1_407' title='bbox 1274 2959 1332 2993; x_wconf 91' lang='lat' dir='ltr'>Ps.</span> <span class='ocrx_word' id='word_1_408' title='bbox 1361 2959 1417 2996; x_wconf 87' lang='lat'>50.</span> <span class='ocrx_word' id='word_1_409' title='bbox 1446 2959 1500 2993; x_wconf 91' lang='lat'>14.</span> 
     </span>
    </p>
   </div>
   <div class='ocr_carea' id='block_1_13' title="bbox 89 3009 1869 3218">
    <p class='ocr_par' dir='ltr' id='par_1_14' title="bbox 89 3009 1869 3218">
     <span class='ocr_line' id='line_1_45' title="bbox 209 3009 1865 3052; baseline -0.005 -1"><span class='ocrx_word' id='word_1_410' title='bbox 209 3018 222 3037; x_wconf 77' lang='lat'>⁷</span> <span class='ocrx_word' id='word_1_411' title='bbox 248 3015 452 3051; x_wconf 82' lang='lat' dir='ltr'>Stanislaus</span> <span class='ocrx_word' id='word_1_412' title='bbox 478 3015 612 3049; x_wconf 86' lang='lat' dir='ltr'>Hosius</span> <span class='ocrx_word' id='word_1_413' title='bbox 639 3015 695 3049; x_wconf 77' lang='lat'>26.</span> <span class='ocrx_word' id='word_1_414' title='bbox 723 3013 909 3049; x_wconf 85' lang='lat' dir='ltr'>Februarii</span> <span class='ocrx_word' id='word_1_415' title='bbox 938 3014 1027 3049; x_wconf 84' lang='lat'>1561</span> <span class='ocrx_word' id='word_1_416' title='bbox 1057 3013 1252 3048; x_wconf 85' lang='lat' dir='ltr'>cardinalis</span> <span class='ocrx_word' id='word_1_417' title='bbox 1278 3012 1503 3052; x_wconf 85' lang='lat' dir='ltr'>nominatus,</span> <span class='ocrx_word' id='word_1_418' title='bbox 1542 3011 1595 3045; x_wconf 90' lang='lat'>10.</span> <span class='ocrx_word' id='word_1_419' title='bbox 1623 3009 1746 3044; x_wconf 84' lang='lat' dir='ltr'>Martii</span> <span class='ocrx_word' id='word_1_420' title='bbox 1774 3010 1865 3044; x_wconf 85' lang='lat'>1561</span> 
     </span>
     <span class='ocr_line' id='line_1_46' title="bbox 89 3063 1869 3113; baseline -0.004 -9"><span class='ocrx_word' id='word_1_421' title='bbox 89 3070 210 3104; x_wconf 87' lang='lat' dir='ltr'>iussus</span> <span class='ocrx_word' id='word_1_422' title='bbox 236 3071 314 3104; x_wconf 87' lang='lat' dir='ltr'>erat</span> <span class='ocrx_word' id='word_1_423' title='bbox 341 3069 439 3113; x_wconf 90' lang='lat' dir='ltr'>(cum</span> <span class='ocrx_word' id='word_1_424' title='bbox 466 3070 639 3113; x_wconf 84' lang='lat' dir='ltr'>quattuor</span> <span class='ocrx_word' id='word_1_425' title='bbox 674 3067 756 3102; x_wconf 81' lang='lat' dir='ltr'>aliis</span> <span class='ocrx_word' id='word_1_426' title='bbox 792 3067 1036 3101; x_wconf 83' lang='lat' dir='ltr'>cardinalibus</span> <span class='ocrx_word' id='word_1_427' title='bbox 1067 3066 1259 3110; x_wconf 84' lang='lat' dir='ltr'>„legatis“)</span> <span class='ocrx_word' id='word_1_428' title='bbox 1288 3065 1442 3100; x_wconf 89' lang='lat' dir='ltr'>concilio</span> <span class='ocrx_word' id='word_1_429' title='bbox 1476 3063 1673 3098; x_wconf 78' lang='lat' dir='ltr'>tridentino</span> <span class='ocrx_word' id='word_1_430' title='bbox 1699 3074 1869 3108; x_wconf 84' lang='lat' dir='ltr'>praeesse</span> 
     </span>
     <span class='ocr_line' id='line_1_47' title="bbox 92 3115 1867 3166; baseline -0.005 -8"><span class='ocrx_word' id='word_1_431' title='bbox 92 3123 330 3166; x_wconf 79' lang='lat' dir='ltr'>(Pallavicino</span> <span class='ocrx_word' id='word_1_432' title='bbox 356 3122 379 3157; x_wconf 89' lang='lat' dir='ltr'>l.</span> <span class='ocrx_word' id='word_1_433' title='bbox 399 3134 428 3156; x_wconf 93' lang='lat' dir='ltr'>c.</span> <span class='ocrx_word' id='word_1_434' title='bbox 455 3122 478 3156; x_wconf 91' lang='grc'>1.</span> <span class='ocrx_word' id='word_1_435' title='bbox 508 3122 561 3163; x_wconf 88' lang='lat'>15,</span> <span class='ocrx_word' id='word_1_436' title='bbox 590 3133 618 3156; x_wconf 89' lang='lat' dir='ltr'>c.</span> <span class='ocrx_word' id='word_1_437' title='bbox 646 3122 679 3155; x_wconf 90' lang='lat'>6.</span> <span class='ocrx_word' id='word_1_438' title='bbox 713 3123 798 3155; x_wconf 75' lang='lat' dir='ltr'>Ant.</span> <span class='ocrx_word' id='word_1_439' title='bbox 825 3121 1022 3164; x_wconf 63' lang='lat' dir='ltr'>Eichhmvz,</span> <span class='ocrx_word' id='word_1_440' title='bbox 1049 3120 1121 3154; x_wconf 87' lang='lat' dir='ltr'>Der</span> <span class='ocrx_word' id='word_1_441' title='bbox 1148 3119 1412 3154; x_wconf 65' lang='lat' dir='ltr'>ermliindische</span> <span class='ocrx_word' id='word_1_442' title='bbox 1431 3117 1581 3151; x_wconf 85' lang='lat' dir='ltr'>Bischof</span> <span class='ocrx_word' id='word_1_443' title='bbox 1604 3116 1675 3150; x_wconf 90' lang='lat' dir='ltr'>und</span> <span class='ocrx_word' id='word_1_444' title='bbox 1697 3115 1867 3150; x_wconf 87' lang='lat' dir='ltr'>Cardinal</span> 
     </span>
     <span class='ocr_line' id='line_1_48' title="bbox 91 3173 1018 3218; baseline -0.003 -7"><span class='ocrx_word' id='word_1_445' title='bbox 91 3176 294 3211; x_wconf 83' lang='lat' dir='ltr'>Stanislaus</span> <span class='ocrx_word' id='word_1_446' title='bbox 320 3175 453 3210; x_wconf 88' lang='lat' dir='ltr'>Hosius</span> <span class='ocrx_word' id='word_1_447' title='bbox 480 3175 512 3209; x_wconf 88' lang='grc' dir='ltr'>ΙΙ</span> <span class='ocrx_word' id='word_1_448' title='bbox 540 3174 673 3218; x_wconf 86' lang='lat' dir='ltr'>[Mainz</span> <span class='ocrx_word' id='word_1_449' title='bbox 701 3173 819 3218; x_wconf 75' lang='lat'>1855]‚</span> <span class='ocrx_word' id='word_1_450' title='bbox 849 3174 1018 3217; x_wconf 81' lang='lat'>15—16).</span> 
     </span>
    </p>
   </div>
  </div>
 </body>
</html>
