2093 3444
260 198 340 233 592.
376 197 591 232 Franciscus
618 196 817 231 Petrarcha
845 196 1000 231 Canisio.
1045 195 1158 230 Roma
1187 196 1241 230 13.
1269 195 1491 240 Septembris
1521 197 1621 231 1561.
1742 200 1827 240 213

52 317 230 352 Henricus
266 315 442 350 Hollanus
476 314 713 348 Lovaniensis
748 315 846 348 totus
881 314 1056 358 simplex“
1097 316 1163 348 etc.
1217 314 1271 348 lta
1307 315 1347 349 P.
1383 316 1598 349 Leonardus
1633 318 1753 350 Kessel
1790 317 1826 351 in

51 371 216 414 catalogo
243 369 386 412 collegii
412 368 627 403 coloniensis
654 368 685 402 S.
706 367 861 411 Augusti
892 368 982 402 1560
1008 368 1161 413 scripto;
1189 368 1224 401 in
1252 367 1333 402 aliis
1360 368 1536 412 catalogis
1563 369 1741 403 Henricus
1767 369 1828 403 ille

55 424 262 468 „Holland.“
298 422 484 465 „Hollanffl
516 423 667 455 vocatur
696 421 856 463 (Han-sen
885 420 908 455 l.
936 433 964 455 c.
992 433 1024 466 p.
1054 421 1132 455 363.
1162 421 1240 455 776.
1269 420 1365 465 778).

877 539 1007 581 592.

315 632 380 674 P.
412 630 864 674 FRANCISCUS
898 629 1355 673 PETRARCHA
1390 630 1445 673 S.
1479 630 1565 673 J.¹

151 725 322 768 nomine
354 724 567 779 Alphonsi
602 724 878 773 Salmeronis‚
915 723 1063 765 vicarii
1098 723 1316 776 generalis
1350 723 1582 766 Societatis
1616 724 1725 775 lesu,

801 817 1075 865 CANISIO.

662 924 775 960 Roma
800 923 849 960 13.
878 923 1105 971 Septembris
1132 923 1218 960 1561.

171 1009 226 1043 Ex
252 1008 461 1054 apographo
488 1008 648 1042 eiusdem
673 1007 866 1053 temporis;
894 1008 930 1041 in
957 1007 1137 1051 margine:
1170 1007 1357 1050 „Augusta
1375 1007 1492 1041 Padre
1520 1006 1699 1042 Canisi0“.
1743 1007 1828 1042 Cod.

55 1064 196 1107 „Gernr
227 1064 336 1097 1561“
369 1064 393 1096 f.
421 1062 499 1096 221².

174 1135 326 1178 Colleyia
351 1135 597 1177 mo‘quntinum
625 1136 655 1165 et
680 1133 945 1166 vindobonense.
997 1133 1035 1166 P.
1065 1133 1251 1166 Salmeron
1277 1133 1427 1166 Romam
1454 1133 1603 1165 advenit.

169 1219 410 1274 Epistulam
453 1218 700 1258 adiunctam
742 1218 794 1259 R.
828 1217 873 1258 V.
918 1217 1183 1271 Moquntiam
1225 1217 1285 1257 ad
1326 1217 1374 1259 P.
1411 1217 1608 1258 Rethium
1646 1218 1783 1258 mittat
1817 1252 1826 1260 .

51 1285 164 1328 Socii
197 1285 462 1339 M'oyuutiam
497 1283 699 1324 destinati
730 1283 828 1324 hinc
857 1283 1175 1337 proficiscentem·
1207 1284 1277 1324 15.
1312 1281 1578 1337 Septembris.

171 1360 419 1402 Vindobona
462 1361 631 1415 scripsit
672 1360 720 1402 P.
765 1360 962 1401 Adamas
1002 1359 1181 1412 [Ho'ler‚
1225 1360 1384 1414 colleyii
1422 1358 1638 1411 minister]
1650 1393 1660 1412 ,
1703 1374 1746 1401 se
1781 1360 1827 1401 ob

51 1428 100 1470 P.
128 1428 337 1469 Victoriae
360 1427 684 1481 aeyrotationem
717 1430 753 1467 et
785 1426 967 1467 aliorum
1003 1426 1231 1467 discessum
1264 1426 1425 1466 auoez'lio
1458 1426 1676 1480 indiyerej
1709 1440 1828 1480 (suemv

51 1494 111 1535 ad
144 1495 194 1535 R.
232 1493 276 1535 V.
310 1493 575 1534 remittimus.

170 1569 270 1611 Non
302 1571 422 1612 resta
463 1568 576 1611 altro
610 1568 687 1610 che
721 1566 786 1609 dir
817 1567 859 1609 in
894 1570 1048 1621 questa
1080 1581 1216 1609 senon
1249 1567 1326 1609 che
1358 1566 1466 1609 tutti
1498 1567 1534 1608 ci
1576 1580 1828 1608 raceoman-

51 1634 193 1677 diamo
226 1635 360 1677 molto
393 1634 506 1676 nelle
539 1633 753 1676 orationia
785 1632 828 1675 di
850 1633 902 1675 V:
927 1632 1191 1675 Reuerentia
1224 1635 1268 1675 et
1300 1631 1609 1686 specialmente
1635 1631 1664 1673 il
1687 1631 1828 1673 Padre

50 1702 243 1743 maestro
276 1701 496 1743 salmeron
527 1699 557 1741 il
591 1699 718 1752 quale
752 1701 774 1741 e
806 1701 967 1741 uenuto
1002 1699 1043 1741 di
1076 1698 1236 1753 Napoli
1268 1697 1441 1751 giouedi
1473 1698 1683 1752 passato2
1721 1711 1827 1739 sano

49 1766 132 1808 Dio
165 1767 366 1817 laudato,
403 1765 471 1808 cui
503 1765 648 1819 gratia
680 1765 745 1807 sia
778 1779 858 1806 con
890 1764 996 1807 tutti
1030 1764 1147 1806 accio
1179 1763 1445 1806 intendiamo
1480 1767 1523 1806 et
1557 1762 1828 1817 adempiamo

50 1845 130 1874 sua
162 1831 413 1875 santissima
445 1832 638 1874 uolonta.
702 1830 757 1872 Di
789 1830 928 1872 Roma
960 1829 989 1872 li
1024 1832 1107 1874 ‚13.
1143 1829 1185 1872 di
1218 1829 1462 1872 Settembre
1499 1830 1624 1871 1561.

169 1971 373 2014 Epistulam
397 1970 493 2014 [etc.,
520 1975 559 2004 ut
583 1969 731 2014 supra]

171 2036 382 2069 Vindobona
407 2035 501 2079 [etc.,
529 2040 567 2068 ut
591 2035 740 2079 supra]

170 2100 296 2144 Neque
323 2100 420 2134 aliud
446 2099 517 2134 iam
545 2102 618 2142 est,
659 2100 753 2144 quod
779 2099 815 2133 in
841 2099 898 2134 his
935 2099 1068 2134 litteris
1095 2099 1231 2141 dicam,
1266 2099 1335 2133 nisi
1370 2100 1411 2132 ut
1445 2110 1567 2132 omnes
1602 2097 1829 2132 reverentiae

50 2155 197 2188 vestrae
223 2154 338 2188 sacris
364 2153 531 2199 precibus
559 2165 775 2198 magnopere
800 2164 865 2187 nos
892 2153 1193 2194 commendemus,
1220 2152 1455 2196 singulariter
1479 2154 1600 2186 autem
1628 2152 1731 2196 pater
1755 2162 1828 2184 ma-

51 2207 166 2251 gister
184 2207 381 2249 Salmeron,
408 2207 469 2252 qui
487 2207 637 2252 Neapoli
657 2207 841 2252 superiore
867 2207 923 2241 die
943 2207 1038 2241 lovis
1055 2207 1068 2227 2
1093 2206 1164 2241 huo
1182 2206 1330 2241 advenit
1347 2217 1469 2247 sanus,
1498 2204 1573 2239 Deo
1591 2204 1665 2239 sint
1682 2204 1828 2246 laudes3

51 2260 154 2301 cuius
181 2261 300 2305 gratia
326 2272 406 2295 cum
434 2260 598 2295 omnibus
624 2261 691 2303 sit,
727 2262 768 2294 ut
794 2260 1060 2295 sanctissimam
1087 2260 1201 2305 ipsius
1237 2259 1463 2294 voluntatem
1499 2261 1536 2293 et
1573 2258 1829 2301 intellegamus

52 2316 89 2348 et
115 2325 369 2358 exsequamur.
420 2313 535 2348 Roma
564 2314 616 2349 13.
646 2314 868 2359 Septembris
896 2315 999 2348 1561.

170 2395 282 2431 Nota:
308 2396 350 2430 In
376 2396 497 2431 codice
524 2396 677 2441 quidem,
706 2408 775 2441 quo
801 2407 890 2430 usus
915 2407 1007 2437 sum,
1033 2395 1090 2430 his
1115 2396 1259 2435 litteris,
1287 2407 1307 2429 a
1331 2407 1401 2440 quo
1419 2395 1592 2429 mandatu
1610 2393 1829 2428 Salmeronis

51 2449 180 2484 vicarii
205 2450 363 2495 scriptae
390 2452 531 2492 essent,
571 2451 780 2485 adnotatum
806 2461 876 2484 non
905 2451 977 2490 est3
1013 2449 1119 2484 valde
1150 2449 1343 2484 verisimile
1369 2451 1491 2483 tamen
1518 2450 1592 2490 est,
1629 2449 1665 2482 et
1699 2447 1736 2481 in
1761 2446 1829 2489 his,

52 2505 89 2538 et
122 2503 159 2537 in
193 2503 437 2548 compluribus
472 2503 572 2544 aliis,
609 2515 701 2548 quae
737 2506 953 2548 sequentur,
990 2503 1189 2538 scribendis
1225 2503 1423 2537 adhibitam
1448 2514 1528 2537 esse
1563 2513 1709 2547 operam
1736 2500 1829 2535 Socii

51 2556 163 2598 illius,
190 2557 250 2601 qui
278 2557 315 2590 in
341 2556 506 2601 catalogo
532 2558 719 2602 professae
750 2557 906 2600 „Domus
932 2557 1144 2591 Societatis“
1175 2568 1344 2591 romanae
1370 2568 1416 2590 m.
1434 2555 1531 2590 Maio
1558 2567 1589 2590 a.
1620 2555 1707 2590 1561
1737 2566 1828 2588 com-

51 2610 168 2656 posito
202 2612 372 2645 vocatur:
417 2610 477 2653 „P.
503 2610 719 2645 Franciscus
745 2610 943 2645 Petrarcha
970 2610 1104 2645 Italus“
1147 2609 1438 2654 (S'ovnmervoyel7
1474 2609 1543 2643 Les
1571 2608 1732 2643 Jesuites
1759 2610 1827 2642 etc.

51 2663 78 2698 f.
105 2664 134 2697 B
153 2663 226 2708 2³).
262 2663 368 2698 Hunc
393 2664 487 2698 enim
514 2676 546 2698 a.
575 2665 677 2706 1561,
707 2665 809 2705 1562,
839 2664 929 2698 1563
955 2663 1090 2698 Romae
1118 2663 1317 2698 adiutorem
1344 2663 1522 2707 quendam
1549 2662 1627 2696 sive
1652 2661 1828 2695 vicarium

51 2717 239 2751 secretarii
271 2720 308 2751 et
332 2717 577 2762 procuratoris
605 2716 796 2752 Societatis
835 2716 1042 2761 (utrumque
1068 2728 1199 2751 munus
1226 2716 1404 2751 Polaticus
1438 2716 1600 2759 tenebat)
1639 2714 1757 2759 egisse
1784 2726 1829 2748 ex

53 2770 166 2805 variis
200 2770 444 2805 monumentis
480 2771 638 2812 eruitur;
674 2773 714 2805 ut
749 2782 795 2805 ex
822 2770 956 2805 Canisii
991 2770 1124 2805 litteris
1151 2770 1207 2804 21.
1234 2769 1443 2804 Decembris
1472 2770 1560 2804 1561
1598 2768 1641 2802 ad
1678 2768 1828 2802 eundem

53 2822 289 2858 Petrarcham
325 2823 438 2865 datis;
474 2826 510 2858 et
544 2823 584 2858 P.
612 2825 764 2858 Ioannes
798 2825 839 2858 de
864 2825 1023 2858 Victoria
1062 2823 1095 2858 S.
1133 2824 1165 2858 J.
1202 2823 1242 2858 P.
1280 2822 1535 2867 Christophoro
1565 2821 1707 2856 Madrid
1734 2820 1767 2855 S.
1795 2821 1827 2855 J.

52 2875 238 2922 Tyrnavia
265 2877 320 2911 30.
348 2877 431 2911 Iulii
460 2877 566 2912 1561:
606 2877 748 2921 „Hoggi
782 2877 827 2911 ho
853 2876 1015 2911 riceuuto
1050 2877 1179 2911 lettere
1206 2877 1239 2910 di
1266 2876 1316 2910 M.
1345 2876 1542 2910 Francesco
1569 2874 1766 2908 Petrarcha
1792 2874 1828 2908 in

52 2941 157 2965 nome
183 2930 219 2965 di
245 2930 300 2965 .V.
327 2930 370 2964 R.
397 2930 487 2965 doue
513 2942 619 2976 posso
646 2930 816 2975 colligere
844 2958 850 2965 .
879 2958 886 2965 .
914 2930 979 2965 che
1007 2930 1062 2965 .V.
1089 2930 1131 2965 R.
1157 2932 1304 2964 restaua
1331 2929 1367 2963 in
1392 2929 1470 2963 loco
1497 2928 1531 2962 di
1549 2928 1680 2962 Nostro
1705 2927 1828 2972 padre,

172 3060 187 3075 ὃ
213 3054 313 3088 oroni
339 3066 396 3098 ap.

177 3178 188 3198 ¹
213 3177 315 3219 Vide,
343 3188 435 3222 quae
461 3176 527 3211 sub
553 3177 669 3222 ipsam
696 3176 789 3210 hanc
815 3174 1008 3221 epistulam
1034 3175 1212 3209 dicuntur.
1360 3173 1373 3194 ²
1403 3174 1455 3208 11.
1483 3172 1716 3218 Septembris.
