<?xml version="1.0" encoding="UTF-8"?>
<!DOCTYPE html PUBLIC "-//W3C//DTD XHTML 1.0 Transitional//EN"
    "http://www.w3.org/TR/xhtml1/DTD/xhtml1-transitional.dtd">
<html xmlns="http://www.w3.org/1999/xhtml" xml:lang="en" lang="en">
 <head>
  <title>
</title>
<meta http-equiv="Content-Type" content="text/html;charset=utf-8" />
  <meta name='ocr-system' content='tesseract 3.04.00' />
  <meta name='ocr-capabilities' content='ocr_page ocr_carea ocr_par ocr_line ocrx_word'/>
</head>
<body>
  <div class='ocr_page' id='page_1' title='image "beatipetricanisi03cani_0145.png"; bbox 0 0 2093 3444; ppageno 0'>
   <div class='ocr_carea' id='block_1_1' title="bbox 554 176 1849 221">
    <p class='ocr_par' dir='ltr' id='par_1_1' title="bbox 554 176 1849 221">
     <span class='ocr_line' id='line_1_1' title="bbox 554 176 1849 221; baseline 0.002 -12"><span class='ocrx_word' id='word_1_1' title='bbox 554 207 562 209; x_wconf 24' lang='lat' dir='ltr'>c</span> <span class='ocrx_word' id='word_1_2' title='bbox 625 177 738 211; x_wconf 81' lang='lat' dir='ltr'>Roma</span> <span class='ocrx_word' id='word_1_3' title='bbox 766 177 820 211; x_wconf 84' lang='lat'>11.</span> <span class='ocrx_word' id='word_1_4' title='bbox 850 176 924 220; x_wconf 90' lang='lat' dir='ltr'>(vel</span> <span class='ocrx_word' id='word_1_5' title='bbox 955 176 1024 219; x_wconf 79' lang='lat'>12.)</span> <span class='ocrx_word' id='word_1_6' title='bbox 1053 176 1175 210; x_wconf 75' lang='lat' dir='ltr'>Martii</span> <span class='ocrx_word' id='word_1_7' title='bbox 1205 177 1306 211; x_wconf 85' lang='lat'>1561.</span> <span class='ocrx_word' id='word_1_8' title='bbox 1796 181 1849 221; x_wconf 84' lang='grc'><strong>69</strong></span> 
     </span>
    </p>
   </div>
   <div class='ocr_carea' id='block_1_2' title="bbox 75 293 1853 1000">
    <p class='ocr_par' dir='ltr' id='par_1_2' title="bbox 75 293 1853 1000">
     <span class='ocr_line' id='line_1_2' title="bbox 75 293 1853 349; baseline -0.001 -12"><span class='ocrx_word' id='word_1_9' title='bbox 75 295 119 338; x_wconf 89' lang='grc'>111</span> <span class='ocrx_word' id='word_1_10' title='bbox 153 297 308 349; x_wconf 89' lang='lat' dir='ltr'>questa</span> <span class='ocrx_word' id='word_1_11' title='bbox 341 297 463 337; x_wconf 88' lang='lat' dir='ltr'>carta</span> <span class='ocrx_word' id='word_1_12' title='bbox 495 295 664 337; x_wconf 86' lang='lat' dir='ltr'>inclusa</span> <span class='ocrx_word' id='word_1_13' title='bbox 696 295 856 337; x_wconf 78' lang='lat' dir='ltr'>uedera</span> <span class='ocrx_word' id='word_1_14' title='bbox 890 329 899 337; x_wconf 92' lang='lat'><strong>.</strong></span> <span class='ocrx_word' id='word_1_15' title='bbox 934 296 978 336; x_wconf 92' lang='lat' dir='ltr'>et</span> <span class='ocrx_word' id='word_1_16' title='bbox 1010 293 1183 348; x_wconf 85' lang='lat' dir='ltr'>pareria</span> <span class='ocrx_word' id='word_1_17' title='bbox 1215 295 1322 336; x_wconf 88' lang='lat' dir='ltr'>bene</span> <span class='ocrx_word' id='word_1_18' title='bbox 1356 308 1381 336; x_wconf 89' lang='lat' dir='ltr'>a</span> <span class='ocrx_word' id='word_1_19' title='bbox 1419 297 1569 337; x_wconf 84' lang='lat' dir='ltr'>nostro</span> <span class='ocrx_word' id='word_1_20' title='bbox 1601 295 1742 338; x_wconf 85' lang='lat' dir='ltr'>Padre</span> <span class='ocrx_word' id='word_1_21' title='bbox 1775 296 1853 337; x_wconf 87' lang='grc'><strong>6116</strong></span> 
     </span>
     <span class='ocr_line' id='line_1_3' title="bbox 76 359 1850 415; baseline 0 -13"><span class='ocrx_word' id='word_1_22' title='bbox 76 360 240 403; x_wconf 84' lang='lat' dir='ltr'>fossino</span> <span class='ocrx_word' id='word_1_23' title='bbox 274 359 461 415; x_wconf 87' lang='lat' dir='ltr'>diputati</span> <span class='ocrx_word' id='word_1_24' title='bbox 493 360 523 401; x_wconf 93' lang='grc'>11</span> <span class='ocrx_word' id='word_1_25' title='bbox 556 360 728 403; x_wconf 85' lang='lat' dir='ltr'>Rettori</span> <span class='ocrx_word' id='word_1_26' title='bbox 760 374 838 414; x_wconf 85' lang='lat' dir='ltr'>per</span> <span class='ocrx_word' id='word_1_27' title='bbox 870 360 910 401; x_wconf 91' lang='lat' dir='ltr'>le</span> <span class='ocrx_word' id='word_1_28' title='bbox 944 359 1283 413; x_wconf 61' lang='grc' dir='ltr'>11161161166110111ει</span> <span class='ocrx_word' id='word_1_29' title='bbox 1325 362 1369 401; x_wconf 87' lang='grc'>61</span> <span class='ocrx_word' id='word_1_30' title='bbox 1401 373 1478 414; x_wconf 90' lang='lat' dir='ltr'>per</span> <span class='ocrx_word' id='word_1_31' title='bbox 1510 361 1550 401; x_wconf 91' lang='lat' dir='ltr'>le</span> <span class='ocrx_word' id='word_1_32' title='bbox 1589 361 1850 415; x_wconf 87' lang='lat' dir='ltr'>absolutionj</span> 
     </span>
     <span class='ocr_line' id='line_1_4' title="bbox 76 424 1853 469; baseline 0 -2"><span class='ocrx_word' id='word_1_33' title='bbox 76 440 161 468; x_wconf 89' lang='lat' dir='ltr'>non</span> <span class='ocrx_word' id='word_1_34' title='bbox 201 425 442 468; x_wconf 74' lang='lat' dir='ltr'>solamente</span> <span class='ocrx_word' id='word_1_35' title='bbox 485 425 516 467; x_wconf 93' lang='grc'>11</span> <span class='ocrx_word' id='word_1_36' title='bbox 557 425 728 468; x_wconf 86' lang='lat' dir='ltr'>Rettori</span> <span class='ocrx_word' id='word_1_37' title='bbox 773 439 844 467; x_wconf 88' lang='lat' dir='ltr'>ma</span> <span class='ocrx_word' id='word_1_38' title='bbox 888 424 1018 466; x_wconf 89' lang='lat' dir='ltr'>etiam</span> <span class='ocrx_word' id='word_1_39' title='bbox 1066 424 1096 465; x_wconf 92' lang='lat' dir='ltr'>li</span> <span class='ocrx_word' id='word_1_40' title='bbox 1138 424 1375 466; x_wconf 85' lang='lat' dir='ltr'>confessori</span> <span class='ocrx_word' id='word_1_41' title='bbox 1418 425 1525 466; x_wconf 78' lang='lat' dir='ltr'>cheh</span> <span class='ocrx_word' id='word_1_42' title='bbox 1568 426 1620 469; x_wconf 92' lang='lat' dir='ltr'>V.</span> <span class='ocrx_word' id='word_1_43' title='bbox 1662 426 1712 469; x_wconf 82' lang='lat' dir='ltr'>R.</span> <span class='ocrx_word' id='word_1_44' title='bbox 1756 440 1780 468; x_wconf 94' lang='grc'><strong>0</strong></span> <span class='ocrx_word' id='word_1_45' title='bbox 1823 426 1853 467; x_wconf 88' lang='lat' dir='ltr'>il</span> 
     </span>
     <span class='ocr_line' id='line_1_5' title="bbox 76 489 1852 544; baseline 0.001 -12"><span class='ocrx_word' id='word_1_46' title='bbox 76 491 258 533; x_wconf 84' lang='lat' dir='ltr'>Rettore</span> <span class='ocrx_word' id='word_1_47' title='bbox 291 490 494 544; x_wconf 83' lang='lat' dir='ltr'>diputara</span> <span class='ocrx_word' id='word_1_48' title='bbox 516 493 560 533; x_wconf 85' lang='lat' dir='ltr'>et</span> <span class='ocrx_word' id='word_1_49' title='bbox 592 491 635 532; x_wconf 85' lang='lat' dir='ltr'>la</span> <span class='ocrx_word' id='word_1_50' title='bbox 658 490 783 544; x_wconf 85' lang='lat' dir='ltr'>copia</span> <span class='ocrx_word' id='word_1_51' title='bbox 805 490 847 532; x_wconf 87' lang='lat' dir='ltr'>di</span> <span class='ocrx_word' id='word_1_52' title='bbox 870 492 1025 543; x_wconf 89' lang='lat' dir='ltr'>questa</span> <span class='ocrx_word' id='word_1_53' title='bbox 1057 489 1204 542; x_wconf 82' lang='lat' dir='ltr'>gratia</span> <span class='ocrx_word' id='word_1_54' title='bbox 1226 504 1306 532; x_wconf 89' lang='grc'><strong>6011</strong></span> <span class='ocrx_word' id='word_1_55' title='bbox 1338 490 1382 532; x_wconf 87' lang='grc'>16</span> <span class='ocrx_word' id='word_1_56' title='bbox 1404 490 1676 544; x_wconf 87' lang='lat' dir='ltr'>diputatione</span> <span class='ocrx_word' id='word_1_57' title='bbox 1706 492 1852 533; x_wconf 89' lang='lat' dir='ltr'>mandi</span> 
     </span>
     <span class='ocr_line' id='line_1_6' title="bbox 75 555 1852 610; baseline 0.001 -13"><span class='ocrx_word' id='word_1_58' title='bbox 75 555 118 598; x_wconf 87' lang='lat' dir='ltr'>la</span> <span class='ocrx_word' id='word_1_59' title='bbox 150 556 201 599; x_wconf 82' lang='lat' dir='ltr'>R,</span> <span class='ocrx_word' id='word_1_60' title='bbox 234 556 310 598; x_wconf 82' lang='lat' dir='ltr'>V.c</span> <span class='ocrx_word' id='word_1_61' title='bbox 343 556 417 597; x_wconf 89' lang='lat' dir='ltr'>alli</span> <span class='ocrx_word' id='word_1_62' title='bbox 459 556 553 597; x_wconf 90' lang='lat' dir='ltr'>suoi</span> <span class='ocrx_word' id='word_1_63' title='bbox 585 555 806 609; x_wconf 59' lang='lat' dir='ltr'>Collegijd.</span> <span class='ocrx_word' id='word_1_64' title='bbox 873 556 926 597; x_wconf 81' lang='lat' dir='ltr'>Se</span> <span class='ocrx_word' id='word_1_65' title='bbox 967 568 1053 596; x_wconf 88' lang='lat' dir='ltr'>non</span> <span class='ocrx_word' id='word_1_66' title='bbox 1095 555 1348 597; x_wconf 90' lang='lat' dir='ltr'>andaranno</span> <span class='ocrx_word' id='word_1_67' title='bbox 1391 555 1462 608; x_wconf 84' lang='lat' dir='ltr'>qui</span> <span class='ocrx_word' id='word_1_68' title='bbox 1495 556 1638 609; x_wconf 90' lang='lat' dir='ltr'>quelle</span> <span class='ocrx_word' id='word_1_69' title='bbox 1682 556 1852 610; x_wconf 89' lang='lat' dir='ltr'>patenti</span> 
     </span>
     <span class='ocr_line' id='line_1_7' title="bbox 75 620 1852 675; baseline 0.001 -12"><span class='ocrx_word' id='word_1_70' title='bbox 75 635 153 675; x_wconf 86' lang='lat' dir='ltr'>per</span> <span class='ocrx_word' id='word_1_71' title='bbox 185 621 264 663; x_wconf 89' lang='lat' dir='ltr'>che</span> <span class='ocrx_word' id='word_1_72' title='bbox 305 623 454 663; x_wconf 88' lang='lat' dir='ltr'>nostro</span> <span class='ocrx_word' id='word_1_73' title='bbox 488 621 628 663; x_wconf 80' lang='lat' dir='ltr'>Padre</span> <span class='ocrx_word' id='word_1_74' title='bbox 669 635 754 662; x_wconf 92' lang='lat' dir='ltr'>non</span> <span class='ocrx_word' id='word_1_75' title='bbox 788 623 811 662; x_wconf 81' lang='grc'>6</span> <span class='ocrx_word' id='word_1_76' title='bbox 843 620 886 661; x_wconf 88' lang='grc'>111</span> <span class='ocrx_word' id='word_1_77' title='bbox 929 633 1031 661; x_wconf 84' lang='grc'><strong>6666</strong></span> <span class='ocrx_word' id='word_1_78' title='bbox 1063 634 1140 674; x_wconf 84' lang='lat' dir='ltr'>per</span> <span class='ocrx_word' id='word_1_79' title='bbox 1177 623 1294 663; x_wconf 87' lang='lat' dir='ltr'>sotto</span> <span class='ocrx_word' id='word_1_80' title='bbox 1327 620 1555 671; x_wconf 84' lang='lat' dir='ltr'>scriuerle‚</span> <span class='ocrx_word' id='word_1_81' title='bbox 1599 621 1852 664; x_wconf 86' lang='lat' dir='ltr'>andaranno</span> 
     </span>
     <span class='ocr_line' id='line_1_8' title="bbox 75 685 1852 740; baseline 0.001 -13"><span class='ocrx_word' id='word_1_82' title='bbox 75 685 105 727; x_wconf 93' lang='lat' dir='ltr'>il</span> <span class='ocrx_word' id='word_1_83' title='bbox 137 686 320 728; x_wconf 86' lang='lat' dir='ltr'>sabbato</span> <span class='ocrx_word' id='word_1_84' title='bbox 363 687 442 728; x_wconf 87' lang='grc'><strong>6116</strong></span> <span class='ocrx_word' id='word_1_85' title='bbox 483 686 640 728; x_wconf 90' lang='lat' dir='ltr'>uienne</span> <span class='ocrx_word' id='word_1_86' title='bbox 672 685 882 740; x_wconf 84' lang='lat' dir='ltr'>piacendo</span> <span class='ocrx_word' id='word_1_87' title='bbox 925 686 950 726; x_wconf 76' lang='lat' dir='ltr'>a</span> <span class='ocrx_word' id='word_1_88' title='bbox 982 685 1110 727; x_wconf 81' lang='lat' dir='ltr'>Jddio</span> <span class='ocrx_word' id='word_1_89' title='bbox 1130 686 1156 727; x_wconf 87' lang='lat'>1.</span> <span class='ocrx_word' id='word_1_90' title='bbox 1201 689 1244 728; x_wconf 88' lang='lat' dir='ltr'>et</span> <span class='ocrx_word' id='word_1_91' title='bbox 1285 699 1363 739; x_wconf 84' lang='lat' dir='ltr'>per</span> <span class='ocrx_word' id='word_1_92' title='bbox 1404 699 1524 727; x_wconf 81' lang='lat' dir='ltr'>esser</span> <span class='ocrx_word' id='word_1_93' title='bbox 1560 687 1693 729; x_wconf 89' lang='lat' dir='ltr'>molto</span> <span class='ocrx_word' id='word_1_94' title='bbox 1726 687 1852 729; x_wconf 84' lang='lat' dir='ltr'>tardo</span> 
     </span>
     <span class='ocr_line' id='line_1_9' title="bbox 75 750 1853 794; baseline 0.001 -1"><span class='ocrx_word' id='word_1_95' title='bbox 75 765 162 793; x_wconf 90' lang='lat' dir='ltr'>non</span> <span class='ocrx_word' id='word_1_96' title='bbox 203 751 295 793; x_wconf 85' lang='lat' dir='ltr'>diro</span> <span class='ocrx_word' id='word_1_97' title='bbox 336 752 448 794; x_wconf 85' lang='lat' dir='ltr'>altro</span> <span class='ocrx_word' id='word_1_98' title='bbox 487 766 533 793; x_wconf 93' lang='lat' dir='ltr'>se</span> <span class='ocrx_word' id='word_1_99' title='bbox 575 765 660 793; x_wconf 91' lang='lat' dir='ltr'>non</span> <span class='ocrx_word' id='word_1_100' title='bbox 703 751 781 792; x_wconf 88' lang='lat' dir='ltr'>che</span> <span class='ocrx_word' id='word_1_101' title='bbox 820 750 878 791; x_wconf 90' lang='lat' dir='ltr'>mi</span> <span class='ocrx_word' id='word_1_102' title='bbox 918 750 1207 792; x_wconf 84' lang='lat' dir='ltr'>raccomando</span> <span class='ocrx_word' id='word_1_103' title='bbox 1248 751 1382 792; x_wconf 90' lang='lat' dir='ltr'>molto</span> <span class='ocrx_word' id='word_1_104' title='bbox 1426 751 1538 793; x_wconf 91' lang='lat' dir='ltr'>nelle</span> <span class='ocrx_word' id='word_1_105' title='bbox 1581 752 1767 793; x_wconf 87' lang='lat' dir='ltr'>orationi</span> <span class='ocrx_word' id='word_1_106' title='bbox 1809 755 1853 794; x_wconf 92' lang='lat' dir='ltr'>et</span> 
     </span>
     <span class='ocr_line' id='line_1_10' title="bbox 76 815 1853 871; baseline 0.001 -13"><span class='ocrx_word' id='word_1_107' title='bbox 76 815 275 871; x_wconf 86' lang='lat' dir='ltr'>sacrificij</span> <span class='ocrx_word' id='word_1_108' title='bbox 310 817 352 858; x_wconf 91' lang='lat' dir='ltr'>di</span> <span class='ocrx_word' id='word_1_109' title='bbox 385 817 438 860; x_wconf 88' lang='lat' dir='ltr'>V.</span> <span class='ocrx_word' id='word_1_110' title='bbox 472 816 736 858; x_wconf 85' lang='lat' dir='ltr'>Reuerentia</span> <span class='ocrx_word' id='word_1_111' title='bbox 769 818 814 858; x_wconf 90' lang='grc'>61</span> <span class='ocrx_word' id='word_1_112' title='bbox 847 815 948 857; x_wconf 88' lang='lat' dir='ltr'>delli</span> <span class='ocrx_word' id='word_1_113' title='bbox 980 815 1105 869; x_wconf 82' lang='lat' dir='ltr'>padri</span> <span class='ocrx_word' id='word_1_114' title='bbox 1145 815 1332 858; x_wconf 85' lang='lat' dir='ltr'>hurtado</span> <span class='ocrx_word' id='word_1_115' title='bbox 1376 819 1420 858; x_wconf 89' lang='grc'>61</span> <span class='ocrx_word' id='word_1_116' title='bbox 1462 816 1733 870; x_wconf 83' lang='lat' dir='ltr'>guigliermo.</span> <span class='ocrx_word' id='word_1_117' title='bbox 1798 817 1853 859; x_wconf 89' lang='lat' dir='ltr'>Di</span> 
     </span>
     <span class='ocr_line' id='line_1_11' title="bbox 77 879 934 936; baseline 0 -13"><span class='ocrx_word' id='word_1_118' title='bbox 77 882 217 924; x_wconf 83' lang='lat' dir='ltr'>Roma</span> <span class='ocrx_word' id='word_1_119' title='bbox 248 882 277 923; x_wconf 89' lang='grc'>11</span> <span class='ocrx_word' id='word_1_120' title='bbox 315 884 394 923; x_wconf 69' lang='lat'>11⁰</span> <span class='ocrx_word' id='word_1_121' title='bbox 428 880 490 936; x_wconf 66' lang='lat' dir='ltr'>[P]</span> <span class='ocrx_word' id='word_1_122' title='bbox 525 882 567 923; x_wconf 85' lang='lat' dir='ltr'>di</span> <span class='ocrx_word' id='word_1_123' title='bbox 599 882 747 923; x_wconf 86' lang='lat' dir='ltr'>Marzo</span> <span class='ocrx_word' id='word_1_124' title='bbox 785 879 934 923; x_wconf 48' lang='lat'>1561&amp;</span> 
     </span>
     <span class='ocr_line' id='line_1_12' title="bbox 649 956 1293 1000; baseline 0.002 -1"><span class='ocrx_word' id='word_1_125' title='bbox 649 957 690 999; x_wconf 92' lang='lat' dir='ltr'>di</span> <span class='ocrx_word' id='word_1_126' title='bbox 724 958 775 999; x_wconf 91' lang='lat' dir='ltr'>V.</span> <span class='ocrx_word' id='word_1_127' title='bbox 810 957 861 999; x_wconf 80' lang='lat' dir='ltr'>R.</span> <span class='ocrx_word' id='word_1_128' title='bbox 896 971 1023 998; x_wconf 89' lang='lat' dir='ltr'>seruo</span> <span class='ocrx_word' id='word_1_129' title='bbox 1055 956 1098 998; x_wconf 89' lang='lat' dir='ltr'>in</span> <span class='ocrx_word' id='word_1_130' title='bbox 1132 956 1293 1000; x_wconf 88' lang='lat' dir='ltr'>christo</span> 
     </span>
    </p>
   </div>
   <div class='ocr_carea' id='block_1_3' title="bbox 127 1039 1791 1094">
    <p class='ocr_par' dir='ltr' id='par_1_3' title="bbox 127 1039 1791 1094">
     <span class='ocr_line' id='line_1_13' title="bbox 127 1039 1791 1094; baseline 0.001 -12"><span class='ocrx_word' id='word_1_131' title='bbox 127 1041 210 1082; x_wconf 85' lang='lat' dir='ltr'>Per</span> <span class='ocrx_word' id='word_1_132' title='bbox 243 1040 545 1082; x_wconf 74' lang='lat' dir='ltr'>commissione</span> <span class='ocrx_word' id='word_1_133' title='bbox 578 1039 619 1082; x_wconf 88' lang='lat' dir='ltr'>di</span> <span class='ocrx_word' id='word_1_134' title='bbox 652 1042 803 1082; x_wconf 85' lang='lat' dir='ltr'>nostro</span> <span class='ocrx_word' id='word_1_135' title='bbox 836 1040 883 1082; x_wconf 87' lang='grc' dir='ltr'>Ρ.</span> <span class='ocrx_word' id='word_1_136' title='bbox 918 1039 1157 1094; x_wconf 82' lang='lat' dir='ltr'>Preposito.</span> <span class='ocrx_word' id='word_1_137' title='bbox 1282 1040 1482 1082; x_wconf 84' lang='lat' dir='ltr'>Johanne</span> <span class='ocrx_word' id='word_1_138' title='bbox 1515 1041 1557 1082; x_wconf 91' lang='lat' dir='ltr'>di</span> <span class='ocrx_word' id='word_1_139' title='bbox 1590 1041 1791 1084; x_wconf 89' lang='lat' dir='ltr'>Polanco.</span> 
     </span>
    </p>
   </div>
   <div class='ocr_carea' id='block_1_4' title="bbox 87 1134 675 1137">
    <p class='ocr_par' dir='ltr' id='par_1_4' title="bbox 87 1134 675 1137">
     <span class='ocr_line' id='line_1_14' title="bbox 87 1134 675 1137; baseline 0 0"><span class='ocrx_word' id='word_1_140' title='bbox 87 1134 675 1137; x_wconf 95' lang='lat' dir='ltr'> </span> 
     </span>
    </p>
   </div>
   <div class='ocr_carea' id='block_1_5' title="bbox 1265 1136 1353 1137">
    <p class='ocr_par' dir='ltr' id='par_1_5' title="bbox 1265 1136 1353 1137">
     <span class='ocr_line' id='line_1_15' title="bbox 1265 1136 1353 1137; baseline 0 0"><span class='ocrx_word' id='word_1_141' title='bbox 1265 1136 1353 1137; x_wconf 95' lang='lat' dir='ltr'> </span> 
     </span>
    </p>
   </div>
   <div class='ocr_carea' id='block_1_6' title="bbox 76 1184 1855 1657">
    <p class='ocr_par' dir='ltr' id='par_1_6' title="bbox 76 1184 1855 1657">
     <span class='ocr_line' id='line_1_16' title="bbox 77 1184 1854 1229; baseline 0.001 -10"><span class='ocrx_word' id='word_1_142' title='bbox 77 1185 234 1219; x_wconf 87' lang='lat' dir='ltr'>vendum</span> <span class='ocrx_word' id='word_1_143' title='bbox 271 1187 307 1218; x_wconf 84' lang='lat' dir='ltr'>et</span> <span class='ocrx_word' id='word_1_144' title='bbox 341 1184 622 1229; x_wconf 80' lang='lat' dir='ltr'>dispensandum</span> <span class='ocrx_word' id='word_1_145' title='bbox 658 1184 825 1227; x_wconf 77' lang='lat' dir='ltr'>designat</span> <span class='ocrx_word' id='word_1_146' title='bbox 860 1184 895 1217; x_wconf 91' lang='lat' dir='ltr'>in</span> <span class='ocrx_word' id='word_1_147' title='bbox 933 1184 1097 1226; x_wconf 75' lang='lat' dir='ltr'><strong>casibus,</strong></span> <span class='ocrx_word' id='word_1_148' title='bbox 1134 1196 1223 1228; x_wconf 89' lang='lat' dir='ltr'>quos</span> <span class='ocrx_word' id='word_1_149' title='bbox 1258 1184 1295 1218; x_wconf 90' lang='lat' dir='ltr'>in</span> <span class='ocrx_word' id='word_1_150' title='bbox 1322 1185 1449 1219; x_wconf 83' lang='lat' dir='ltr'>charta</span> <span class='ocrx_word' id='word_1_151' title='bbox 1475 1184 1532 1218; x_wconf 89' lang='lat' dir='ltr'>his</span> <span class='ocrx_word' id='word_1_152' title='bbox 1557 1184 1690 1219; x_wconf 86' lang='lat' dir='ltr'>litteris</span> <span class='ocrx_word' id='word_1_153' title='bbox 1715 1185 1854 1220; x_wconf 79' lang='lat' dir='ltr'>inclusa</span> 
     </span>
     <span class='ocr_line' id='line_1_17' title="bbox 77 1237 1854 1283; baseline 0 -10"><span class='ocrx_word' id='word_1_154' title='bbox 77 1238 232 1283; x_wconf 84' lang='lat' dir='ltr'>scriptos</span> <span class='ocrx_word' id='word_1_155' title='bbox 258 1237 469 1283; x_wconf 76' lang='lat' dir='ltr'>conspicies.</span> <span class='ocrx_word' id='word_1_156' title='bbox 520 1238 574 1271; x_wconf 87' lang='lat' dir='ltr'>Ac</span> <span class='ocrx_word' id='word_1_157' title='bbox 600 1237 694 1282; x_wconf 87' lang='lat' dir='ltr'>patri</span> <span class='ocrx_word' id='word_1_158' title='bbox 721 1237 865 1281; x_wconf 90' lang='lat' dir='ltr'>quidem</span> <span class='ocrx_word' id='word_1_159' title='bbox 900 1240 1022 1272; x_wconf 86' lang='lat' dir='ltr'>nostro</span> <span class='ocrx_word' id='word_1_160' title='bbox 1057 1239 1216 1272; x_wconf 85' lang='lat' dir='ltr'>rectores</span> <span class='ocrx_word' id='word_1_161' title='bbox 1252 1238 1421 1272; x_wconf 86' lang='lat' dir='ltr'>videntur</span> <span class='ocrx_word' id='word_1_162' title='bbox 1457 1238 1669 1281; x_wconf 80' lang='lat' dir='ltr'>designandi</span> <span class='ocrx_word' id='word_1_163' title='bbox 1704 1251 1783 1273; x_wconf 87' lang='grc'><strong>6666</strong></span> <span class='ocrx_word' id='word_1_164' title='bbox 1809 1239 1854 1273; x_wconf 86' lang='lat' dir='ltr'>ad</span> 
     </span>
     <span class='ocr_line' id='line_1_18' title="bbox 77 1284 1855 1337; baseline 0.001 -12"><span class='ocrx_word' id='word_1_165' title='bbox 77 1292 376 1337; x_wconf 76' lang='lat' dir='ltr'>dispensationes,</span> <span class='ocrx_word' id='word_1_166' title='bbox 403 1291 447 1325; x_wconf 84' lang='lat' dir='ltr'>ad</span> <span class='ocrx_word' id='word_1_167' title='bbox 474 1291 718 1326; x_wconf 67' lang='lat' dir='ltr'>absolutiones</span> <span class='ocrx_word' id='word_1_168' title='bbox 744 1303 830 1325; x_wconf 89' lang='lat' dir='ltr'>vero</span> <span class='ocrx_word' id='word_1_169' title='bbox 856 1303 927 1325; x_wconf 92' lang='lat' dir='ltr'>non</span> <span class='ocrx_word' id='word_1_170' title='bbox 954 1291 1068 1325; x_wconf 86' lang='lat' dir='ltr'>solum</span> <span class='ocrx_word' id='word_1_171' title='bbox 1095 1293 1264 1333; x_wconf 89' lang='lat' dir='ltr'>rectores,</span> <span class='ocrx_word' id='word_1_172' title='bbox 1292 1284 1355 1326; x_wconf 87' lang='lat' dir='ltr'>sed</span> <span class='ocrx_word' id='word_1_173' title='bbox 1382 1292 1491 1326; x_wconf 86' lang='lat' dir='ltr'>etiam</span> <span class='ocrx_word' id='word_1_174' title='bbox 1518 1292 1738 1334; x_wconf 85' lang='lat' dir='ltr'>confessarii,</span> <span class='ocrx_word' id='word_1_175' title='bbox 1765 1304 1855 1337; x_wconf 85' lang='lat' dir='ltr'>quos</span> 
     </span>
     <span class='ocr_line' id='line_1_19' title="bbox 77 1344 1854 1390; baseline 0 -10"><span class='ocrx_word' id='word_1_176' title='bbox 77 1345 137 1380; x_wconf 88' lang='lat' dir='ltr'>vel</span> <span class='ocrx_word' id='word_1_177' title='bbox 162 1345 203 1379; x_wconf 82' lang='lat' dir='ltr'>R.</span> <span class='ocrx_word' id='word_1_178' title='bbox 231 1345 275 1379; x_wconf 90' lang='lat' dir='ltr'>V.</span> <span class='ocrx_word' id='word_1_179' title='bbox 303 1344 363 1379; x_wconf 86' lang='lat' dir='ltr'>vel</span> <span class='ocrx_word' id='word_1_180' title='bbox 388 1346 506 1379; x_wconf 85' lang='lat' dir='ltr'>rector</span> <span class='ocrx_word' id='word_1_181' title='bbox 532 1344 792 1387; x_wconf 69' lang='lat' dir='ltr'>designaverit.</span> <span class='ocrx_word' id='word_1_182' title='bbox 844 1345 954 1379; x_wconf 85' lang='lat' dir='ltr'>Cuius</span> <span class='ocrx_word' id='word_1_183' title='bbox 980 1344 1120 1388; x_wconf 85' lang='lat' dir='ltr'>gratiae</span> <span class='ocrx_word' id='word_1_184' title='bbox 1160 1345 1366 1390; x_wconf 84' lang='lat' dir='ltr'>exemplum</span> <span class='ocrx_word' id='word_1_185' title='bbox 1402 1357 1474 1379; x_wconf 86' lang='lat' dir='ltr'>una</span> <span class='ocrx_word' id='word_1_186' title='bbox 1500 1357 1581 1379; x_wconf 88' lang='lat' dir='ltr'>cum</span> <span class='ocrx_word' id='word_1_187' title='bbox 1608 1345 1854 1390; x_wconf 75' lang='lat' dir='ltr'>designatione</span> 
     </span>
     <span class='ocr_line' id='line_1_20' title="bbox 77 1397 1853 1444; baseline 0.001 -11"><span class='ocrx_word' id='word_1_188' title='bbox 77 1399 120 1433; x_wconf 83' lang='lat' dir='ltr'>R.</span> <span class='ocrx_word' id='word_1_189' title='bbox 146 1398 190 1433; x_wconf 88' lang='lat' dir='ltr'>V.</span> <span class='ocrx_word' id='word_1_190' title='bbox 217 1398 380 1442; x_wconf 79' lang='lat' dir='ltr'>collegiis</span> <span class='ocrx_word' id='word_1_191' title='bbox 406 1398 481 1433; x_wconf 87' lang='lat' dir='ltr'>suis</span> <span class='ocrx_word' id='word_1_192' title='bbox 507 1398 640 1432; x_wconf 87' lang='lat' dir='ltr'>mittat.</span> <span class='ocrx_word' id='word_1_193' title='bbox 682 1397 817 1440; x_wconf 79' lang='lat' dir='ltr'>Quodsi</span> <span class='ocrx_word' id='word_1_194' title='bbox 843 1398 983 1442; x_wconf 78' lang='lat' dir='ltr'>gratiae</span> <span class='ocrx_word' id='word_1_195' title='bbox 1009 1398 1107 1432; x_wconf 88' lang='lat' dir='ltr'>illius</span> <span class='ocrx_word' id='word_1_196' title='bbox 1133 1398 1339 1444; x_wconf 83' lang='lat' dir='ltr'>diplomata,</span> <span class='ocrx_word' id='word_1_197' title='bbox 1367 1410 1447 1433; x_wconf 89' lang='lat' dir='ltr'>cum</span> <span class='ocrx_word' id='word_1_198' title='bbox 1474 1401 1577 1444; x_wconf 87' lang='lat' dir='ltr'>pater</span> <span class='ocrx_word' id='word_1_199' title='bbox 1602 1402 1725 1433; x_wconf 80' lang='lat' dir='ltr'>noster</span> <span class='ocrx_word' id='word_1_200' title='bbox 1751 1402 1853 1434; x_wconf 85' lang='lat' dir='ltr'>extra</span> 
     </span>
     <span class='ocr_line' id='line_1_21' title="bbox 78 1451 1855 1498; baseline 0.001 -12"><span class='ocrx_word' id='word_1_201' title='bbox 78 1453 222 1487; x_wconf 90' lang='lat' dir='ltr'>domum</span> <span class='ocrx_word' id='word_1_202' title='bbox 248 1463 399 1486; x_wconf 85' lang='lat' dir='ltr'>versans</span> <span class='ocrx_word' id='word_1_203' title='bbox 426 1464 467 1486; x_wconf 85' lang='lat' dir='ltr'>ea</span> <span class='ocrx_word' id='word_1_204' title='bbox 494 1451 719 1486; x_wconf 83' lang='lat' dir='ltr'>subscribere</span> <span class='ocrx_word' id='word_1_205' title='bbox 746 1463 815 1485; x_wconf 89' lang='lat' dir='ltr'>non</span> <span class='ocrx_word' id='word_1_206' title='bbox 842 1451 967 1497; x_wconf 86' lang='lat' dir='ltr'>possit,</span> <span class='ocrx_word' id='word_1_207' title='bbox 994 1463 1075 1486; x_wconf 90' lang='lat' dir='ltr'>cum</span> <span class='ocrx_word' id='word_1_208' title='bbox 1101 1451 1170 1486; x_wconf 88' lang='lat' dir='ltr'>hac</span> <span class='ocrx_word' id='word_1_209' title='bbox 1197 1452 1352 1497; x_wconf 84' lang='lat' dir='ltr'>epistula</span> <span class='ocrx_word' id='word_1_210' title='bbox 1378 1464 1447 1486; x_wconf 93' lang='lat' dir='ltr'>non</span> <span class='ocrx_word' id='word_1_211' title='bbox 1465 1452 1665 1494; x_wconf 80' lang='lat' dir='ltr'>mittentur,</span> <span class='ocrx_word' id='word_1_212' title='bbox 1692 1453 1855 1498; x_wconf 80' lang='lat' dir='ltr'>proximo</span> 
     </span>
     <span class='ocr_line' id='line_1_22' title="bbox 78 1504 1853 1551; baseline 0.001 -11"><span class='ocrx_word' id='word_1_213' title='bbox 78 1506 228 1540; x_wconf 84' lang='lat' dir='ltr'>sabbato</span> <span class='ocrx_word' id='word_1_214' title='bbox 255 1505 330 1539; x_wconf 90' lang='lat' dir='ltr'>Deo</span> <span class='ocrx_word' id='word_1_215' title='bbox 356 1505 510 1551; x_wconf 89' lang='lat' dir='ltr'>propitio</span> <span class='ocrx_word' id='word_1_216' title='bbox 535 1505 727 1539; x_wconf 82' lang='lat' dir='ltr'>mittentur</span> <span class='ocrx_word' id='word_1_217' title='bbox 743 1506 765 1540; x_wconf 89' lang='lat'>¹.</span> <span class='ocrx_word' id='word_1_218' title='bbox 816 1504 901 1546; x_wconf 73' lang='lat' dir='ltr'>Nec,</span> <span class='ocrx_word' id='word_1_219' title='bbox 929 1516 1010 1539; x_wconf 88' lang='lat' dir='ltr'>cum</span> <span class='ocrx_word' id='word_1_220' title='bbox 1036 1504 1143 1539; x_wconf 84' lang='lat' dir='ltr'>valde</span> <span class='ocrx_word' id='word_1_221' title='bbox 1170 1506 1285 1540; x_wconf 88' lang='lat' dir='ltr'>multa</span> <span class='ocrx_word' id='word_1_222' title='bbox 1310 1506 1382 1539; x_wconf 86' lang='lat' dir='ltr'>iam</span> <span class='ocrx_word' id='word_1_223' title='bbox 1409 1506 1485 1540; x_wconf 89' lang='lat' dir='ltr'>dies</span> <span class='ocrx_word' id='word_1_224' title='bbox 1511 1506 1577 1548; x_wconf 87' lang='lat' dir='ltr'>sit,</span> <span class='ocrx_word' id='word_1_225' title='bbox 1614 1506 1712 1540; x_wconf 85' lang='lat' dir='ltr'>aliud</span> <span class='ocrx_word' id='word_1_226' title='bbox 1738 1507 1853 1543; x_wconf 72' lang='lat' dir='ltr'>dican]</span> 
     </span>
     <span class='ocr_line' id='line_1_23' title="bbox 76 1558 1853 1603; baseline 0.001 -10"><span class='ocrx_word' id='word_1_227' title='bbox 76 1558 146 1594; x_wconf 87' lang='lat' dir='ltr'>nisi</span> <span class='ocrx_word' id='word_1_228' title='bbox 171 1571 228 1593; x_wconf 91' lang='lat' dir='ltr'>me</span> <span class='ocrx_word' id='word_1_229' title='bbox 253 1559 479 1593; x_wconf 84' lang='lat' dir='ltr'>reverentiae</span> <span class='ocrx_word' id='word_1_230' title='bbox 505 1561 650 1593; x_wconf 83' lang='lat' dir='ltr'>vestrae</span> <span class='ocrx_word' id='word_1_231' title='bbox 686 1570 728 1592; x_wconf 88' lang='grc'>66</span> <span class='ocrx_word' id='word_1_232' title='bbox 762 1560 906 1603; x_wconf 77' lang='lat' dir='ltr'>patrum</span> <span class='ocrx_word' id='word_1_233' title='bbox 932 1559 1087 1593; x_wconf 83' lang='lat' dir='ltr'>Hurtadi</span> <span class='ocrx_word' id='word_1_234' title='bbox 1114 1560 1151 1593; x_wconf 86' lang='lat' dir='ltr'>et</span> <span class='ocrx_word' id='word_1_235' title='bbox 1177 1558 1359 1593; x_wconf 86' lang='lat' dir='ltr'>Guilielmi</span> <span class='ocrx_word' id='word_1_236' title='bbox 1396 1559 1617 1594; x_wconf 83' lang='lat' dir='ltr'>orationibus</span> <span class='ocrx_word' id='word_1_237' title='bbox 1647 1560 1853 1595; x_wconf 85' lang='lat' dir='ltr'>sacrificiis-</span> 
     </span>
     <span class='ocr_line' id='line_1_24' title="bbox 79 1611 1391 1657; baseline 0.001 -11"><span class='ocrx_word' id='word_1_238' title='bbox 79 1625 148 1656; x_wconf 83' lang='lat' dir='ltr'>que</span> <span class='ocrx_word' id='word_1_239' title='bbox 174 1624 392 1657; x_wconf 79' lang='lat' dir='ltr'>magnopere</span> <span class='ocrx_word' id='word_1_240' title='bbox 419 1624 475 1646; x_wconf 89' lang='lat' dir='ltr'>me</span> <span class='ocrx_word' id='word_1_241' title='bbox 502 1612 764 1647; x_wconf 85' lang='lat' dir='ltr'>commendare.</span> <span class='ocrx_word' id='word_1_242' title='bbox 815 1611 930 1646; x_wconf 86' lang='lat' dir='ltr'>Roma</span> <span class='ocrx_word' id='word_1_243' title='bbox 957 1612 1035 1646; x_wconf 67' lang='grc' dir='ltr'>11.Θ</span> <span class='ocrx_word' id='word_1_244' title='bbox 1063 1611 1110 1656; x_wconf 74' lang='grc' dir='ltr'>[Ῥ]</span> <span class='ocrx_word' id='word_1_245' title='bbox 1137 1612 1260 1647; x_wconf 85' lang='lat' dir='ltr'>Martii</span> <span class='ocrx_word' id='word_1_246' title='bbox 1290 1613 1391 1647; x_wconf 85' lang='lat'>1561.</span> 
     </span>
    </p>
   </div>
   <div class='ocr_carea' id='block_1_7' title="bbox 179 1677 1758 1789">
    <p class='ocr_par' dir='ltr' id='par_1_7' title="bbox 179 1677 1758 1789">
     <span class='ocr_line' id='line_1_25' title="bbox 715 1677 1219 1712; baseline 0 0"><span class='ocrx_word' id='word_1_247' title='bbox 715 1678 757 1712; x_wconf 81' lang='lat' dir='ltr'>R.</span> <span class='ocrx_word' id='word_1_248' title='bbox 784 1678 828 1712; x_wconf 90' lang='lat' dir='ltr'>V.</span> <span class='ocrx_word' id='word_1_249' title='bbox 855 1689 985 1712; x_wconf 87' lang='lat' dir='ltr'>servus</span> <span class='ocrx_word' id='word_1_250' title='bbox 1012 1678 1047 1712; x_wconf 92' lang='lat' dir='ltr'>in</span> <span class='ocrx_word' id='word_1_251' title='bbox 1075 1677 1219 1712; x_wconf 75' lang='lat' dir='ltr'>Christo</span> 
     </span>
     <span class='ocr_line' id='line_1_26' title="bbox 179 1743 1758 1789; baseline 0.001 -11"><span class='ocrx_word' id='word_1_252' title='bbox 179 1745 284 1779; x_wconf 84' lang='lat' dir='ltr'>Iussu</span> <span class='ocrx_word' id='word_1_253' title='bbox 311 1743 425 1789; x_wconf 86' lang='lat' dir='ltr'>patris</span> <span class='ocrx_word' id='word_1_254' title='bbox 452 1743 649 1789; x_wconf 82' lang='lat' dir='ltr'>praepositi</span> <span class='ocrx_word' id='word_1_255' title='bbox 674 1744 798 1778; x_wconf 85' lang='lat' dir='ltr'>nostri.</span> <span class='ocrx_word' id='word_1_256' title='bbox 1343 1743 1495 1778; x_wconf 86' lang='lat' dir='ltr'>Ioannes</span> <span class='ocrx_word' id='word_1_257' title='bbox 1521 1743 1564 1778; x_wconf 90' lang='lat' dir='ltr'>de</span> <span class='ocrx_word' id='word_1_258' title='bbox 1591 1744 1758 1779; x_wconf 83' lang='lat' dir='ltr'>Polaneo.</span> 
     </span>
    </p>
   </div>
   <div class='ocr_carea' id='block_1_8' title="bbox 866 1827 1026 1869">
    <p class='ocr_par' dir='ltr' id='par_1_8' title="bbox 866 1827 1067 1870">
     <span class='ocr_line' id='line_1_27' title="bbox 866 1827 1026 1869; baseline 0.005 0"><span class='ocrx_word' id='word_1_259' title='bbox 866 1828 894 1869; x_wconf 82' lang='lat' dir='ltr'><strong>J</strong></span> <span class='ocrx_word' id='word_1_260' title='bbox 897 1827 1026 1869; x_wconf 89' lang='lat' dir='ltr'>hesus</span> 
     </span>
    </p>
   </div>
   <div class='ocr_carea' id='block_1_9' title="bbox 80 1909 1856 2357">
    <p class='ocr_par' dir='ltr' id='par_1_9' title="bbox 80 1909 1856 2357">
     <span class='ocr_line' id='line_1_28' title="bbox 199 1909 1855 1965; baseline 0 -13"><span class='ocrx_word' id='word_1_261' title='bbox 199 1910 280 1952; x_wconf 91' lang='lat' dir='ltr'>Die</span> <span class='ocrx_word' id='word_1_262' title='bbox 315 1913 368 1953; x_wconf 81' lang='lat'>10</span> <span class='ocrx_word' id='word_1_263' title='bbox 401 1910 580 1965; x_wconf 68' lang='lat' dir='ltr'>Martijh</span> <span class='ocrx_word' id='word_1_264' title='bbox 612 1910 656 1952; x_wconf 89' lang='lat' dir='ltr'>in</span> <span class='ocrx_word' id='word_1_265' title='bbox 689 1909 945 1952; x_wconf 86' lang='lat' dir='ltr'>consistorio</span> <span class='ocrx_word' id='word_1_266' title='bbox 979 1909 1165 1952; x_wconf 89' lang='lat' dir='ltr'>secretoi</span> <span class='ocrx_word' id='word_1_267' title='bbox 1198 1909 1500 1963; x_wconf 84' lang='lat' dir='ltr'>praesentibus</span> <span class='ocrx_word' id='word_1_268' title='bbox 1536 1909 1855 1952; x_wconf 48' lang='lat' dir='ltr'>‘Jllustrissimis</span> 
     </span>
     <span class='ocr_line' id='line_1_29' title="bbox 81 1974 1855 2028; baseline -0.001 -9"><span class='ocrx_word' id='word_1_269' title='bbox 81 1991 131 2019; x_wconf 85' lang='lat' dir='ltr'>ac</span> <span class='ocrx_word' id='word_1_270' title='bbox 154 1976 544 2018; x_wconf 84' lang='lat' dir='ltr'>Reuerendissimis</span> <span class='ocrx_word' id='word_1_271' title='bbox 577 1975 761 2017; x_wconf 88' lang='lat' dir='ltr'>dominis</span> <span class='ocrx_word' id='word_1_272' title='bbox 783 1975 877 2018; x_wconf 85' lang='lat' dir='ltr'>Car.</span> <span class='ocrx_word' id='word_1_273' title='bbox 908 1976 961 2017; x_wconf 85' lang='lat' dir='ltr'>de</span> <span class='ocrx_word' id='word_1_274' title='bbox 984 1974 1185 2028; x_wconf 83' lang='lat' dir='ltr'>Augusta</span> <span class='ocrx_word' id='word_1_275' title='bbox 1208 1977 1252 2017; x_wconf 89' lang='lat' dir='ltr'>et</span> <span class='ocrx_word' id='word_1_276' title='bbox 1276 1974 1572 2017; x_wconf 77' lang='lat' dir='ltr'>Alexandrino</span> <span class='ocrx_word' id='word_1_277' title='bbox 1589 1977 1607 2004; x_wconf 83' lang='lat'><strong>2</strong></span> <span class='ocrx_word' id='word_1_278' title='bbox 1639 1976 1855 2018; x_wconf 82' lang='lat' dir='ltr'>concessit</span> 
     </span>
     <span class='ocr_line' id='line_1_30' title="bbox 80 2039 1855 2095; baseline -0.001 -12"><span class='ocrx_word' id='word_1_279' title='bbox 80 2055 272 2084; x_wconf 87' lang='lat' dir='ltr'>summus</span> <span class='ocrx_word' id='word_1_280' title='bbox 294 2041 500 2084; x_wconf 82' lang='lat' dir='ltr'>Pontifex</span> <span class='ocrx_word' id='word_1_281' title='bbox 532 2055 584 2083; x_wconf 92' lang='lat' dir='ltr'>ea</span> <span class='ocrx_word' id='word_1_282' title='bbox 607 2055 717 2095; x_wconf 88' lang='lat' dir='ltr'>quae</span> <span class='ocrx_word' id='word_1_283' title='bbox 741 2042 982 2093; x_wconf 82' lang='lat' dir='ltr'>sequuntur</span> <span class='ocrx_word' id='word_1_284' title='bbox 1003 2039 1253 2095; x_wconf 88' lang='lat' dir='ltr'>praeposito</span> <span class='ocrx_word' id='word_1_285' title='bbox 1276 2040 1469 2093; x_wconf 81' lang='lat' dir='ltr'>generali</span> <span class='ocrx_word' id='word_1_286' title='bbox 1493 2040 1726 2083; x_wconf 82' lang='lat' dir='ltr'>Societatis</span> <span class='ocrx_word' id='word_1_287' title='bbox 1749 2041 1776 2083; x_wconf 87' lang='lat' dir='ltr'>J</span> <span class='ocrx_word' id='word_1_288' title='bbox 1780 2055 1855 2082; x_wconf 90' lang='lat' dir='ltr'>esu</span> 
     </span>
     <span class='ocr_line' id='line_1_31' title="bbox 81 2105 1856 2160; baseline 0 -11"><span class='ocrx_word' id='word_1_289' title='bbox 81 2107 222 2150; x_wconf 86' lang='lat' dir='ltr'>dando</span> <span class='ocrx_word' id='word_1_290' title='bbox 255 2106 513 2150; x_wconf 87' lang='lat' dir='ltr'>facultatem</span> <span class='ocrx_word' id='word_1_291' title='bbox 543 2105 683 2148; x_wconf 88' lang='lat' dir='ltr'>eidem</span> <span class='ocrx_word' id='word_1_292' title='bbox 697 2106 713 2126; x_wconf 63' lang='lat' dir='ltr'>k</span> <span class='ocrx_word' id='word_1_293' title='bbox 745 2108 794 2148; x_wconf 92' lang='lat' dir='ltr'>ut</span> <span class='ocrx_word' id='word_1_294' title='bbox 820 2105 930 2148; x_wconf 87' lang='lat' dir='ltr'>alias</span> <span class='ocrx_word' id='word_1_295' title='bbox 951 2119 1161 2160; x_wconf 81' lang='lat' dir='ltr'>personas</span> <span class='ocrx_word' id='word_1_296' title='bbox 1184 2105 1364 2159; x_wconf 90' lang='lat' dir='ltr'>deputet</span> <span class='ocrx_word' id='word_1_297' title='bbox 1387 2106 1440 2147; x_wconf 94' lang='lat' dir='ltr'>de</span> <span class='ocrx_word' id='word_1_298' title='bbox 1463 2105 1614 2148; x_wconf 89' lang='lat' dir='ltr'>eadem</span> <span class='ocrx_word' id='word_1_299' title='bbox 1637 2106 1856 2149; x_wconf 84' lang='lat' dir='ltr'>Societate</span> 
     </span>
     <span class='ocr_line' id='line_1_32' title="bbox 81 2170 1856 2225; baseline -0.001 -11"><span class='ocrx_word' id='word_1_300' title='bbox 81 2186 192 2225; x_wconf 88' lang='lat' dir='ltr'>quae</span> <span class='ocrx_word' id='word_1_301' title='bbox 225 2173 375 2214; x_wconf 88' lang='lat' dir='ltr'>eadem</span> <span class='ocrx_word' id='word_1_302' title='bbox 409 2171 648 2215; x_wconf 86' lang='lat' dir='ltr'>autoritate</span> <span class='ocrx_word' id='word_1_303' title='bbox 671 2173 852 2214; x_wconf 85' lang='lat' dir='ltr'>utantur</span> <span class='ocrx_word' id='word_1_304' title='bbox 873 2170 937 2213; x_wconf 91' lang='lat' dir='ltr'>ita</span> <span class='ocrx_word' id='word_1_305' title='bbox 968 2174 1116 2213; x_wconf 89' lang='lat' dir='ltr'>tamen</span> <span class='ocrx_word' id='word_1_306' title='bbox 1139 2173 1188 2213; x_wconf 93' lang='lat' dir='ltr'>ut</span> <span class='ocrx_word' id='word_1_307' title='bbox 1208 2170 1334 2213; x_wconf 83' lang='lat' dir='ltr'>iuxta</span> <span class='ocrx_word' id='word_1_308' title='bbox 1356 2174 1552 2214; x_wconf 84' lang='lat' dir='ltr'>nostrum</span> <span class='ocrx_word' id='word_1_309' title='bbox 1575 2170 1825 2214; x_wconf 88' lang='lat' dir='ltr'>institutum</span> <span class='ocrx_word' id='word_1_310' title='bbox 1840 2173 1856 2199; x_wconf 82' lang='lat'><strong>3</strong></span> 
     </span>
     <span class='ocr_line' id='line_1_33' title="bbox 80 2235 1854 2292; baseline -0.001 -12"><span class='ocrx_word' id='word_1_311' title='bbox 80 2237 220 2292; x_wconf 81' lang='lat' dir='ltr'>gratis</span> <span class='ocrx_word' id='word_1_312' title='bbox 243 2237 387 2280; x_wconf 90' lang='lat' dir='ltr'>omnia</span> <span class='ocrx_word' id='word_1_313' title='bbox 407 2236 710 2292; x_wconf 84' lang='lat' dir='ltr'>praestentur¹</span> <span class='ocrx_word' id='word_1_314' title='bbox 742 2235 834 2278; x_wconf 90' lang='lat' dir='ltr'>siue</span> <span class='ocrx_word' id='word_1_315' title='bbox 867 2250 978 2289; x_wconf 90' lang='lat' dir='ltr'>quae</span> <span class='ocrx_word' id='word_1_316' title='bbox 1000 2235 1055 2278; x_wconf 91' lang='lat' dir='ltr'>ad</span> <span class='ocrx_word' id='word_1_317' title='bbox 1077 2236 1409 2278; x_wconf 87' lang='lat' dir='ltr'>absolutionesm</span> <span class='ocrx_word' id='word_1_318' title='bbox 1441 2236 1533 2278; x_wconf 88' lang='lat' dir='ltr'>siue</span> <span class='ocrx_word' id='word_1_319' title='bbox 1556 2250 1666 2290; x_wconf 91' lang='lat' dir='ltr'>quae</span> <span class='ocrx_word' id='word_1_320' title='bbox 1689 2236 1745 2278; x_wconf 90' lang='lat' dir='ltr'>ad</span> <span class='ocrx_word' id='word_1_321' title='bbox 1771 2236 1854 2278; x_wconf 89' lang='lat' dir='ltr'>dis-</span> 
     </span>
     <span class='ocr_line' id='line_1_34' title="bbox 80 2300 1853 2357; baseline -0.001 -12"><span class='ocrx_word' id='word_1_322' title='bbox 80 2303 388 2357; x_wconf 84' lang='lat' dir='ltr'>pensationes¹¹</span> <span class='ocrx_word' id='word_1_323' title='bbox 420 2302 653 2357; x_wconf 85' lang='lat' dir='ltr'>pertinent,</span> <span class='ocrx_word' id='word_1_324' title='bbox 688 2301 878 2354; x_wconf 88' lang='lat' dir='ltr'>alioquin</span> <span class='ocrx_word' id='word_1_325' title='bbox 909 2300 1146 2343; x_wconf 88' lang='lat' dir='ltr'>inualidum</span> <span class='ocrx_word' id='word_1_326' title='bbox 1176 2301 1261 2344; x_wconf 84' lang='lat' dir='ltr'>erit</span> <span class='ocrx_word' id='word_1_327' title='bbox 1282 2301 1484 2355; x_wconf 87' lang='lat' dir='ltr'>quicquid</span> <span class='ocrx_word' id='word_1_328' title='bbox 1516 2302 1853 2356; x_wconf 85' lang='lat' dir='ltr'>praestabitur⁰.</span> 
     </span>
    </p>
   </div>
   <div class='ocr_carea' id='block_1_10' title="bbox 200 2447 1855 2706">
    <p class='ocr_par' dir='ltr' id='par_1_10' title="bbox 200 2447 1749 2495">
     <span class='ocr_line' id='line_1_35' title="bbox 238 2447 1749 2495; baseline -0.002 -11.074"><span class='ocrx_word' id='word_1_329' title='bbox 238 2449 264 2483; x_wconf 93' lang='lat' dir='ltr'>li</span> <span class='ocrx_word' id='word_1_330' title='bbox 290 2449 557 2495; x_wconf 86' lang='lat' dir='ltr'>despensationi</span> <span class='ocrx_word' id='word_1_331' title='bbox 583 2451 624 2484; x_wconf 90' lang='lat' dir='ltr'>B.</span> <span class='ocrx_word' id='word_1_332' title='bbox 723 2450 738 2469; x_wconf 63' lang='lat'>¹2</span> <span class='ocrx_word' id='word_1_333' title='bbox 765 2451 821 2483; x_wconf 74' lang='lat' dir='ltr'>lta</span> <span class='ocrx_word' id='word_1_334' title='bbox 848 2454 937 2483; x_wconf 75' lang='lat' dir='ltr'>recte</span> <span class='ocrx_word' id='word_1_335' title='bbox 962 2449 1017 2491; x_wconf 89' lang='lat' dir='ltr'>B‚·</span> <span class='ocrx_word' id='word_1_336' title='bbox 1043 2447 1108 2482; x_wconf 89' lang='lat' dir='ltr'>che</span> <span class='ocrx_word' id='word_1_337' title='bbox 1134 2460 1198 2493; x_wconf 85' lang='lat' dir='ltr'>per</span> <span class='ocrx_word' id='word_1_338' title='bbox 1224 2450 1269 2482; x_wconf 79' lang='lat' dir='ltr'>A.</span> <span class='ocrx_word' id='word_1_339' title='bbox 1367 2455 1377 2467; x_wconf 81' lang='lat'>‘&#39;</span> <span class='ocrx_word' id='word_1_340' title='bbox 1405 2449 1465 2482; x_wconf 77' lang='lat' dir='ltr'>Sic</span> <span class='ocrx_word' id='word_1_341' title='bbox 1491 2449 1547 2489; x_wconf 89' lang='lat' dir='ltr'>B,·</span> <span class='ocrx_word' id='word_1_342' title='bbox 1572 2447 1608 2481; x_wconf 90' lang='lat' dir='ltr'>la</span> <span class='ocrx_word' id='word_1_343' title='bbox 1635 2448 1676 2481; x_wconf 81' lang='lat' dir='ltr'>R.</span> <span class='ocrx_word' id='word_1_344' title='bbox 1705 2449 1749 2482; x_wconf 79' lang='lat' dir='ltr'>A.</span> 
     </span>
    </p>

    <p class='ocr_par' dir='ltr' id='par_1_11' title="bbox 200 2502 1855 2601">
     <span class='ocr_line' id='line_1_36' title="bbox 200 2502 1855 2548; baseline -0.002 -11"><span class='ocrx_word' id='word_1_345' title='bbox 200 2503 216 2523; x_wconf 64' lang='grc' dir='ltr'>’ἶ</span> <span class='ocrx_word' id='word_1_346' title='bbox 242 2504 339 2545; x_wconf 77' lang='lat' dir='ltr'>Quae</span> <span class='ocrx_word' id='word_1_347' title='bbox 363 2509 573 2548; x_wconf 78' lang='lat' dir='ltr'>sequuntur,</span> <span class='ocrx_word' id='word_1_348' title='bbox 603 2515 709 2547; x_wconf 75' lang='lat' dir='ltr'>usque</span> <span class='ocrx_word' id='word_1_349' title='bbox 735 2504 783 2536; x_wconf 83' lang='lat' dir='ltr'>ad</span> <span class='ocrx_word' id='word_1_350' title='bbox 808 2502 853 2537; x_wconf 93' lang='lat' dir='ltr'>Di</span> <span class='ocrx_word' id='word_1_351' title='bbox 879 2502 992 2537; x_wconf 84' lang='lat' dir='ltr'>Roma</span> <span class='ocrx_word' id='word_1_352' title='bbox 1018 2502 1123 2546; x_wconf 58' lang='lat' dir='ltr'>exc-Z„</span> <span class='ocrx_word' id='word_1_353' title='bbox 1153 2504 1192 2535; x_wconf 73' lang='lat' dir='ltr'>in</span> <span class='ocrx_word' id='word_1_354' title='bbox 1219 2503 1253 2535; x_wconf 89' lang='lat' dir='ltr'><strong><em>A</em></strong></span> <span class='ocrx_word' id='word_1_355' title='bbox 1280 2503 1425 2546; x_wconf 72' lang='lat' dir='ltr'>omissa,</span> <span class='ocrx_word' id='word_1_356' title='bbox 1452 2513 1495 2535; x_wconf 73' lang='lat' dir='ltr'>ex</span> <span class='ocrx_word' id='word_1_357' title='bbox 1519 2503 1553 2535; x_wconf 90' lang='lat' dir='ltr'><em>B</em></span> <span class='ocrx_word' id='word_1_358' title='bbox 1575 2502 1737 2545; x_wconf 73' lang='lat' dir='ltr'>suppleta</span> <span class='ocrx_word' id='word_1_359' title='bbox 1761 2506 1855 2535; x_wconf 78' lang='lat' dir='ltr'>smzt.</span> 
     </span>
     <span class='ocr_line' id='line_1_37' title="bbox 201 2556 1411 2601; baseline -0.002 -10"><span class='ocrx_word' id='word_1_360' title='bbox 201 2563 212 2577; x_wconf 45' lang='grc' dir='ltr'><strong>Β</strong></span> <span class='ocrx_word' id='word_1_361' title='bbox 241 2557 294 2591; x_wconf 79' lang='grc'>12.</span> <span class='ocrx_word' id='word_1_362' title='bbox 322 2558 377 2599; x_wconf 87' lang='lat' dir='ltr'>B‚·</span> <span class='ocrx_word' id='word_1_363' title='bbox 401 2558 478 2591; x_wconf 70' lang='lat' dir='ltr'>vide</span> <span class='ocrx_word' id='word_1_364' title='bbox 503 2569 594 2601; x_wconf 78' lang='lat' dir='ltr'>quae</span> <span class='ocrx_word' id='word_1_365' title='bbox 617 2557 682 2591; x_wconf 74' lang='lat' dir='ltr'>sub</span> <span class='ocrx_word' id='word_1_366' title='bbox 708 2558 823 2600; x_wconf 70' lang='lat' dir='ltr'>ipsam</span> <span class='ocrx_word' id='word_1_367' title='bbox 848 2557 942 2590; x_wconf 81' lang='lat' dir='ltr'>hane</span> <span class='ocrx_word' id='word_1_368' title='bbox 967 2556 1155 2599; x_wconf 72' lang='lat' dir='ltr'>epistulam</span> <span class='ocrx_word' id='word_1_369' title='bbox 1180 2556 1411 2589; x_wconf 77' lang='lat' dir='ltr'>notabuntur.</span> 
     </span>
    </p>

    <p class='ocr_par' dir='ltr' id='par_1_12' title="bbox 202 2611 833 2654">
     <span class='ocr_line' id='line_1_38' title="bbox 202 2611 833 2654; baseline -0.002 -11"><span class='ocrx_word' id='word_1_370' title='bbox 202 2612 213 2629; x_wconf 54' lang='lat' dir='ltr'>f</span> <span class='ocrx_word' id='word_1_371' title='bbox 246 2611 375 2644; x_wconf 74' lang='lat' dir='ltr'>Omnia</span> <span class='ocrx_word' id='word_1_372' title='bbox 401 2622 450 2644; x_wconf 68' lang='lat' dir='ltr'>vc.</span> <span class='ocrx_word' id='word_1_373' title='bbox 476 2622 549 2654; x_wconf 77' lang='lat' dir='ltr'>sqq.</span> <span class='ocrx_word' id='word_1_374' title='bbox 576 2612 614 2644; x_wconf 80' lang='lat' dir='ltr'>in</span> <span class='ocrx_word' id='word_1_375' title='bbox 641 2612 674 2644; x_wconf 90' lang='lat' dir='ltr'><em>B</em></span> <span class='ocrx_word' id='word_1_376' title='bbox 698 2611 833 2643; x_wconf 77' lang='lat' dir='ltr'>desunt.</span> 
     </span>
    </p>

    <p class='ocr_par' dir='ltr' id='par_1_13' title="bbox 202 2661 1758 2706">
     <span class='ocr_line' id='line_1_39' title="bbox 202 2661 1758 2706; baseline -0.002 -9"><span class='ocrx_word' id='word_1_377' title='bbox 202 2670 214 2683; x_wconf 70' lang='lat'>‘⁵</span> <span class='ocrx_word' id='word_1_378' title='bbox 239 2664 284 2697; x_wconf 77' lang='lat' dir='ltr'>In</span> <span class='ocrx_word' id='word_1_379' title='bbox 315 2664 343 2696; x_wconf 88' lang='lat' dir='ltr'><strong><em>C</em></strong></span> <span class='ocrx_word' id='word_1_380' title='bbox 365 2664 438 2698; x_wconf 82' lang='lat' dir='ltr'>loeo</span> <span class='ocrx_word' id='word_1_381' title='bbox 464 2665 571 2697; x_wconf 75' lang='lat' dir='ltr'>huius</span> <span class='ocrx_word' id='word_1_382' title='bbox 598 2664 756 2698; x_wconf 75' lang='lat' dir='ltr'>vocabuli</span> <span class='ocrx_word' id='word_1_383' title='bbox 781 2664 952 2706; x_wconf 75' lang='lat' dir='ltr'>scriptum</span> <span class='ocrx_word' id='word_1_384' title='bbox 979 2667 1047 2696; x_wconf 78' lang='lat' dir='ltr'>est:</span> <span class='ocrx_word' id='word_1_385' title='bbox 1074 2661 1331 2696; x_wconf 88' lang='lat' dir='ltr'>Concessiones</span> <span class='ocrx_word' id='word_1_386' title='bbox 1360 2661 1403 2696; x_wconf 90' lang='lat'>10</span> <span class='ocrx_word' id='word_1_387' title='bbox 1429 2661 1553 2695; x_wconf 81' lang='lat' dir='ltr'>Martii</span> <span class='ocrx_word' id='word_1_388' title='bbox 1579 2661 1758 2695; x_wconf 87' lang='lat' dir='ltr'>obtentae.</span> 
     </span>
    </p>
   </div>
   <div class='ocr_carea' id='block_1_11' title="bbox 200 2715 1662 2868">
    <p class='ocr_par' dir='ltr' id='par_1_14' title="bbox 200 2715 1662 2868">
     <span class='ocr_line' id='line_1_40' title="bbox 200 2715 1626 2761; baseline -0.002 -11"><span class='ocrx_word' id='word_1_389' title='bbox 200 2717 220 2737; x_wconf 45' lang='grc' dir='ltr'><em>Β</em></span> <span class='ocrx_word' id='word_1_390' title='bbox 240 2717 297 2750; x_wconf 79' lang='lat' dir='ltr'>Ita</span> <span class='ocrx_word' id='word_1_391' title='bbox 327 2717 374 2758; x_wconf 82' lang='grc' dir='ltr'>Ο,-</span> <span class='ocrx_word' id='word_1_392' title='bbox 401 2718 434 2750; x_wconf 86' lang='grc' dir='ltr'><strong><em>Α</em></strong></span> <span class='ocrx_word' id='word_1_393' title='bbox 458 2728 669 2761; x_wconf 79' lang='lat' dir='ltr'>perperam:</span> <span class='ocrx_word' id='word_1_394' title='bbox 694 2715 791 2761; x_wconf 80' lang='lat' dir='ltr'>Maij.</span> <span class='ocrx_word' id='word_1_395' title='bbox 839 2716 893 2759; x_wconf 82' lang='lat' dir='ltr'>Cf.</span> <span class='ocrx_word' id='word_1_396' title='bbox 918 2726 1033 2759; x_wconf 75' lang='lat' dir='ltr'>supra</span> <span class='ocrx_word' id='word_1_397' title='bbox 1057 2727 1092 2759; x_wconf 81' lang='lat' dir='ltr'>p.</span> <span class='ocrx_word' id='word_1_398' title='bbox 1121 2718 1176 2750; x_wconf 89' lang='lat'>61.</span> <span class='ocrx_word' id='word_1_399' title='bbox 1205 2718 1260 2749; x_wconf 84' lang='grc'>68.</span> <span class='ocrx_word' id='word_1_400' title='bbox 1360 2715 1367 2735; x_wconf 70' lang='lat' dir='ltr'>i</span> <span class='ocrx_word' id='word_1_401' title='bbox 1394 2715 1497 2748; x_wconf 76' lang='lat' dir='ltr'>Deest</span> <span class='ocrx_word' id='word_1_402' title='bbox 1521 2716 1558 2747; x_wconf 65' lang='lat' dir='ltr'>in</span> <span class='ocrx_word' id='word_1_403' title='bbox 1591 2715 1626 2748; x_wconf 87' lang='lat' dir='ltr'>C.</span> 
     </span>
     <span class='ocr_line' id='line_1_41' title="bbox 202 2767 1662 2814; baseline -0.001 -11"><span class='ocrx_word' id='word_1_404' title='bbox 202 2770 218 2789; x_wconf 58' lang='lat'>‘¹</span> <span class='ocrx_word' id='word_1_405' title='bbox 241 2769 355 2803; x_wconf 89' lang='lat' dir='ltr'>eidem</span> <span class='ocrx_word' id='word_1_406' title='bbox 382 2770 497 2804; x_wconf 84' lang='lat' dir='ltr'>dando</span> <span class='ocrx_word' id='word_1_407' title='bbox 523 2770 736 2804; x_wconf 84' lang='lat' dir='ltr'>facultatem</span> <span class='ocrx_word' id='word_1_408' title='bbox 767 2769 802 2803; x_wconf 82' lang='lat' dir='ltr'>C.</span> <span class='ocrx_word' id='word_1_409' title='bbox 901 2769 909 2789; x_wconf 80' lang='lat'><strong>¹</strong></span> <span class='ocrx_word' id='word_1_410' title='bbox 935 2769 1122 2814; x_wconf 86' lang='lat' dir='ltr'>praestent</span> <span class='ocrx_word' id='word_1_411' title='bbox 1150 2769 1187 2802; x_wconf 84' lang='lat' dir='ltr'>C.</span> <span class='ocrx_word' id='word_1_412' title='bbox 1286 2774 1308 2788; x_wconf 83' lang='lat'>¹¹¹</span> <span class='ocrx_word' id='word_1_413' title='bbox 1335 2767 1597 2802; x_wconf 84' lang='lat' dir='ltr'>absolutionem</span> <span class='ocrx_word' id='word_1_414' title='bbox 1626 2768 1662 2802; x_wconf 83' lang='lat' dir='ltr'>C.</span> 
     </span>
     <span class='ocr_line' id='line_1_42' title="bbox 202 2822 1050 2868; baseline -0.001 -11"><span class='ocrx_word' id='word_1_415' title='bbox 202 2829 218 2843; x_wconf 77' lang='lat'>¹¹</span> <span class='ocrx_word' id='word_1_416' title='bbox 241 2822 544 2868; x_wconf 82' lang='lat' dir='ltr'>dispensationem</span> <span class='ocrx_word' id='word_1_417' title='bbox 573 2824 610 2857; x_wconf 80' lang='lat' dir='ltr'>C.</span> <span class='ocrx_word' id='word_1_418' title='bbox 709 2829 722 2843; x_wconf 92' lang='lat'>⁰</span> <span class='ocrx_word' id='word_1_419' title='bbox 748 2822 985 2868; x_wconf 83' lang='lat' dir='ltr'>praestabunt</span> <span class='ocrx_word' id='word_1_420' title='bbox 1014 2822 1050 2856; x_wconf 82' lang='lat' dir='ltr'>C.</span> 
     </span>
    </p>
   </div>
   <div class='ocr_carea' id='block_1_12' title="bbox 94 2907 633 2911">
    <p class='ocr_par' dir='ltr' id='par_1_15' title="bbox 94 2907 633 2911">
     <span class='ocr_line' id='line_1_43' title="bbox 94 2907 633 2911; baseline 0 0"><span class='ocrx_word' id='word_1_421' title='bbox 94 2907 633 2911; x_wconf 95' lang='lat' dir='ltr'> </span> 
     </span>
    </p>
   </div>
   <div class='ocr_carea' id='block_1_13' title="bbox 82 2945 1856 3204">
    <p class='ocr_par' dir='ltr' id='par_1_16' title="bbox 82 2945 1855 3049">
     <span class='ocr_line' id='line_1_44' title="bbox 205 2945 1855 2994; baseline -0.002 -10"><span class='ocrx_word' id='word_1_422' title='bbox 205 2952 215 2971; x_wconf 94' lang='lat'>¹</span> <span class='ocrx_word' id='word_1_423' title='bbox 243 2950 295 2984; x_wconf 88' lang='lat' dir='ltr'>Ea</span> <span class='ocrx_word' id='word_1_424' title='bbox 323 2951 360 2993; x_wconf 92' lang='lat' dir='ltr'>(a</span> <span class='ocrx_word' id='word_1_425' title='bbox 385 2949 542 2984; x_wconf 85' lang='lat' dir='ltr'>Polanco</span> <span class='ocrx_word' id='word_1_426' title='bbox 567 2948 788 2994; x_wconf 84' lang='lat' dir='ltr'>subscripta)</span> <span class='ocrx_word' id='word_1_427' title='bbox 817 2960 899 2983; x_wconf 92' lang='lat' dir='ltr'>cum</span> <span class='ocrx_word' id='word_1_428' title='bbox 924 2949 1003 2993; x_wconf 89' lang='lat' dir='ltr'>ipsa</span> <span class='ocrx_word' id='word_1_429' title='bbox 1028 2948 1097 2983; x_wconf 84' lang='lat' dir='ltr'>hac</span> <span class='ocrx_word' id='word_1_430' title='bbox 1122 2948 1279 2992; x_wconf 88' lang='lat' dir='ltr'>epistula</span> <span class='ocrx_word' id='word_1_431' title='bbox 1303 2947 1415 2981; x_wconf 89' lang='lat' dir='ltr'>missa</span> <span class='ocrx_word' id='word_1_432' title='bbox 1441 2958 1522 2981; x_wconf 88' lang='lat' dir='ltr'>esse</span> <span class='ocrx_word' id='word_1_433' title='bbox 1548 2959 1594 2981; x_wconf 83' lang='lat' dir='ltr'>ex</span> <span class='ocrx_word' id='word_1_434' title='bbox 1619 2946 1768 2981; x_wconf 85' lang='lat' dir='ltr'>Polanci</span> <span class='ocrx_word' id='word_1_435' title='bbox 1797 2945 1855 2980; x_wconf 78' lang='lat' dir='ltr'>lit.-</span> 
     </span>
     <span class='ocr_line' id='line_1_45' title="bbox 82 3000 1528 3049; baseline -0.003 -11"><span class='ocrx_word' id='word_1_436' title='bbox 82 3004 171 3039; x_wconf 89' lang='lat' dir='ltr'>teris</span> <span class='ocrx_word' id='word_1_437' title='bbox 197 3003 360 3049; x_wconf 82' lang='lat' dir='ltr'>proximo</span> <span class='ocrx_word' id='word_1_438' title='bbox 384 3003 535 3038; x_wconf 85' lang='lat' dir='ltr'>sabbato</span> <span class='ocrx_word' id='word_1_439' title='bbox 564 3001 637 3046; x_wconf 86' lang='lat'>(15.</span> <span class='ocrx_word' id='word_1_440' title='bbox 663 3002 802 3045; x_wconf 87' lang='lat' dir='ltr'>Martii)</span> <span class='ocrx_word' id='word_1_441' title='bbox 832 3002 876 3036; x_wconf 85' lang='lat' dir='ltr'>ad</span> <span class='ocrx_word' id='word_1_442' title='bbox 904 3001 1088 3037; x_wconf 85' lang='lat' dir='ltr'>Canisium</span> <span class='ocrx_word' id='word_1_443' title='bbox 1114 3001 1208 3036; x_wconf 87' lang='lat' dir='ltr'>datis</span> <span class='ocrx_word' id='word_1_444' title='bbox 1235 3000 1405 3044; x_wconf 86' lang='lat' dir='ltr'>colligere</span> <span class='ocrx_word' id='word_1_445' title='bbox 1432 3000 1528 3035; x_wconf 86' lang='lat' dir='ltr'>licet.</span> 
     </span>
    </p>

    <p class='ocr_par' dir='ltr' id='par_1_17' title="bbox 88 3053 1856 3156">
     <span class='ocr_line' id='line_1_46' title="bbox 204 3053 1856 3099; baseline -0.002 -8"><span class='ocrx_word' id='word_1_446' title='bbox 204 3058 218 3078; x_wconf 81' lang='lat'><strong>²</strong></span> <span class='ocrx_word' id='word_1_447' title='bbox 243 3057 376 3091; x_wconf 91' lang='lat' dir='ltr'>Ottone</span> <span class='ocrx_word' id='word_1_448' title='bbox 401 3056 603 3091; x_wconf 85' lang='lat' dir='ltr'>Truohsess</span> <span class='ocrx_word' id='word_1_449' title='bbox 628 3057 666 3090; x_wconf 88' lang='lat' dir='ltr'>et</span> <span class='ocrx_word' id='word_1_450' title='bbox 690 3055 869 3090; x_wconf 74' lang='lat' dir='ltr'>Michaele</span> <span class='ocrx_word' id='word_1_451' title='bbox 896 3055 1050 3090; x_wconf 87' lang='lat' dir='ltr'>Gislerio</span> <span class='ocrx_word' id='word_1_452' title='bbox 1079 3054 1283 3099; x_wconf 84' lang='lat' dir='ltr'>(Ghislieri)</span> <span class='ocrx_word' id='word_1_453' title='bbox 1304 3053 1345 3088; x_wconf 94' lang='lat' dir='ltr'>O.</span> <span class='ocrx_word' id='word_1_454' title='bbox 1365 3054 1424 3088; x_wconf 93' lang='lat' dir='ltr'>Pr.</span> <span class='ocrx_word' id='word_1_455' title='bbox 1451 3065 1618 3099; x_wconf 87' lang='lat' dir='ltr'>supremo</span> <span class='ocrx_word' id='word_1_456' title='bbox 1643 3053 1856 3098; x_wconf 87' lang='lat' dir='ltr'>inquisitore</span> 
     </span>
     <span class='ocr_line' id='line_1_47' title="bbox 88 3108 804 3156; baseline -0.003 -11"><span class='ocrx_word' id='word_1_457' title='bbox 88 3110 164 3155; x_wconf 87' lang='lat' dir='ltr'>(qui</span> <span class='ocrx_word' id='word_1_458' title='bbox 189 3112 316 3156; x_wconf 85' lang='lat' dir='ltr'>postea</span> <span class='ocrx_word' id='word_1_459' title='bbox 342 3110 497 3145; x_wconf 83' lang='lat' dir='ltr'>Sanctus</span> <span class='ocrx_word' id='word_1_460' title='bbox 523 3109 610 3144; x_wconf 85' lang='lat' dir='ltr'>Pius</span> <span class='ocrx_word' id='word_1_461' title='bbox 636 3108 678 3144; x_wconf 92' lang='lat' dir='ltr'>V.</span> <span class='ocrx_word' id='word_1_462' title='bbox 705 3109 804 3152; x_wconf 89' lang='lat' dir='ltr'>fuit).</span> 
     </span>
    </p>

    <p class='ocr_par' dir='ltr' id='par_1_18' title="bbox 206 3161 1488 3204">
     <span class='ocr_line' id='line_1_48' title="bbox 206 3161 1488 3204; baseline -0.003 -6"><span class='ocrx_word' id='word_1_463' title='bbox 206 3165 219 3185; x_wconf 83' lang='lat'><strong>³</strong></span> <span class='ocrx_word' id='word_1_464' title='bbox 248 3165 524 3199; x_wconf 73' lang='lat' dir='ltr'>Constitutiones</span> <span class='ocrx_word' id='word_1_465' title='bbox 549 3162 740 3197; x_wconf 86' lang='lat' dir='ltr'>Societatis</span> <span class='ocrx_word' id='word_1_466' title='bbox 766 3163 849 3197; x_wconf 87' lang='lat' dir='ltr'>Iesu</span> <span class='ocrx_word' id='word_1_467' title='bbox 876 3163 915 3197; x_wconf 93' lang='lat' dir='ltr'>P.</span> <span class='ocrx_word' id='word_1_468' title='bbox 942 3163 974 3203; x_wconf 80' lang='grc'>6,</span> <span class='ocrx_word' id='word_1_469' title='bbox 1000 3174 1031 3197; x_wconf 87' lang='grc'>6.</span> <span class='ocrx_word' id='word_1_470' title='bbox 1057 3162 1090 3204; x_wconf 82' lang='grc'>2,</span> <span class='ocrx_word' id='word_1_471' title='bbox 1116 3173 1150 3196; x_wconf 88' lang='grc'>11.</span> <span class='ocrx_word' id='word_1_472' title='bbox 1178 3161 1218 3202; x_wconf 84' lang='lat'>7;</span> <span class='ocrx_word' id='word_1_473' title='bbox 1246 3161 1286 3195; x_wconf 91' lang='grc' dir='ltr'><strong>Ρ.</strong></span> <span class='ocrx_word' id='word_1_474' title='bbox 1314 3161 1369 3202; x_wconf 90' lang='grc'>10,</span> <span class='ocrx_word' id='word_1_475' title='bbox 1395 3172 1428 3195; x_wconf 93' lang='lat' dir='ltr'>n.</span> <span class='ocrx_word' id='word_1_476' title='bbox 1456 3161 1488 3194; x_wconf 87' lang='grc'><strong>5.</strong></span> 
     </span>
    </p>
   </div>
  </div>
 </body>
</html>
