2093 3444
231 184 314 225 368
802 183 880 217 663.
914 182 1051 217 Paulus
1077 183 1247 218 Hoffaeus
1275 183 1428 219 Canisio.

227 312 356 352 saepe
389 299 442 340 ob
485 299 597 340 tales
639 313 794 341 causas
829 299 1128 342 contentiones
1169 301 1387 351 oriuntur,
1432 304 1477 343 39
1511 302 1683 356 aliquod
1724 306 1904 357 propter
1934 304 1995 346 in-

226 366 378 416 gratos
410 377 605 406 rumores
637 364 744 407 istos
777 365 917 406 maius
949 365 1110 406 malum
1143 365 1326 416 eueniet,
1361 369 1409 408 vt
1438 366 1638 409 nimirum
1660 371 1865 422 parentes
1896 369 1996 424 filijs

225 428 315 469 suis
348 442 502 470 cauere
535 429 754 480 uolentes,
797 430 976 473 mittant
1009 444 1082 472 eos
1114 430 1157 471 in
1198 431 1368 473 scholas
1400 431 1688 474 hereticorum
1723 467 1730 475 .
1764 433 1822 474 ,111
1854 433 1995 487 specie

226 493 462 544 consuluit,
508 496 557 536 ut
601 509 685 536 non
731 494 1025 549 specificarem
1069 495 1209 537 locum
1256 496 1468 538 examinis
1511 512 1519 538 :
1563 511 1658 539 cum
1701 496 1813 539 enim
1857 498 1996 551 inquit

226 557 435 612 Regimen
476 562 699 613 protector
739 562 890 601 noster
930 560 987 602 sit
1019 560 1112 602 1000
1147 561 1186 603 8.
1222 560 1264 603 C.
1299 561 1543 604 Maiestatis
1585 562 1745 605 efficiet
1782 565 1830 605 ut
1863 563 1993 606 etiam

224 622 305 665 hac
336 623 379 664 in
413 626 537 677 parte
570 624 629 665 nil
660 624 920 666 incommodi
951 624 1143 667 feramus
1177 641 1185 666 ε
1221 625 1363 679 potius
1396 626 1705 681 specificandos
1743 641 1838 669 esse
1871 628 1994 669 Com-

224 687 469 739 missarios,
512 692 560 731 ut
591 689 653 731 illi
687 690 855 743 synceri
890 690 989 732 sint.
1053 690 1152 732 Jmo
1185 690 1344 744 inquit,
1389 691 1424 732 si
1466 691 1560 745 quis
1595 692 1908 734 examinandus
1941 693 1993 735 ob

224 753 520 796 infirmitatem
563 754 752 807 aliquam
786 755 975 808 Collegio
1019 754 1138 797 exire
1180 758 1368 809 nequeat
1409 757 1572 809 absque
1613 757 1702 800 ulla
1736 757 1993 801 difficultate

225 817 516 872 Commissarij
549 820 604 861 ad
637 834 733 861 eum
767 820 1026 863 accederent
1060 855 1068 863 .
1102 823 1272 863 tantum
1306 824 1353 863 ut
1385 821 1464 863 hoc
1503 823 1732 873 caueatur,
1775 836 1829 864 ne
1860 823 1991 864 ullam

225 883 565 926 controuersiam
598 884 640 926 in
673 885 755 926 loci
789 884 1033 928 differentia
1065 885 1307 928 fundemus.
1341 911 1399 916 -—
1420 912 1478 916 —

344 969 509 1004 Canisius
542 971 634 1005 hanc
669 971 870 1006 litterarum
899 975 1035 1017 partem
1074 973 1117 1006 ab
1144 973 1288 1007 Andrea
1315 972 1397 1007 Stoi·
1432 974 1738 1008 transcribendam
1776 975 1918 1008 curavit
1952 986 1992 1009 ac

224 1034 289 1057 sua
326 1035 435 1057 manu
473 1024 572 1058 initio
612 1025 797 1070 ascripsit:
846 1025 919 1067 „Ex
958 1026 1072 1060 literis
1107 1026 1271 1060 Rectoris
1296 1026 1546 1068 Viennensis“‚
1585 1030 1620 1061 et
1659 1030 1842 1062 extremae
1879 1028 1991 1072 parti:

229 1076 433 1118 „Hactenus
464 1077 636 1122 judicium
676 1078 888 1124 Cancellarij
926 1080 985 1123 qui
1023 1079 1155 1124 primas
1191 1082 1290 1114 tenet
1329 1081 1363 1114 in
1403 1080 1545 1114 excelso
1582 1080 1769 1124 Regimine
1795 1080 1987 1115 Viennae.“

225 1129 325 1171 Quod
352 1131 598 1175 apographum
627 1132 702 1176 ipse
731 1132 878 1166 Romam
911 1132 953 1166 ad
982 1132 1224 1167 Salmeroncm
1251 1133 1425 1167 vicarium
1458 1134 1555 1167 misit
1582 1146 1650 1168 una
1678 1145 1758 1168 cum
1785 1134 1991 1179 apographo

228 1183 287 1226 (ab
323 1184 467 1217 Andr-ea
503 1184 583 1219 Stor
620 1185 654 1218 in
690 1186 812 1219 eadem
849 1186 975 1220 charta
1013 1186 1161 1231 scripto)
1200 1187 1377 1231 epistulae
1414 1187 1531 1230 Praga
1568 1187 1622 1222 23.
1650 1188 1804 1221 Ianuarii
1844 1187 1932 1222 1562
1971 1199 1990 1221 a

226 1236 387 1270 Victoria
426 1238 469 1271 ad
509 1238 707 1281 „regimen”
749 1239 1012 1273 vimlobonense
1051 1240 1174 1273 eadem
1211 1240 1252 1274 de
1289 1252 1324 1274 re
1361 1240 1477 1275 datae.
1529 1240 1642 1282 Quam
1681 1241 1873 1286 epistulam
1912 1253 1989 1275 cum

226 1289 397 1324 Hoffaeus
423 1294 540 1325 rector
559 1292 846 1333 vimlobonensis,
874 1304 893 1327 a
913 1293 1085 1337 regimim²
1113 1305 1232 1327 secum
1252 1294 1563 1335 cmnnmnicatam,
1591 1306 1661 1328 una
1679 1306 1759 1328 cum
1777 1294 1834 1328 his
1859 1293 1990 1328 litteris

226 1344 302 1378 suis
329 1343 371 1377 ad
393 1343 574 1378 Canisium
602 1345 744 1379 misisse
772 1346 946 1383 rideatur.
975 1347 1039 1380 lias
1066 1347 1200 1380 llofl'aei
1228 1347 1369 1381 litteras
1396 1348 1462 1381 sub
1489 1347 1629 1381 initium
1656 1347 1789 1381 mensis
1808 1347 1989 1381 Februarii

226 1408 257 1430 a.
288 1397 378 1431 1562
405 1398 508 1432 datas
535 1409 613 1432 esse
641 1398 784 1433 dixeris.

347 1450 445 1492 Quae
472 1454 590 1485 autem
628 1452 855 1486 tractationis
882 1453 987 1487 huius
1023 1465 1131 1487 causa
1158 1454 1287 1494 fuerit,
1324 1457 1359 1487 ct
1386 1455 1560 1487 1'e'‹·lm·1'‹(e
1585 1454 1736 1494 litteris,
1773 1465 1862 1497 quas
1887 1455 1990 1488 modo

225 1503 319 1544 dixi,
357 1507 391 1537 et
418 1504 457 1538 Ρ.
486 1506 663 1548 ΑΙΡΙιοηκῖ
688 1507 815 1539 Pisum·
839 1506 872 1540 8.
900 1506 932 1541 J.
960 1506 1116 1551 epistula
1142 1506 1361 1550 lngolstadio
1397 1507 1452 1541 24.
1480 1507 1602 1541 Martii
1631 1507 1719 1541 1562
1755 1507 1800 1541 ad
1828 1507 1987 1541 Lainium

225 1556 284 1590 vel
310 1557 553 1592 Salineronem
580 1559 663 1592 data
692 1559 789 1602 (vide
817 1559 919 1597 infra.
947 1572 1101 1593 monum.
1131 1560 1213 1601 383)
1244 1560 1450 1594 edocemur:
1480 1560 1638 1594 Victoria
1656 1560 1886 1594 Vindobonae
1912 1572 1988 1605 per-

224 1609 369 1644 mittere
396 1611 577 1649 noluerat.
605 1615 644 1645 ut
670 1613 834 1647 novicius
861 1613 1005 1657 quidam
1033 1625 1111 1647 cum
1139 1617 1241 1658 patre
1267 1613 1485 1657 loqueretur,
1512 1616 1547 1648 et
1573 1615 1613 1647 ut
1639 1613 1741 1647 alteri
1768 1613 1987 1648 adulescenti

224 1664 375 1708 pecunia
402 1664 438 1698 in
457 1664 606 1708 collegio
626 1665 788 1710 deposita
807 1667 1026 1706 redderetur,
1054 1667 1168 1710 iisque
1196 1667 1302 1701 rebus
1329 1668 1363 1700 et
1387 1666 1609 1711 „regiminis“
1641 1670 1675 1700 et
1702 1666 1813 1712 ipsius
1831 1667 1988 1701 caesaris

225 1717 506 1761 indignationem
541 1721 713 1753 moverat.
766 1721 818 1754 Ao
844 1719 883 1753 P.
911 1721 1047 1754 Paulus
1073 1721 1265 1764 Hoffaeecs,
1301 1720 1445 1764 collegii
1470 1720 1747 1754 vindobonensis
1782 1722 1916 1759 rector,
1951 1720 1987 1754 in

224 1770 444 1805 *Relatione
470 1772 512 1805 de
539 1772 697 1807 eiusdem
725 1773 866 1816 collegii
899 1774 1006 1807 rebus
1032 1774 1075 1807 ab
1107 1774 1134 1808 1.
1164 1773 1318 1808 Ianuarii
1347 1774 1436 1808 1562
1463 1774 1505 1808 ad
1533 1774 1588 1808 20.
1607 1773 1729 1808 Martii
1759 1773 1848 1808 1563
1874 1773 1987 1817 gestis

223 1824 359 1869 scripta
394 1827 430 1859 et
459 1825 495 1859 P.
522 1825 641 1859 Natali
678 1826 856 1860 visitatori
892 1827 1023 1860 tradita
1053 1826 1152 1870 (cod.
1185 1827 1325 1869 „Austn
1352 1827 1462 1861 Fund.
1492 1827 1571 1860 111.“
1611 1827 1636 1860 f.
1667 1826 1907 1870 NTa—480⁸)
1943 1827 1986 1861 110

228 1876 402 1922 „Georgio
428 1877 653 1913 waradiensi
681 1879 829 1914 Sclau&
859 1882 942 1914 ante
968 1892 998 1914 a.
1022 1881 1110 1914 1562
1137 1880 1368 1914 Vindobonae
1394 1881 1430 1914 in
1460 1880 1632 1921 „Domum
1658 1879 1902 1914 Probationis“
1933 1891 1986 1914 re—

222 1932 326 1975 cepto
354 1931 392 1975 (l.
419 1944 448 1965 0.
477 1932 499 1966 f.
531 1932 634 1976 177¹&
662 1933 806 1967 scribit:
848 1933 1040 1977 „Regimen
1067 1945 1135 1967 non
1163 1945 1287 1978 parum
1319 1933 1499 1967 infensum
1525 1933 1726 1967 habuimus.
1779 1933 1865 1967 Cum
1892 1933 1985 1967 enim

222 1983 265 2018 ob
291 1984 598 2030 importunitatem
618 1987 754 2031 patris-‘¹
782 1987 927 2032 Georgij
947 1987 1181 2022 Varadiensis
1200 1987 1334 2032 Nouitij
1354 1987 1467 2032 nostrj
1487 1987 1674 2021 mandaret
1691 1986 1732 2021 R.
1752 1987 1790 2021 P.
1803 1986 1985 2021 Victoriae

220 2040 261 2072 vt
296 2050 377 2072 eum
404 2039 446 2072 de
481 2041 663 2085 proposito
690 2040 967 2075 examinandum
1003 2041 1038 2075 111
1074 2041 1233 2084 regimen
1268 2041 1496 2081 adduceretb,
1535 2043 1597 2074 aut
1631 2040 1759 2075 saltem
1796 2040 1830 2074 in
1866 2040 1984 2074 aulam

219 2090 480 2137 Episcopalem,
506 2104 571 2127 nec
598 2093 632 2127 id
659 2093 880 2138 impetraret,
909 2094 1069 2138 grauiter
1095 2095 1189 2139 apud
1210 2094 1399 2128 Caesarem
1426 2096 1482 2128 est
1507 2097 1758 2138 conquestum:
1785 2105 1826 2127 ac
1853 2093 1985 2128 Caesar

218 2156 294 2178 rem
316 2145 471 2190 primum
497 2147 586 2180 satis
605 2147 813 2189 admiratus,
842 2147 1004 2192 placatus
1031 2150 1097 2189 est,
1124 2147 1298 2191 Regimen
1317 2159 1402 2181 vero
1428 2159 1500 2181 non
1525 2148 1630 2181 item:
1658 2158 1748 2190 quae
1774 2157 1832 2181 res
1857 2157 1984 2191 sparsa

218 2200 274 2232 est
299 2197 404 2242 longe
430 2198 520 2234 satis
546 2210 588 2233 ac
614 2200 704 2234 late*
739 2200 775 2244 (l.
804 2213 832 2235 c.
860 2202 883 2235 f.
914 2201 1017 2245 180³)
1035 2202 1055 2235 ¹.
1107 2200 1236 2236 Nescio
1263 2204 1401 2242 autem,
1437 2212 1523 2234 num
1549 2200 1614 2235 sub
1641 2200 1734 2234 idem
1759 2202 1902 2245 tempus
1927 2211 1983 2234 ac-

218 2251 363 2293 ciderit,
400 2252 493 2296 quod
530 2264 559 2286 a.
592 2254 680 2288 1562
708 2253 939 2288 Vindobonae
974 2255 1108 2289 factum
1146 2266 1225 2289 esse
1256 2255 1383 2288 Cas-im.
1411 2254 1582 2288 Krasz'cki
1616 2265 1661 2287 ex
1686 2252 1826 2287 Hoffaei
1851 2252 1983 2287 litteris

218 2305 430 2348 quibusdam
450 2318 481 2340 a.
504 2307 593 2340 1562
612 2307 656 2340 ad
674 2306 826 2342 Hosium
844 2307 938 2342 datis
957 2308 1113 2353 profert:
1133 2308 1300 2342 loannem
1319 2307 1501 2342 Konarski
1519 2306 1631 2341 inscio
1648 2306 1785 2340 Adamo
1803 2305 1983 2340 Konarski

218 2357 384 2403 episcopo
410 2360 658 2404 posnaniensi,
695 2362 822 2405 patruo
849 2363 885 2395 et
909 2364 1028 2395 tutore
1054 2372 1138 2402 suo,
1175 2361 1346 2395 Societati
1378 2371 1505 2394 nomen
1532 2360 1671 2394 dedisse
1700 2359 1768 2403 (De
1794 2359 1983 2394 Societatis

219 2410 299 2445 lesu
326 2412 361 2446 in
381 2412 529 2446 Polonia
555 2413 758 2458 primordiis
786 2413 957 2457 [Berolini
986 2414 1090 2458 1860]
1118 2426 1150 2459 p.
1173 2414 1269 2456 130).
1309 2414 1363 2448 Ex
1390 2413 1530 2448 Hoffaei
1556 2416 1652 2447 certe
1677 2412 1851 2447 relatione
1877 2412 1982 2457 paulo

217 2466 301 2498 ante
326 2467 523 2499 memorata
559 2469 594 2500 et
621 2478 665 2500 ex
692 2478 751 2508 e0,
788 2468 880 2511 quod
909 2469 1064 2501 Pisanus
1094 2467 1194 2512 leges
1220 2466 1390 2501 Societati
1417 2467 1535 2511 potius
1561 2466 1731 2500 molestas
1756 2477 1862 2509 quam
1890 2476 1981 2499 com-

217 2518 341 2552 modas
367 2529 407 2552 eo
433 2520 593 2563 tempore
619 2531 640 2553 a
666 2520 839 2563 regimine
866 2520 959 2555 latas
987 2532 1066 2555 esse
1091 2520 1126 2554 in
1153 2520 1301 2561 litteris,
1328 2531 1418 2564 quas
1444 2531 1553 2564 supra
1579 2519 1672 2560 dixi,
1699 2518 1856 2553 affirmat
1883 2518 1981 2562 (vide

215 2570 329 2611 infra,
364 2582 519 2605 monum.
546 2572 652 2616 383),
688 2573 794 2607 facile
820 2576 876 2607 est
902 2574 1082 2615 conicere,
1119 2585 1140 2607 a
1166 2573 1338 2617 regimine
1365 2573 1601 2607 constitutum
1628 2584 1726 2613 esse,
1762 2574 1819 2613 ut,
1857 2571 1918 2615 qui
1944 2571 1979 2605 in

216 2623 380 2658 tirocinio
418 2627 539 2659 essent
578 2625 634 2659 vel
672 2625 707 2659 id
745 2626 885 2669 ingredi
925 2626 1080 2667 vellent,
1120 2630 1223 2660 extra
1261 2625 1452 2669 collegium
1491 2637 1512 2660 a
1548 2626 1637 2659 viris
1676 2625 1719 2659 ad
1756 2624 1792 2659 id
1831 2624 1980 2659 delectis

220 2677 566 2719 „examinarenturffl
599 2681 719 2713 utrum
745 2685 872 2724 sponte
899 2691 944 2713 an
971 2679 1152 2714 Sociorum
1180 2679 1363 2714 blanditiis
1389 2679 1543 2713 minisve
1568 2679 1723 2720 inducti,
1758 2679 1877 2712 utrum
1902 2689 1979 2722 pro-

215 2731 383 2765 bantibus
409 2731 618 2776 parentibus
643 2743 689 2766 an
714 2731 840 2767 iisdem
867 2732 990 2767 insciis
1016 2733 1075 2767 vel
1100 2732 1226 2767 invitis
1252 2732 1423 2767 Societati
1449 2744 1487 2766 se
1514 2732 1704 2776 iungerent
1730 2733 1796 2766 etc.

335 2842 349 2857 '⁶²
373 2836 494 2871 Patris
520 2839 567 2872 H.
665 2838 680 2858 b
708 2839 878 2882 Sequitur
902 2849 980 2882 nec,
1008 2839 1051 2871 ab
1078 2839 1125 2873 H.
1155 2840 1228 2881 ipso
1255 2839 1504 2872 oblitteratum.

337 2949 347 2967 ¹
374 2949 549 2991 Hoffaens
573 2949 609 2982 in
636 2949 760 2983 eadem
785 2947 1001 2982 *Relatione
1030 2947 1067 2991 (l.
1096 2959 1125 2982 0.
1153 2948 1176 2982 f.
1206 2947 1332 2991 178b):
1364 2947 1601 2992 „Leopoldum
1626 2946 1887 2981 Viennensem·⁴
1917 2956 1976 2979 no-

216 2999 350 3034 vicium
376 3013 407 3035 a.
437 3002 526 3036 1562
557 3002 733 3047 „abripuit
759 3001 930 3036 Senatus“
960 3000 1060 3035 urbis
1088 3028 1095 3035 .
1123 3029 1129 3035 .
1159 3028 1165 3035 .
1197 3000 1406 3042 „Ladislaus
1433 2999 1584 3035 Sela-uus
1610 2999 1736 3034 fraude
1770 3010 1809 3033 se
1846 2998 1882 3032 in
1907 2997 1975 3031 No-

216 3053 384 3088 uitiatum
410 3054 564 3098 ingessit
589 3055 786 3089 conductus
811 3066 875 3099 spe
900 3054 1050 3099 praemij
1077 3065 1097 3088 a
1124 3054 1233 3088 Patre
1260 3053 1405 3099 Georgij
1433 3052 1666 3088 Varadiensis
1692 3054 1734 3086 vt
1757 3051 1870 3085 filium
1896 3050 1976 3084 dolo

217 3108 254 3139 et
278 3107 510 3150 persuasione
537 3119 558 3142 a
584 3108 764 3153 proposito
791 3107 983 3142 alienaret:
1016 3118 1087 3151 qua
1112 3118 1151 3141 re
1177 3109 1368 3152 comperta,
1395 3118 1475 3140 cum
1502 3105 1609 3140 etiam
1635 3105 1712 3150 ipse
1736 3103 1832 3138 mala
1856 3104 1973 3138 incon-

219 3159 374 3194 stantiae
400 3160 504 3204 signa
529 3161 696 3205 proderet
720 3164 973 3206 praeterquam
999 3160 1093 3205 quod
1118 3160 1270 3204 insignis
1294 3171 1365 3194 non
1391 3161 1497 3201 esset,
1523 3161 1693 3193 extrusus
1719 3157 1808 3192 est“.
