2093 3444
211 221 294 262 580
413 219 491 252 744.
528 217 770 262 Hieronymus
795 217 937 252 Natalis
964 216 1116 252 Canisio.
1155 217 1325 251 Tridento
1353 216 1408 251 29.
1434 216 1644 252 Decembris
1672 217 1772 252 1562.

209 337 340 378 chora
373 335 640 389 designando
683 349 761 377 con
795 349 873 377 sua
905 334 1133 377 Paternita
1171 334 1456 388 sepotessimo
1488 337 1641 376 trouar
1673 335 1828 377 alcuno
1861 335 1975 378 altro

208 401 250 443 in
284 401 423 443 Roma
456 401 534 443 che
566 399 990 454 speriinentassimo‚
1023 400 1060 442 si
1091 400 1356 442 riuseirebbe
1388 413 1466 453 per
1497 399 1700 442 scriuere.
1765 399 1974 443 Contutto

208 469 361 520 questo
403 466 442 508 io
476 466 530 508 ho
564 479 775 520 speranza
817 465 912 507 chel
944 465 1078 519 padre
1120 468 1310 508 maestro
1344 464 1514 507 Canisio
1546 467 1674 519 potra
1707 464 1876 508 aiutare
1908 464 1974 506 in-

152 566 155 570 .
206 531 394 574 scriuere
427 534 578 574 tantoa
608 531 728 572 forsa
761 544 882 572 come
915 530 1215 584 qualsiuoglia.

324 597 445 639 Hase
478 597 668 638 anchora
701 596 854 638 scritto
888 597 913 637 a
936 595 1074 637 Roma
1108 594 1435 647 condiligencia‚
1470 595 1547 637 che
1579 597 1770 636 maestro
1793 594 1974 636 Fuluio1

205 664 250 704 01
291 665 482 704 1110051ιό
525 661 799 716 Perpignano
845 661 922 702 che
968 662 990 703 0
1033 660 1062 702 11
1104 660 1367 718 Rhetorico2
1412 663 1456 702 et
1499 660 1529 701 11
1573 659 1786 714 migliorib
1832 660 1875 701 la
1920 660 1973 702 de

204 728 262 781 gl’
288 727 410 777 altri,
455 727 531 769 che
574 727 716 768 hanno
759 727 867 769 letto
899 726 1134 769 Rhetorica
1175 726 1308 768 molto
1341 728 1487 780 tempo
1529 725 1696 767 saccino
1738 725 1873 768 latine
1910 725 1972 767 le-

204 794 362 835 lettere
395 793 493 834 dell'
518 792 671 841 Jndia,
716 795 759 834 et
800 792 841 834 io
884 791 1155 845 conlagratia
1199 791 1266 833 del
1300 790 1457 844 Signor
1497 804 1595 833 saro
1638 790 1898 833 sollicitator
1930 790 1970 832 di

204 860 319 900 tutte
353 860 506 911 queste
539 859 680 900 00503.

324 923 515 965 (10110001
558 923 759 977 maggior
802 922 965 965 facolta
1009 922 1052 964 in
1093 922 1187 964 foro
1233 921 1428 964 interiori
1470 935 1547 976 per
1588 920 1813 974 germania
1854 921 1971 964 ultra

204 989 315 1031 delle
358 989 440 1031 due
474 989 615 1038 detto,
660 988 693 1029 si
727 1002 965 1043 procurara
1006 987 1315 1042 specialmente
1348 986 1457 1041 perli
1495 986 1614 1037 libri,
1658 986 1785 1040 dopoi
1826 986 1972 1028 chesia

204 1068 322 1096 meso
355 1053 468 1096 fuori
501 1054 529 1095 il
564 1054 787 1107 catalogo,
831 1053 1030 1106 delquale
1067 1053 1103 1094 si
1135 1055 1275 1095 tratta
1314 1052 1468 1094 adesso
1504 1087 1512 1094 .
1547 1052 1628 1094 Del
1670 1054 1787 1094 resto
1830 1051 1971 1094 scriue

201 1119 230 1161 il
272 1119 407 1174 padre
448 1122 640 1161 maestro
674 1119 863 1161 Polanco
898 1154 906 1161 .
941 1118 1058 1160 Nelli
1101 1117 1299 1171 sacrificij
1343 1117 1456 1159 della
1494 1117 1586 1160 RV.
1621 1119 1665 1159 et
1706 1116 1806 1158 delli
1837 1116 1969 1159 Padri

201 1187 245 1227 et
286 1185 472 1227 orationi
507 1184 724 1226 defratelli
765 1184 820 1225 mi
864 1183 1152 1226 raccomando
1195 1184 1263 1225 nel
1299 1183 1491 1236 Siguore.
1556 1182 1609 1223 Di
1643 1183 1804 1224 Trento
1839 1184 1891 1224 29
1927 1181 1968 1223 di

201 1251 427 1292 decembre
464 1252 589 1292 1562.

198 1418 314 1452 adhuc
350 1418 385 1452 in
421 1430 460 1452 eo
497 1419 570 1457 051,
608 1419 649 1450 01
684 1428 763 1450 00111
800 1416 1017 1461 paternitate
1044 1428 1107 1450 sua
1136 1415 1347 1457 deliberem,
1386 1428 1470 1449 num
1506 1416 1614 1450 alium
1650 1415 1805 1460 aliquem
1833 1415 1968 1450 Romae

198 1473 437 1516 reperiamus,
475 1471 534 1515 qui
563 1470 722 1515 possitne
748 1469 791 1504 ad
819 1470 1044 1503 scribendum
1073 1469 1252 1510 adhiberi,
1287 1469 1524 1514 experiamur.
1577 1469 1674 1511 Quae
1701 1481 1780 1503 cum
1807 1469 1857 1503 ita
1883 1470 1967 1512 sint,

197 1525 285 1559 mihi
312 1528 432 1559 tamen
459 1536 542 1569 spes
568 1526 640 1565 est,
677 1525 815 1568 patrem
843 1524 1057 1566 magistrum
1086 1523 1267 1557 Canisium
1295 1523 1482 1557 scribendo
1509 1524 1648 1556 tantum
1675 1523 1830 1557 fortasse
1857 1534 1965 1567 quan-

196 1581 273 1613 tum
300 1579 464 1623 quemvis
491 1578 600 1612 alium
627 1589 691 1612 nos
718 1577 889 1611 adiuvare
915 1588 1032 1622 posse.

315 1632 516 1676 Diligenter
554 1631 660 1665 etiam
700 1630 873 1676 seriptum
913 1633 967 1664 est
1007 1630 1174 1672 Romam,
1214 1632 1253 1664 ut
1292 1631 1464 1674 magister
1502 1630 1676 1664 Fulvius¹
1717 1632 1753 1664 et
1790 1630 1966 1674 magister

197 1686 453 1731 Perpinianus,
492 1685 551 1729 qui
587 1684 784 1719 rhetorices
810 1684 984 1727 magister
1020 1684 1118 1725 est‘2‚
1156 1686 1191 1718 et
1217 1684 1339 1729 optimi
1377 1696 1422 1718 ex
1455 1683 1604 1728 reliquis
1639 1683 1713 1718 illic
1739 1683 1964 1727 degentibus,

197 1740 257 1784 qui
291 1752 355 1785 per
386 1739 539 1773 multum
575 1741 717 1783 tempus
752 1737 953 1772 rhetoricen
990 1737 1233 1779 tradiderunt,
1269 1737 1411 1772 litteras
1446 1737 1583 1772 indicas
1609 1737 1720 1771 latine
1754 1737 1965 1778 redderent;

198 1805 289 1838 quae
316 1794 433 1827 omnia
461 1804 526 1836 ego
554 1792 694 1826 domino
722 1791 869 1825 iuvante
896 1802 1024 1834 urgere
1052 1803 1119 1825 non
1147 1791 1307 1825 desinam
1321 1791 1344 1825 ³.

315 1845 415 1887 Quod
451 1845 493 1880 ad
530 1845 722 1890 ampliores
749 1844 944 1878 facultates
980 1844 1013 1878 in
1041 1844 1136 1881 foro.
1174 1843 1267 1887 quod
1295 1843 1463 1884 dicimus,
1501 1843 1668 1878 interiore
1695 1844 1838 1888 praeter
1873 1843 1964 1878 duas

194 1899 295 1937 illas,
331 1911 422 1943 quas
458 1899 551 1934 dixi.
588 1910 650 1943 pro
679 1897 871 1932 Germania
908 1898 1151 1942 impetrandas
1187 1897 1336 1938 attinet,
1371 1897 1421 1931 rei
1458 1909 1600 1942 operam
1637 1897 1819 1937 dabimus,
1854 1897 1963 1940 idque

194 1954 350 1987 maxime
378 1953 419 1987 de
447 1952 559 1993 libris,
588 1963 665 1985 cum
694 1951 891 1995 catalogus,
919 1951 961 1985 de
989 1963 1057 1995 quo
1084 1963 1176 1984 nunc
1205 1951 1335 1994 agitur,
1363 1950 1556 1993 evulgatus
1583 1951 1660 1991 erit,
1688 1951 1873 1984 faciemus.
1909 1950 1963 1984 De

194 2007 342 2051 reliquis
379 2008 498 2040 autem
535 2005 641 2039 rebus
668 2007 770 2050 pater
796 2005 970 2048 magister
996 2004 1174 2038 Polancus
1205 2004 1340 2038 scribit.
1392 2004 1432 2037 R.
1452 2004 1495 2038 V.
1523 2006 1793 2048 ceterorumque
1819 2006 1960 2048 patrum

192 2060 380 2095 sacrificiis
416 2061 451 2093 et
476 2059 629 2093 fratrum
664 2059 777 2092 sacris
813 2058 978 2103 precibus
1013 2069 1069 2092 me
1106 2058 1140 2091 iu
1168 2057 1308 2091 domino
1341 2057 1558 2092 commendo.
1609 2057 1778 2091 Tridento
1811 2057 1866 2091 29.
1894 2057 1961 2091 De-

194 2114 346 2148 cembris
376 2113 476 2147 1562.

311 2267 324 2281 ³
351 2261 473 2303 Supra
502 2270 635 2292 ret-sum
662 2260 844 2301 scriplum.
943 2257 958 2276 ¹¹
985 2260 1017 2291 A
1044 2258 1125 2291 libr.
1152 2261 1345 2291 correctum
1373 2268 1416 2290 ex
1441 2255 1603 2299 miglioli.

313 2407 322 2426 ¹
348 2405 498 2439 Fulvius
526 2404 701 2439 Oai-dulus
727 2403 761 2438 S.
789 2404 820 2438 J.
851 2404 886 2444 ('†
917 2403 1043 2446 1591),
1083 2402 1303 2443 narniensis,
1331 2402 1389 2435 diu
1418 2401 1551 2436 Romae
1578 2401 1708 2435 artium
1734 2401 1896 2446 poeticae
1923 2403 1960 2435 et

190 2459 366 2492 oratoriae
393 2459 584 2502 praecept-a
610 2457 777 2498 tradidit3
806 2456 907 2490 cuius
933 2455 1044 2490 libros
1070 2458 1233 2489 recenset
1261 2456 1514 2498 Sommervoyez
1538 2454 1561 2488 1.
1589 2466 1618 2488 0.
1646 2454 1688 2496 ΙΙ,
1717 2454 1914 2488 744-745.

310 2512 323 2531 ‘-’
348 2511 479 2545 Petrus
505 2511 656 2545 Ioannes
684 2510 863 2555 Perpifian
890 2509 924 2543 S.
951 2509 983 2543 J.
1015 2508 1304 2551 (15:30—1566),
1340 2508 1499 2542 ilicensis
1527 2507 1664 2551 (Elehe,
1691 2507 1726 2540 in
1754 2506 1957 2551 Hispania),

189 2564 278 2599 artis
304 2564 480 2598 oratoriae
505 2564 541 2597 in
568 2563 720 2606 collegio
746 2574 891 2597 romano
918 2562 1093 2605 magister
1122 2560 1403 2605 (1561—1565),
1435 2572 1559 2595 sacrae
1586 2559 1792 2604 Scripturae
1818 2560 1853 2593 in
1880 2559 1957 2604 lug-

189 2617 339 2652 dunensi
379 2617 548 2660 „collegio
583 2615 789 2650 Trinitatis“
828 2615 1006 2660 interpres
1043 2615 1332 2659 (1565-1566),
1377 2613 1578 2648 orationum
1615 2613 1721 2657 (quae
1756 2613 1792 2646 in
1827 2612 1957 2655 Gallia,

188 2671 312 2712 Italia,
348 2670 541 2705 Germania
567 2672 635 2704 etc.
661 2681 769 2714 saepe
795 2669 894 2714 typis
921 2668 1124 2713 exscriptae
1150 2667 1250 2710 sunt)
1284 2667 1505 2712 praestantia
1540 2666 1628 2712 ipsis
1654 2667 1775 2700 Marco
1801 2667 1957 2701 Antonio

187 2725 328 2759 Mureto
363 2726 400 2758 et
424 2723 537 2758 Paulo
563 2723 723 2757 Manutio
759 2721 983 2756 admirationi
1019 2723 1096 2755 erat
1131 2723 1167 2754 et
1197 2720 1254 2754 vel
1281 2731 1301 2753 a
1327 2719 1475 2754 Thuano
1510 2719 1572 2753 illo
1599 2719 1778 2764 copiosam
1814 2719 1955 2754 laudem

187 2778 318 2812 meruit
346 2777 616 2821 (Sommervoyel
642 2775 664 2810 1.
692 2787 721 2810 0.
748 2775 817 2816 VI,
853 2775 1052 2809 547—554.
1095 2775 1203 2808 Bet-n..
1235 2774 1408 2807 Gandeau
1442 2772 1476 2808 S.
1504 2773 1556 2815 J.‚
1592 2772 1644 2806 De
1679 2772 1779 2807 Petri
1813 2772 1956 2808 Ioannis

187 2831 393 2876 Perpiniani
419 2830 496 2864 vita
522 2832 565 2864 et.
584 2829 751 2874 operibus
777 2828 941 2872 [Parisiis
970 2826 1134 2872 1891]-p.
1163 2826 1330 2869 25—58).

307 2885 320 2905 ³
344 2885 522 2918 Polam-ns
555 2882 704 2917 *Natali
739 2881 910 2915 Tridento
948 2882 999 2914 14.
1037 2879 1246 2914 Decembris
1293 2880 1401 2914 1562:
1455 2879 1525 2921 „La
1569 2879 1757 2922 diligentia
1803 2878 1956 2913 dehazer

185 2937 366 2972 trasladar
392 2949 435 2972 en
461 2937 554 2971 buen
579 2935 669 2970 latin
695 2935 750 2969 las
783 2934 894 2968 letras
929 2934 1009 2968 dela
1037 2933 1145 2968 Jndia
1178 2944 1217 2967 se
1254 2933 1512 2967 encomendara
1547 2933 1695 2978 departe
1730 2932 1773 2966 de
1807 2934 1955 2966 nuestro

185 2991 296 3036 padre
323 2990 398 3025 alos
423 2991 590 3024 nuestros
625 2989 667 3022 de
693 2988 807 3022 Roma
841 2998 1002 3032 paraque
1035 2998 1074 3020 se
1110 2986 1250 3031 puedan
1286 2988 1468 3031 estampar
1503 2998 1546 3020 en
1571 2986 1803 3028 Alemagna.“
1857 2986 1955 3019 Idem

185 3043 356 3078 Tridento
385 3044 439 3078 17.
465 3042 674 3077 Decembris
703 3041 792 3076 1562
829 3041 874 3075 ad
900 3041 939 3075 P.
967 3039 1218 3074 Sebastianum
1254 3038 1449 3073 Romaeum
1486 3038 1520 3073 S.
1548 3039 1601 3081 J.,
1640 3038 1780 3082 collegii
1816 3037 1953 3072 romani

185 3100 379 3138 rectorem,
416 3097 459 3130 de
485 3095 614 3130 Natale
640 3093 834 3139 *scripsitt
875 3094 949 3136 „Ha
976 3093 1110 3137 grande
1137 3092 1312 3126 desiderio
1339 3092 1403 3127 che
1429 3092 1530 3127 siano
1560 3091 1697 3126 uoltate
1722 3091 1759 3125 in
1784 3091 1894 3124 latino
1920 3090 1956 3124 10

183 3149 311 3184 1011010
338 3149 418 3184 dell’
438 3149 540 3183 India
565 3160 628 3194 per
653 3147 825 3183 beneficio
851 3146 947 3181 della
973 3145 1184 3180 Ge1·1nania“
1226 3145 1287 3190 (ex
1323 3145 1542 3191 apographis
1576 3145 1737 3180 eiusdem
1770 3143 1951 3188 temporis.

185 3203 268 3238 cod,
301 3202 364 3246 „V.
390 3202 430 3237 P.
458 3203 522 3236 62²
552 3202 576 3236 f.
606 3201 705 3236 100³.
736 3200 853 3244 1072).
