2093 3444
232 165 316 205 358
376 163 454 196 659.
488 162 612 196 Franc.
640 162 838 197 Petrarcha
864 163 1006 198 03111510
1033 167 1095 199 aut
1120 164 1268 199 Nicolao
1293 165 1437 199 Lanoio.
1475 165 1588 200 Roma
1615 166 1670 200 22.
1697 166 1771 201 Ian.
1797 167 1899 202 1562.

230 280 286 333 gl'
312 278 412 322 altri
446 278 568 329 duoi,
612 282 655 322 et
687 281 872 322 secondo
905 281 1049 333 quella
1090 284 1303 335 potranno
1347 282 1579 325 destinarsi
1615 283 1657 324 in
1689 290 1801 326 una²
1835 299 1937 327 cura
1969 289 1993 328 0

230 344 343 386 altra
377 344 561 386 secondo
595 344 672 386 che
705 347 730 387 a
762 345 814 387 V.
849 345 1112 388 Reuerentia
1151 360 1307 400 parera
1338 347 1411 401 piu
1449 348 1671 402 spediente
1705 383 1713 391 .
1747 349 1805 391 Et
1837 351 1994 403 perche
2056 389 2060 405 .›

230 408 315 450 essi
347 423 425 450 son
465 409 622 451 lettere
654 410 782 452 uiue1
825 424 911 451 non
944 410 999 452 mi
1032 411 1185 453 stendo
1226 412 1269 453 in
1311 412 1377 453 dir
1418 412 1529 454 altro
1571 427 1617 454 se
1658 427 1741 455 non
1780 415 1858 456 che
1889 415 1994 458 tutti
2057 461 2059 470 γ

230 473 269 516 01
300 474 676 516 raccomandiamo
700 475 833 517 molto
866 476 979 517 nelle
1012 475 1197 518 orationi
1230 476 1271 518 di
1294 477 1345 520 V.
1369 477 1632 520 Reuerentia
1655 481 1736 521 etc.
1779 479 1835 521 Di
1856 480 1994 522 Roma
2042 483 2061 536 ‚3

228 538 258 580 11
293 540 375 582 .22.
411 539 452 581 di
486 539 678 582 Gennaio
716 542 857 583 .1562.

229 683 466 725 cognoscetis.
517 682 586 716 Pro
614 695 682 727 qua
709 683 910 728 aptitudine
946 687 1008 718 aut
1033 685 1116 719 huic
1151 687 1212 719 aut
1248 685 1351 719 alteri
1386 687 1524 720 muneri
1550 687 1667 721 addici
1692 690 1878 732 poterunt,
1913 690 1995 723 utut

228 736 454 770 reverentiae
481 738 625 770 vestrae
660 737 777 780 inagis
804 737 920 771 visum
950 738 1017 772 erit
1052 739 1231 783 expedire.
1283 739 1328 773 Et
1354 740 1437 784 quia
1471 740 1539 785 ipsi
1566 740 1708 775 litterae
1743 743 1828 776 sunt
1852 741 1959 776 vivae
1974 743 1993 783 ¹,
2056 750 2062 763 ⁴

229 788 325 822 aliud
352 801 422 823 non
448 788 546 830 dico,
583 789 652 824 nisi
678 801 743 824 nos
769 801 892 824 omnes
918 802 1135 836 magnopere
1161 803 1226 826 nos
1253 794 1500 827 commendare
1527 794 1746 829 orationibus
1771 794 1995 829 reverentiae

232 844 377 876 vestrae
405 843 471 876 etc.
524 842 636 877 Roma
664 843 718 877 22.
746 843 903 877 Ianuarii
932 844 1033 878 1562.

348 921 460 958 Nota:
495 923 548 958 De
574 925 613 958 P.
646 925 856 966 „Valentino
883 926 1073 968 Bohemo⁴⁴‚
1109 927 1168 971 qui
1203 927 1269 961 has
1298 927 1438 961 litteras
1464 927 1577 962 Roma
1603 928 1838 974 Oenipontem
1874 941 1992 964 secum

229 976 362 1018 attulit,
388 976 425 1010 in
451 976 468 994 *
483 978 651 1021 Catulogso
674 978 827 1022 quodam
846 979 979 1013 Romae
997 980 1063 1013 sub
1085 980 1114 1014 1.
1133 980 1340 1015 Decembris
1362 981 1450 1015 1557
1471 982 1672 1026 conscripto
1691 984 1728 1016 et
1745 994 1765 1016 a
1785 983 1822 1016 P.
1842 984 1994 1017 I’olanco

228 1030 413 1073 recognito
452 1030 600 1065 dicitur:
644 1031 878 1073 „Valentinus
910 1033 1077 1067 uilaticus
1111 1033 1306 1077 Pragensis
1341 1046 1452 1068 301105
1487 1037 1594 1069 natus
1629 1035 1685 1069 21.
1717 1035 1906 1079 Ingressus
1940 1039 1992 1070 est

230 1082 439 1117 societatem
468 1084 558 1118 1555
571 1084 594 1118 2.
622 1085 760 1119 studuit
786 1085 1055 1120 humanioribus
1090 1086 1224 1121 literis“
1258 1086 1357 1130 (Cod.
1389 1087 1451 1130 „st
1480 1087 1517 1122 0.
1545 1088 1609 1122 67“
1648 1100 1681 1133 p.
1709 1088 1808 1133 386).
1859 1089 1925 1131 Qui
1960 1089 1993 1123 in

230 1135 373 1180 collegii
400 1137 535 1171 romani
557 1137 730 1182 Catalogo
757 1138 822 1173 sub
849 1139 956 1173 finem
984 1151 1029 1174 m.
1049 1140 1135 1174 Maii
1161 1151 1192 1174 a.
1214 1141 1299 1175 1561
1331 1141 1526 1186 composito
1552 1141 1645 1176 inter
1675 1141 1871 1187 „Physicos
1896 1142 1993 1187 tertij

230 1190 332 1230 311111,
369 1190 428 1234 qui
455 1190 564 1224 etiam
590 1191 739 1225 audiunt
765 1192 1070 1237 Metapliysican1“
1102 1197 1283 1238 comparet
1313 1193 1602 1239 (Sommerrossel,
1638 1195 1706 1229 Les
1733 1195 1892 1230 Jesuites
1927 1200 1994 1230 etc.

230 1242 254 1277 f.
282 1243 394 1286 133³).
433 1243 649 1279 Valentinus
674 1245 771 1290 Voyt
796 1265 841 1269 -—
867 1245 933 1280 hoc
960 1246 1183 1290 gentilicium
1210 1247 1241 1281 ei
1267 1259 1394 1282 nomen
1423 1250 1499 1282 erat
1524 1267 1570 1271 —
1596 1251 1720 1293 postea
1747 1248 1886 1292 Pragae
1913 1261 1991 1283 con-

228 1296 384 1330 tubernii
410 1296 582 1331 nobilium
610 1298 881 1333 adulescentum
913 1301 1079 1343 „regens‘
1111 1300 1344 1338 constitutus.
1384 1301 1435 1335 12.
1463 1302 1616 1336 Ianuarii
1644 1302 1735 1336 1564
1760 1302 1892 1336 ibidem
1918 1303 1994 1337 vita

230 1350 340 1383 cessit
361 1350 536 1393 (Schmun
561 1351 584 1385 l.
604 1363 631 1385 c.
652 1351 678 1393 I,
699 1352 915 1396 185—186).
934 1372 978 1376 —
1002 1353 1152 1395 „Petrus
1179 1354 1403 1388 Leodiensis“
1435 1356 1555 1388 autem
1582 1354 1617 1388 in
1642 1354 1813 1399 Catalogo
1840 1355 1990 1399 quodam

231 1403 373 1447 collegii
409 1403 620 1439 coloniensis
655 1416 685 1438 a.
715 1407 802 1440 1561
841 1406 974 1451 scripto
1011 1407 1104 1441 inter
1133 1407 1396 1448 „coadiutores“
1428 1407 1719 1453 [„temporales“]
1753 1409 1831 1443 sive
1862 1409 1993 1443 fratres

230 1455 343 1491 laicos
377 1460 560 1502 comparet
588 1458 750 1502 (Han-sen
786 1459 808 1493 l.
836 1471 865 1493 0.
892 1471 925 1504 p.
954 1460 1050 1501 778).
1101 1460 1154 1494 De
1189 1472 1258 1504 quo
1291 1461 1554 1503 „adolescente“
1595 1462 1629 1495 in
1657 1462 1816 1496 eiusdem
1852 1462 1992 1506 collegii

230 1509 362 1544 litteris
389 1511 731 1554 quadrimestribus,
759 1512 904 1547 Colonia
931 1513 986 1548 28.
1015 1513 1100 1547 Maii
1131 1515 1217 1548 1561
1246 1514 1360 1556 datis,
1394 1515 1542 1549 dicitur:
1580 1515 1718 1557 „Verno
1743 1518 1903 1560 tempore

230 1566 305 1598 tres
331 1564 366 1597 in
395 1563 526 1598 Urbem
553 1565 704 1610 profecti
731 1568 826 1608 sunt,
853 1578 945 1601 unus
972 1578 1016 1601 m.
1037 1567 1167 1602 Petrus
1188 1567 1419 1609 Coloniensis,
1446 1569 1624 1603 secundus
1650 1569 1790 1613 Anglus
1816 1569 1992 1610 sacerdos,

231 1618 361 1651 tertius
388 1617 615 1660 adolescens,
643 1619 703 1662 qui
730 1620 883 1664 primum
910 1620 1024 1663 logice
1051 1621 1208 1661 studuit,
1242 1621 1367 1655 deinde
1394 1622 1511 1655 factus
1538 1624 1593 1656 est
1619 1622 1735 1656 culine
1761 1622 1989 1657 adininister“

234 1670 394 1713 (Hansen
425 1670 445 1704 1.
474 1682 502 1705 c.
530 1683 564 1716 p.
589 1672 686 1716 394).
738 1673 777 1706 In
805 1673 1003 1717 *Cataloyo
1029 1676 1148 1708 autem
1176 1674 1316 1718 collegii
1342 1674 1634 1718 ingolstadiensis
1661 1677 1814 1710 exeunte
1841 1687 1871 1710 a.
1894 1676 1993 1717 1566,

215 1735 301 1768 -quo
333 1726 496 1769 tempore
521 1724 652 1759 Petrus
678 1725 725 1759 ibi
753 1729 848 1769 erat,
885 1727 1019 1772 scripto
1045 1727 1176 1762 dicitur
1206 1728 1265 1770 „R
1293 1728 1441 1762 Petrum
1467 1727 1701 1763 Bracherium
1728 1729 1994 1770 Leodiensem“,

233 1776 401 1811 Coloniae
437 1789 467 1811 a.
499 1778 588 1812 1560
615 1778 831 1813 Societatem
867 1780 1089 1824 ingressum,
1124 1780 1258 1815 Romae
1288 1781 1340 1816 10.
1368 1782 1524 1825 Augusti
1552 1782 1638 1816 1561
1678 1781 1754 1816 eius
1788 1785 1874 1817 vota
1908 1794 1993 1817 nun-

232 1841 404 1875 cupasse,
432 1830 632 1876 Oeniponte
659 1844 722 1877 per
748 1833 816 1876 2¹54
844 1844 955 1868 annos
981 1845 1110 1878 pueros
1137 1833 1320 1874 docuisse,
1348 1834 1558 1878 ingolstadii
1586 1834 1606 1868 2
1632 1836 1707 1869 fere
1734 1847 1845 1870 annos
1876 1847 1994 1881 „prae—

232 1883 368 1918 fectum
395 1884 661 1919 convictorum“
691 1886 803 1920 fuisse
829 1887 1009 1931 simulque
1041 1889 1076 1921 et
1102 1887 1349 1932 philosophiae
1385 1891 1421 1922 et
1446 1887 1649 1932 theologiae
1683 1889 1865 1924 studuisse
1893 1889 1994 1933 (Cod.

236 1937 375 1979 „Germ
404 1937 486 1982 Sup.
512 1937 590 1972 Cat.
619 1939 721 1973 1566.
750 1940 858 1974 1599“
890 1952 923 1985 p.
948 1940 1047 1983 407).
1075 1960 1120 1964 —
1150 1940 1337 1983 „Nicolaus
1365 1940 1583 1976 Germanus“
1615 1942 1767 1986 denique
1792 1943 1827 1976 in
1854 1943 1994 1987 collegii

232 1991 369 2024 romani
405 1990 577 2035 Catalogo
612 1992 678 2026 sub
714 1992 819 2027 finem
854 1993 988 2028 mensis
1022 1993 1108 2028 Maii
1144 2005 1174 2028 a.
1205 1995 1291 2028 1561
1333 1995 1530 2040 composito
1565 1996 1657 2029 inter
1694 1995 1925 2037 „Rhetoricos
1960 1998 1994 2031 et

234 2043 409 2078 Graeco&
441 2044 492 2079 sic
517 2045 739 2080 nominatur:
770 2045 960 2088 „Nicolaus
986 2058 1030 2081 ex
1058 2046 1205 2081 Liuouia
1231 2048 1450 2082 0101013005ι
1480 2048 1748 2092 (δοηιφηεννοῃθῖ
1772 2049 1795 2084 1.
1814 2061 1843 2084 0.
1870 2050 1894 2084 f.
1915 2049 1993 2094 Cb).

232 2098 286 2131 Ac
321 2097 364 2131 de
399 2098 522 2132 eodem
556 2098 592 2132 in
618 2098 778 2134 *litteris
805 2099 844 2134 P.
871 2101 1086 2134 Patr-archae
1112 2100 1225 2134 Roma
1259 2101 1316 2135 die
1342 2101 1398 2135 24.
1427 2101 1582 2136 Ianuarii
1611 2102 1700 2136 1562
1736 2103 1781 2136 3(1
1813 2102 1994 2138 0301511110

234 2150 328 2185 datis
354 2150 503 2186 dicitur:
544 2151 709 2193 „Nicolao
736 2164 906 2197 germano
934 2181 968 2188 ..
996 2155 1099 2188 staua
1136 2154 1192 2187 nel
1219 2154 1381 2198 coleggio
1408 2154 1637 2198 germanicho
1672 2158 1709 2190 et
1734 2155 1824 2201 dopo
1851 2156 1995 2191 deesere

234 2206 391 2238 entratto
418 2204 513 2238 nella
540 2204 761 2250 Compagnia
786 2207 816 2240 si
843 2206 936 2241 daua
961 2209 1088 2252 troppo
1115 2207 1184 2241 alle
1211 2207 1432 2242 meditationi
1460 2210 1496 2242 et
1522 2220 1601 2243 cose
1627 2208 1794 2243 mentali“
1827 2209 1888 2254 (ex
1915 2221 1995 2255 apo-

234 2256 390 2302 grapho,
427 2258 470 2292 (le
496 2269 565 2302 quo
600 2259 694 2293 infra
728 2271 761 2304 p.
790 2259 887 2301 359).
939 2259 1056 2302 Quare
1083 2260 1237 2294 dubitari
1269 2273 1338 2295 non
1369 2263 1507 2306 potest,
1543 2262 1627 2306 quin
1653 2262 1711 2296 hic
1744 2262 1792 2296 sit
1825 2263 1918 2297 idem
1953 2274 1995 2297 30

238 2310 427 2352 „Nicolaus
446 2309 682 2346 Schrickerus
700 2312 958 2355 Liuoniensis“,
985 2313 1028 2347 de
1046 2325 1116 2357 quo
1142 2313 1177 2347 in
1203 2313 1453 2358 antiquissimo
1480 2314 1621 2359 collegii
1647 2315 1841 2359 germanici
1860 2315 1877 2334 *
1893 2317 1995 2351 Cata—

234 2363 310 2407 loyo
341 2365 505 2398 notatum
540 2367 614 2406 est,
650 2377 730 2399 eum
756 2366 789 2400 4.
817 2366 984 2401 Octobris
1012 2367 1103 2401 1560
1137 2367 1173 2400 in
1205 2367 1397 2410 collegium
1432 2368 1695 2412 germanicum,
1730 2369 1762 2404 8.
1789 2369 1996 2404 Decembris

235 2416 327 2451 1560
352 2416 389 2450 in
416 2416 628 2452 Societatem
656 2419 852 2453 admissum
879 2431 958 2454 esse
987 2419 1087 2464 (Cod.
1114 2431 1200 2454 rom.
1233 2421 1321 2461 „Ali
1349 2421 1426 2455 coll.
1452 2420 1591 2456 Germ.“
1621 2434 1654 2466 p.
1684 2421 1755 2466 13).
1795 2421 1995 2464 Schricker,

235 2469 328 2512 Riga
354 2471 454 2504 ortus
481 2472 516 2504 et
551 2482 582 2504 a.
612 2472 700 2505 1561
729 2472 918 2506 Societatis
944 2472 1147 2507 tirocinium
1175 2473 1379 2517 ingressus,
1415 2476 1539 2519 postea
1565 2474 1714 2509 Romam
1744 2475 1781 2509 in
1807 2475 1994 2520 collegium

236 2522 482 2566 germanicum
506 2523 613 2558 rediit
639 2527 673 2558 et
693 2524 916 2559 alumnorum
932 2526 1193 2560 confessarium
1219 2527 1294 2570 egit
1314 2526 1433 2570 (Card.
1453 2528 1663 2562 Steinhuber
1687 2527 1709 2562 1.
1730 2540 1758 2562 c.
1777 2528 1803 2568 I,
1823 2529 1877 2563 78.
1896 2529 1995 2572 448).

355 2574 455 2617 Quod
475 2578 596 2610 autem
614 2577 681 2611 hae
700 2577 842 2613 litterae
860 2578 912 2612 ita
930 2578 1125 2624 inscriptae
1144 2581 1238 2621 sunt,
1265 2581 1305 2614 ut
1322 2582 1385 2614 aut
1403 2580 1545 2614 03111510
1572 2583 1635 2614 aut
1652 2580 1784 2615 Lanoio
1801 2582 1996 2617 tradendae

236 2630 368 2670 essent,
395 2628 560 2664 Canisius
586 2630 626 2664 P.
645 2630 832 2665 Nicolaum
854 2631 1036 2673 Lanoium,
1064 2632 1207 2676 collegii
1231 2632 1523 2676 ingolstadiensis
1549 2636 1734 2675 rectorem,
1761 2633 1996 2680 Oenipontem

236 2681 281 2716 ad
307 2684 468 2727 tempus,
503 2685 544 2717 ut
570 2683 710 2727 collegii
736 2684 837 2718 brevi
872 2684 1062 2719 incohandi
1089 2697 1145 2720 res
1171 2688 1334 2730 pararet,
1369 2686 1514 2721 mittere
1539 2689 1736 2728 statuerat;
1772 2687 1854 2722 vide
1888 2699 1997 2734 supra

236 2746 269 2780 p.
298 2734 395 2779 355).
447 2735 512 2770 Cui
537 2736 604 2770 has
628 2736 790 2775 litteras.
825 2737 894 2772 nisi
922 2738 1087 2773 Canisius
1113 2738 1312 2784 Oeniponte
1347 2744 1461 2780 esset,
1496 2739 1638 2774 tradere
1672 2740 1760 2775 iussi
1794 2743 1879 2775 sunt
1904 2741 1996 2776 Socii

237 2787 350 2822 Roma
376 2789 499 2822 eodem
525 2789 636 2824 missi.

355 2914 369 2929 ²²
394 2909 429 2943 in
457 2922 503 2944 un
529 2922 600 2945 una
625 2923 682 2955 ap.

360 3033 370 3052 ¹
398 3031 450 3066 Cf.
477 3033 498 3066 2
526 3032 604 3067 Cor.
631 3033 662 3075 3,
691 3034 792 3068 1-3.

239 3135 285 3170 34
326 3084 557 3181 Ιέὃῗσῆηιίἅῖ
582 3097 662 3120 eum
689 3097 719 3120 a.
750 3087 841 3121 1553
868 3087 1001 3122 Romae
1027 3087 1063 3121 in
1090 3087 1304 3122 Societatem
1332 3087 1527 3122 admissum
1554 3098 1632 3122 esse
1664 3086 1821 3121 affirmat
1848 3086 1886 3130 (l.
1914 3098 1942 3122 c.
1970 3087 1995 3130 Ι,
