2093 3444
230 187 312 228 738
676 181 832 213 Monuni.
863 178 1089 222 (tridentina)
1120 179 1201 212 363.
1232 180 1279 222 (6.
1308 179 1398 212 Iunii
1426 179 1543 223 1562.)

230 301 338 334 Cuius
374 299 458 332 facti
486 299 637 331 Ioannes
663 299 826 340 Baptista
856 297 1019 338 Fickler,
1056 294 1313 339 archiepiscopi
1349 295 1626 338 salisburgensis
1661 294 1896 336 secretarius,
1932 294 1991 338 qui

229 365 307 387 cum
344 352 449 385 liuius
485 351 684 384 oratoribus
720 349 881 383 'l'ridenti
915 351 1001 382 tunc
1037 348 1269 388 versabatur,
1306 347 1396 382 hanc
1431 348 1466 381 in
1503 348 1661 390 „Diario“
1700 360 1764 382 suo
1798 347 1991 382 tridentino

232 405 341 450 (apud
368 407 418 438 Le
441 405 521 437 Plat
547 404 568 437 l.
596 415 624 437 c.
644 403 745 444 VIN,
772 401 974 443 322—323)
1003 402 1140 445 profert
1166 412 1329 435 causam:
1361 401 1539 442 „Primum
1570 402 1777 435 mandatum
1804 400 1992 445 spectabat

227 462 438 502 utrumque,
475 457 797 500 Baumgartnerum
825 455 964 489 scilicet
990 456 1026 487 et
1052 454 1310 488 Covillonium:
1346 454 1409 487 sed
1436 466 1515 488 cum
1542 455 1577 488 in
1603 454 1782 488 mandatis
1808 453 1992 494 haberent,

229 515 269 546 ut
298 523 367 545 non
402 510 518 544 solum
553 510 834 544 communionem
869 508 1058 551 utriusque
1094 507 1245 552 speciei.
1281 507 1342 540 sed
1378 509 1414 540 et
1448 507 1649 541 sacerdotia
1683 507 1804 541 intera
1831 505 1877 551 [‘?]
1913 517 1992 540 con-

225 565 372 610 jugatos
406 564 559 597 conferri
595 564 775 607 peterent,
813 573 832 595 a
867 560 1048 594 nonnullis
1075 560 1295 594 Covillonius
1330 572 1373 593 ne
1408 560 1443 593 id
1478 560 1613 594 faceret
1646 560 1882 594 commonitus
1917 560 1992 600 est;

229 629 340 662 quare
367 619 406 650 ut
430 617 538 661 hujus
565 616 672 650 officii
699 616 816 660 ipsum
843 615 1036 648 immunem
1063 614 1199 647 faceret
1225 625 1244 647 a
1275 625 1338 647 suo
1364 613 1524 658 principe
1550 613 1776 658 impetravit,
1803 615 1839 647 et
1863 613 1992 646 Baum-

229 673 396 715 gartnero
422 673 462 704 ut
488 670 585 703 solus
612 669 765 703 oratorio
791 679 939 701 munere
965 667 1178 709 fungeretur
1203 666 1396 707 concessit,
1424 678 1572 710 eamque
1599 667 1641 700 ob
1669 678 1814 701 causam
1840 666 1994 700 alterum

231 725 298 758 hoc
317 724 424 765 misit,
452 725 491 757 ut
517 723 764 768 perlegeretur
776 722 789 742 ¹³
810 721 856 765 [2³]
884 720 918 754 in
946 721 1104 754 sessione
1130 720 1348 761 mandatum,
1375 720 1467 763 quod
1495 722 1531 753 et
1556 720 1692 754 factum
1719 720 1805 754 est.“
1847 718 1996 752 Accedit

229 778 322 821 quod
348 777 517 811 Albertus
544 779 579 810 et
605 788 685 810 cum
711 775 861 809 Venetis
888 776 924 807 et
949 785 1028 807 cum
1056 773 1234 807 Helvetiis
1269 773 1311 806 de
1341 773 1630 817 „praecedentiass
1661 773 1792 807 acriter
1826 771 1994 815 litigabat

231 831 292 874 (cf.
309 842 417 875 supra
436 842 468 874 p.
484 830 553 864 450
566 830 585 864 ¹.
602 829 721 871 5623).
748 829 801 862 Ac
819 828 1083 869 Paumgartner
1100 827 1136 860 in
1154 826 1313 860 oratione
1329 827 1384 860 27.
1400 826 1490 860 Iunii
1512 827 1602 860 1562
1621 827 1664 860 ad
1683 826 1871 860 concilium
1891 825 1992 859 ducis

229 883 370 918 nomine
395 883 518 917 habita
543 894 613 916 non
640 882 754 916 solum
781 881 928 915 calicem
956 880 1126 914 laicorum
1153 882 1188 913 et
1207 879 1472 913 matrimonium
1498 880 1724 913 sacerdotum
1750 879 1905 924 petebat,
1931 878 1993 912 sed

229 938 338 971 etiam
374 937 550 970 Bavariae
591 935 833 977 „sacerdotes“
873 933 1136 976 monachosque
1171 933 1486 966 vehementissime
1524 933 1718 967 accusabat
1752 936 1860 977 atque
1896 933 1994 978 ipsos

230 991 339 1024 etiam
364 989 546 1034 praelatos
572 989 694 1032 aliqua
720 987 856 1021 ratione
883 986 1053 1031 carpebat
1081 985 1148 1029 (Le
1173 987 1253 1019 Plat
1279 986 1300 1020 l.
1329 998 1357 1020 c.
1386 986 1428 1026 V,
1459 986 1656 1020 335—345.
1710 987 1744 1020 S.
1773 988 1993 1030 Secyenheim,

230 1044 380 1077 Baierns
407 1042 579 1076 Kirchen-
606 1042 677 1075 und
703 1040 1012 1075 Volks-Zustande
1048 1040 1095 1072 im
1131 1039 1389 1073 sechszehnten
1423 1039 1668 1073 Jahrhundcrt
1695 1038 1861 1083 [Giessen
1889 1039 1993 1084 1842]

230 1109 263 1142 p.
291 1097 440 1131 55-56.
492 1097 632 1129 mezler
656 1095 679 1128 l.
708 1106 736 1128 c.
764 1094 832 1134 IV,
869 1093 1086 1136 512-513).
1137 1092 1234 1134 Quae
1270 1104 1348 1126 cum
1385 1092 1435 1126 ita
1471 1104 1508 1126 se
1543 1092 1735 1133 haberent,
1771 1093 1898 1127 mirum
1925 1105 1994 1127 non

230 1152 304 1191 est,
338 1161 404 1183 nec
432 1149 629 1183 Salmeroni
654 1159 718 1181 nec
746 1147 887 1181 Canisio
914 1146 1031 1180 visum
1069 1157 1147 1179 esse
1174 1145 1384 1186 convenire,
1419 1148 1459 1179 ut
1485 1146 1674 1180 Societatis
1708 1146 1812 1180 homo
1843 1146 1994 1181 oratoris

230 1204 355 1238 bavari
380 1214 510 1237 munus
535 1203 684 1237 teneret.
711 1204 820 1244 atque
846 1201 881 1234 in
908 1199 1035 1234 Ficleri
1061 1199 1232 1233 relatione
1259 1211 1300 1233 ea
1318 1211 1404 1233 vera
1431 1202 1600 1243 certaque
1627 1211 1705 1233 esse
1731 1200 1875 1241 dixeris,
1903 1211 1994 1244 quae

231 1258 273 1291 de
304 1256 616 1299 „commonitione“
645 1255 708 1289 illa
735 1253 935 1288 Cuvillonio
969 1254 1066 1287 facta
1101 1253 1270 1286 affirmat.
1321 1253 1373 1287 De
1400 1253 1567 1287 mandato
1593 1264 1678 1286 vero
1711 1253 1791 1294 illo,
1826 1265 1896 1297 quo
1923 1254 1994 1287 dux

231 1312 267 1344 et
297 1309 597 1351 „communionem
624 1308 689 1342 sub
716 1308 887 1351 utraque“
919 1308 955 1340 et
983 1306 1249 1340 matrimonium
1284 1306 1509 1340 sacerdotum
1536 1306 1696 1340 Tridenti
1730 1307 1803 1351 peti
1838 1307 1994 1347 iubebat,

230 1363 336 1397 valde
379 1363 535 1397 notanda
579 1363 680 1402 sunt,
726 1372 816 1404 quae
857 1361 980 1394 Soea‘ns
1022 1362 1153 1403 aliquis
1197 1371 1365 1393 romanus
1406 1360 1461 1401 (P.
1498 1359 1711 1394 Franciscus
1749 1360 1944 1394 Petrarcha
1956 1359 1991 1404 2³)

231 1417 344 1451 Roma
367 1416 398 1450 8.
423 1415 579 1458 Augusti
600 1415 688 1449 1562
716 1414 759 1448 ad
786 1413 927 1456 collegii
954 1413 988 1447 8.
1007 1413 1293 1447 J.>ferra1·iensis
1318 1414 1493 1447 rectorem
1520 1413 1708 1447 *scribens
1734 1413 1776 1447 de
1796 1413 1995 1447 Cuvillonio

231 1470 409 1504 affirmat:
449 1469 543 1510 „Non
571 1467 620 1511 gli
647 1468 685 1501 fu
712 1468 810 1501 detto
836 1478 919 1500 cosa
954 1466 1082 1500 alcuna
1118 1466 1182 1500 che
1218 1466 1247 1500 si
1273 1465 1406 1500 hauese
1441 1478 1461 1500 a
1491 1466 1567 1500 fare
1597 1466 1713 1500 simile
1739 1466 1903 1500 dimande
1931 1494 1937 1501 .

232 1523 372 1567 quando
398 1523 432 1556 lo
451 1522 705 1556 lmbasciatore
732 1520 781 1564 gli
807 1520 998 1555 manifesto
1023 1519 1075 1553 tal
1102 1531 1184 1553 cosa
1203 1519 1273 1562 egli
1291 1531 1361 1552 non
1387 1519 1417 1553 si
1436 1519 1536 1554 uolse
1561 1522 1693 1564 puonto
1719 1520 1911 1564 impaciare
1931 1548 1938 1554 .
1959 1548 1965 1553 .
1986 1547 1993 1554 .

231 1588 299 1610 non
327 1578 345 1610 e
370 1575 588 1609 intriuenuto
614 1575 649 1608 in
677 1574 730 1608 cio
757 1585 856 1608 come
882 1573 912 1607 si
938 1585 977 1607 sa
1005 1575 1250 1617 apertamente
1277 1573 1390 1606 donde
1419 1585 1488 1606 non
1520 1576 1538 1607 e
1565 1573 1679 1616 degno
1705 1573 1739 1606 di
1765 1573 1900 1607 taccia“
1934 1574 1993 1614 (ex

231 1629 436 1675 apographo
463 1629 619 1663 eiusdem
647 1628 721 1662 fere
748 1627 928 1671 temporis.
966 1626 1048 1660 Cod.
1073 1626 1275 1671 „Epistolae
1302 1626 1426 1660 ltaliae
1452 1627 1553 1661 1562.
1582 1627 1682 1661 1563.
1712 1627 1821 1661 1564“
1851 1626 1875 1661 f.
1896 1626 1991 1670 22b).

1045 1749 1176 1791 363.

979 1840 1010 1875 6.
1036 1837 1130 1874 Iunii
1156 1838 1251 1875 1562.

352 1931 406 1964 Ex
433 1930 706 1973 Paumyartneri
731 1928 863 1961 litteris
890 1926 1133 1971 autographis.
1164 1938 1255 1970 quae
1282 1929 1427 1961 exstant
1454 1926 1632 1961 Monachii
1659 1927 1692 1960 in
1721 1927 1867 1961 archivo
1892 1927 1994 1971 regni

231 1984 401 2024 bavarici‚
428 1983 503 2017 cod.
536 1983 646 2023 „Acta
674 1981 778 2015 Cone.
807 1981 965 2014 Trident.
993 1981 1091 2014 Tom.
1118 1981 1171 2014 H*
1201 1981 1224 2014 f.
1255 1980 1450 2014 180—181.

356 2060 520 2094 Canisc'ns
532 2060 741 2102 praesidinm
758 2059 900 2091 concilii
918 2069 1120 2101 responsum
1137 2059 1313 2101 quoddam
1327 2059 1374 2090 ad
1387 2058 1566 2091 Bavariae
1583 2058 1682 2090 dacis
1696 2062 1854 2090 oratores
1871 2058 1992 2101 defert.

352 2141 503 2175 Bavaris
530 2142 566 2174 et
591 2140 741 2174 Venetis
767 2139 945 2177 Tridentiv
980 2139 1072 2173 utris
1099 2139 1214 2183 priore
1248 2139 1326 2173 loco
1360 2139 1395 2172 in
1431 2139 1579 2173 concilio
1614 2139 1665 2173 ire
1695 2139 1749 2173 fas
1776 2141 1890 2181 esset,
1924 2139 1995 2174 liti-

234 2195 403 2239 gantibus
432 2194 617 2237 (Albertus
642 2193 686 2227 V.
714 2193 890 2227 Bavariae
925 2193 999 2226 dux
1025 2192 1188 2236 quintum
1224 2193 1317 2226 inter
1351 2192 1530 2237 principes
1564 2192 1681 2226 locum
1716 2193 1917 2237 postulasse
1943 2193 1996 2226 vi-

235 2248 353 2291 detur)
384 2250 605 2292 Aufflcstimcs
630 2248 903 2290 Paumyartner,
938 2248 1057 2280 orator
1081 2246 1253 2285 bavarus,
1281 2245 1449 2279 Tridento
1475 2246 1506 2279 8.
1535 2245 1625 2279 Iunii
1653 2246 1742 2280 1562
1768 2246 1993 2280 Monachium

235 2302 279 2336 ad
298 2301 475 2335 Simonem
495 2300 724 2334 Thaddaeum
743 2299 895 2333 Eckium
914 2299 1166 2333 cancellarium
1188 2299 1288 2339 haec,
1314 2301 1457 2343 praeter
1475 2298 1554 2339 alia,
1580 2298 1743 2344 scripsit:
1771 2299 1836 2333 Die
1854 2300 1885 2334 5.
1904 2299 1996 2333 Iunii

235 2367 273 2389 se
300 2357 336 2389 et
354 2355 392 2388 P.
412 2354 581 2388 Ioannem
601 2353 841 2387 Cuvillonium
861 2352 895 2387 S.
915 2353 948 2387 J.
975 2352 1035 2396 [cf.
1061 2364 1170 2397 supra
1196 2364 1229 2397 p.
1249 2351 1331 2395 737]
1358 2364 1480 2386 omnes
1506 2352 1705 2386 cardinales
1731 2352 1871 2386 concilii
1895 2364 1995 2397 prae-

235 2409 340 2449 sides,
368 2419 456 2451 quos
481 2408 558 2452 ipso
584 2406 644 2440 illo
671 2406 727 2440 die
754 2406 1067 2449 congregationem
1084 2406 1271 2439 habituros
1297 2417 1376 2439 esse
1398 2405 1632 2447 audivissent,
1658 2406 1775 2440 adisse
1801 2406 1845 2440 ab
1870 2406 1996 2450 iisque,

236 2464 275 2495 ut
300 2461 444 2495 tandem
480 2459 764 2494 controversiam
799 2459 896 2493 illam
929 2459 1154 2500 dirimerent,
1188 2459 1341 2503 petissc;
1377 2470 1398 2492 a
1433 2458 1613 2493 cardinale
1647 2461 1766 2493 autem
1801 2459 1996 2493 Mantuano

238 2514 313 2558 [qui
339 2514 432 2547 inter
457 2514 597 2556 legatos
632 2513 785 2558 primum
819 2512 936 2547 locum
971 2512 1129 2556 tenebat]
1165 2512 1232 2546 sibi
1268 2512 1400 2546 dictum
1437 2523 1535 2552 esse,
1571 2512 1741 2556 postridie
1775 2512 1915 2556 legatos
1944 2524 1996 2546 re-

237 2578 408 2612 sponsum
434 2567 521 2612 ipsis
548 2577 626 2600 esse
653 2566 836 2600 missuros.
892 2565 1051 2608 „Darauf
1081 2565 1148 2598 den
1175 2566 1195 2599 6
1221 2564 1338 2609 Junij‚
1374 2564 1504 2598 Petrus
1532 2564 1714 2607 Canisius,
1750 2565 1792 2599 de
1819 2565 1997 2600 Societate

237 2621 343 2659 Jesu,
371 2620 469 2654 disen
495 2619 680 2659 beshaidt,
706 2619 742 2653 in
769 2630 877 2652 vnser
902 2619 1133 2662 behausung,
1164 2618 1199 2651 in
1226 2629 1354 2651 namen
1380 2618 1442 2651 der
1469 2617 1659 2652 Cardineln
1684 2618 1876 2662 gebracht,
1912 2619 1997 2653 wier

236 2673 366 2707 sollten
393 2673 447 2706 die
474 2672 688 2706 Zuekhunfft
713 2672 865 2706 oratoris
891 2672 1090 2717 principun]
1117 2671 1210 2716 apud
1239 2670 1283 2705 .S.
1311 2671 1350 2705 P.
1378 2671 1509 2705 Doctor
1530 2670 1752 2705 Viechauser
1776 2671 1959 2706 mainendt
1976 2673 1996 2713 ¹,

356 2812 370 2826 ἃ
398 2806 457 2839 Sic
483 2806 533 2839 Le
559 2806 661 2848 Plat,·
686 2805 752 2838 in?
847 2805 862 2825 ¹³
889 2806 948 2839 Sic
974 2806 1017 2839 L.
1048 2806 1124 2845 PZ.,·
1149 2804 1448 2849 praelegeretur?

245 2937 433 2978 „Instituto
468 2937 656 2971 historic&
695 2949 840 2971 romano
876 2937 1067 2972 Societatis
1102 2937 1243 2982 Iosephi
1279 2938 1410 2972 Gorres
1444 2937 1585 2971 nomine
1619 2937 1811 2981 insignitae
1853 2937 1997 2971 edendis

242 2990 402 3023 Diariuln
428 2990 557 3024 Ficleri
592 2991 814 3025 emendatius
849 2990 1084 3034 evulgaretur
1113 2991 1401 3034 (Jahresbericht
1435 2991 1496 3025 der
1526 2991 1907 3033 Gorres-Gesellsehafb
1940 2990 1998 3024 fiir

244 3042 334 3076 1898
361 3042 467 3085 [ΚϋΙι]
498 3042 600 3086 1899]
627 3055 660 3087 p.
687 3043 762 3086 49).

364 3094 649 3137 ¹Sigismundus
683 3095 901 3136 Viehauser,
947 3096 1105 3130 eiusdem
1149 3097 1230 3131 anni
1269 3097 1359 3131 1562
1402 3097 1457 3130 die
1492 3097 1548 3131 23.
1583 3096 1766 3131 Februarii
1800 3095 1996 3137 Monachio‚

245 3148 275 3180 7.
302 3146 423 3180 Martii
448 3147 616 3182 Tridento
643 3149 836 3193 profectus,
864 3149 919 3183 22.
946 3149 1068 3183 Martii
1095 3149 1243 3183 Romam
1270 3150 1462 3190 advectus,
1491 3151 1520 3184 1.
1549 3150 1639 3183 Iunii
1665 3149 1745 3183 inde
1772 3149 1937 3183 discessit
1963 3151 1998 3182 et
