2093 3444
479 154 634 188 Monuni.
665 154 888 199 (tridentina)
918 155 996 189 351.
1029 155 1076 198 (3.
1102 154 1259 188 Ianuarii
1288 154 1405 196 1562.)
1740 155 1821 196 727

878 272 999 313 351.

315 361 508 404 OTTO
542 362 964 406 TRIJGHSESS
998 364 1095 405 DE
1129 361 1571 415 WALDBURG,

581 443 772 478 cardinalis
799 446 835 478 et
861 445 1048 489 episcopus
1075 447 1310 488 augustanus,

639 528 994 575 STANISLAO
1033 528 1241 587 HOSIO,

427 617 486 652 uni
515 630 559 651 ex
586 619 828 653 cardinalibus
856 619 995 653 concilii
1021 619 1205 653 tridentini
1231 619 1363 662 legatis
1389 621 1457 652 etc.

700 704 810 740 Roma
838 704 870 739 3.
897 704 1062 740 Ianuarii
1088 704 1182 740 1562.

179 787 231 820 Ex
261 788 453 831 Saccln'no,
482 786 566 820 Can.
596 800 626 832 p.
658 788 854 823 189—190.
906 787 973 829 Qui
998 788 1139 822 litteras
1166 788 1309 832 quidem
1336 788 1428 822 unde
1464 788 1715 832 exscripserit,
1753 800 1824 822 non

58 839 259 883 significat3
287 852 348 874 eas
374 843 494 874 tamen
525 841 588 881 „ad
615 842 785 875 verbum⁴
815 854 835 875 a
861 854 900 876 50
927 843 1052 875 referri
1078 842 1213 876 scribit.

177 893 337 927 Eandem
372 893 563 938 epistulam
599 894 634 927 in
669 896 821 937 Ροὶηιὶαηὶγ
848 895 1018 939 Epistolis
1045 895 1115 936 HI,
1154 896 1244 929 1-2
1272 896 1373 928 Hier.
1402 895 1701 937 Layonzarsinztns
1726 893 1760 928 S.
1789 894 1822 928 J.

58 946 177 991 posuit
203 959 248 980 ex
274 947 482 991 apographo
509 948 645 981 saeculi
672 948 779 987 RVL,
807 949 899 992 quod
926 949 962 982 in
989 948 1108 982 codice
1135 948 1369 993 epistularum
1397 948 1477 981 Iulii
1496 947 1656 991 Pogiani‚
1684 947 1824 981 Alberti

58 999 287 1034 Staniewskii
313 1012 421 1034 manu
448 1000 580 1045 scripto
608 1003 643 1034 et
670 1001 713 1034 ab
740 1003 823 1035 Ant.
851 1002 966 1035 Maria
994 1002 1184 1043 Gratiano,
1219 1001 1279 1045 qui
1306 1013 1367 1035 eas
1393 1001 1497 1035 edere
1523 1001 1679 1040 volebat,
1706 1012 1823 1034 emen-

58 1053 140 1087 dato
169 1052 230 1096 (cf.
258 1055 411 1097 Pessimi
436 1053 619 1098 Epistol-as
646 1055 689 1094 H,
717 1056 958 1097 LXV—van)
987 1055 1185 1088 invenerat.

176 1106 336 1140 Eandem
372 1106 565 1151 epistulam
599 1110 813 1151 posuerunt:
853 1108 1013 1151 (gallice)
1044 1109 1092 1141 Io.
1121 1109 1285 1151 Dort'yny
1311 1107 1345 1141 S.
1372 1107 1424 1147 J.‚
1462 1107 1511 1140 La
1537 1106 1603 1140 Vie
1636 1107 1682 1140 du
1709 1107 1823 1140 Reve-

55 1159 142 1193 rend
177 1159 267 1193 Pere
293 1160 416 1194 Pierre
444 1160 609 1194 Canisius
649 1162 694 1203 (A
722 1161 825 1195 Paris
855 1161 960 1204 1707)
998 1173 1030 1205 p.
1058 1161 1263 1201 202—204;
1303 1161 1352 1201 (in
1388 1160 1636 1205 compendium
1670 1159 1822 1194 latinum

55 1213 254 1256 redactam)
283 1214 375 1247 Petr.
403 1215 540 1256 Python
570 1214 603 1248 S.
623 1215 667 1254 J„
695 1215 779 1248 Vita
806 1215 846 1249 R.
874 1214 913 1249 P.
942 1214 1039 1248 Petri
1068 1214 1198 1248 Canisii
1227 1214 1261 1248 S.
1282 1215 1314 1248 J.
1345 1214 1540 1256 (Monachii
1567 1213 1672 1256 1710)
1701 1226 1734 1258 p.
1756 1213 1822 1248 189

55 1266 99 1299 ad
128 1266 214 1307 190;
244 1266 395 1310 (italice)
423 1268 550 1311 Boero,
578 1267 661 1302 Can.
690 1280 721 1312 p.
751 1268 837 1307 24&
867 1268 1028 1311 (gallice)
1057 1268 1184 1301 Me'chel
1209 1268 1230 1301 1.
1260 1279 1287 1301 c.
1316 1279 1349 1312 p.
1377 1268 1456 1301 255.

177 1343 362 1376 canisium
388 1354 464 1376 cnm
492 1349 521 1376 et
548 1355 671 1376 caesar
695 1356 797 1377 snum
827 1345 864 1377 [η
890 1345 1037 1377 concilio
1064 1348 1237 1377 oratorem
1266 1348 1296 1376 et
1324 1345 1393 1386 lpse
1424 1343 1623 1376 cardinalis
1641 1353 1823 1386 procura-

54 1401 165 1429 torem
200 1399 409 1430 constituere
444 1399 670 1440 coqitasseuz‘,
708 1399 1002 1440 Aamasinum-zeni
1038 1400 1220 1430 necessitas·
1255 1402 1284 1429 et
1319 1397 1469 1439 capituli
1493 1397 1613 1428 studia
1639 1396 1823 1437 Aetyusfcw

56 1452 290 1483 retinuerunt.
345 1451 416 1491 Qui
440 1455 557 1483 tamen
577 1456 658 1494 post
687 1452 1001 1494 Qzcwli·(tgye.5·z‘)›ucm
1039 1452 1087 1484 ad
1121 1452 1217 1484 breve
1251 1455 1384 1493 tempus
1419 1450 1540 1493 lcyatis
1575 1450 1717 1482 concilii
1743 1460 1821 1482 con-

55 1504 129 1536 cedi
150 1505 293 1546 poterit.

173 1586 439 1628 Deliberatio
472 1590 623 1629 vestra
656 1588 707 1628 de
740 1587 1000 1629 accersendo
1033 1587 1192 1628 Patrea
1226 1584 1287 1640 [Ρ]
1320 1585 1489 1627 Canisio
1523 1599 1608 1626 non
1640 1598 1821 1638 paruam

54 1651 367 1694 dubitationem
390 1652 543 1695 habet:
577 1652 744 1706 pieque,
780 1667 829 1694 ac
855 1652 1075 1706 sapienter
1097 1652 1226 1694 veriti
1255 1651 1373 1702 estiS,
1407 1664 1473 1700 ne,
1509 1650 1544 1691 si
1567 1649 1820 1691 Tridentum

54 1716 91 1757 is
136 1720 363 1768 euocetur,
413 1732 616 1771 magnam
662 1718 704 1759 in
750 1718 840 1759 eius
888 1717 1078 1759 discessu
1122 1717 1334 1759 iacturam
1379 1715 1513 1758 faciat
1556 1729 1641 1756 non
1682 1715 1822 1756 solum

53 1782 315 1835 Augustana
347 1783 531 1833 Ciuitas,
571 1784 646 1825 sed
681 1786 724 1825 et
755 1783 855 1824 illae
887 1783 1147 1825 Iesuitarum
1180 1782 1458 1831 sodalitates,
1502 1794 1612 1833 quae
1644 1782 1746 1822 sunt
1777 1780 1822 1821 in

56 1847 310 1898 Germania,
353 1848 506 1901 quibus
538 1848 574 1890 is
606 1862 781 1902 operam
816 1849 892 1890 dat
928 1862 1006 1902 pro
1039 1847 1252 1900 Magistro
1286 1845 1570 1889 Societatislz
1612 1847 1656 1887 et
1696 1845 1823 1886 multi

52 1915 283 1967 praeterea
305 1914 527 1963 mortales,
563 1928 668 1967 quos
700 1913 859 1967 partim
882 1913 1131 1967 praesentia
1163 1927 1241 1954 sua
1269 1915 1428 1962 tuetur,
1463 1911 1622 1965 partim
1654 1910 1822 1952 reducit

52 1978 97 2019 in
119 1977 248 2022 viam.
292 1978 410 2028 Quae
443 1979 574 2021 etiam
607 1978 718 2021 fuitb
751 1993 881 2020 causa
904 1978 1093 2031 Collegio
1116 1979 1473 2031 Augustanorum
1495 1975 1819 2025 Canonicorum,

54 2043 278 2097 cupient-ec
312 2042 372 2098 [P]
408 2044 592 2086 Caesare
607 2044 622 2064 *⁷¹
655 2042 715 2098 [P]
750 2044 889 2098 ipsum
923 2043 1138 2085 Canisium
1173 2043 1385 2096 Legatum
1419 2042 1470 2083 de
1502 2040 1691 2083 Concilio
1725 2040 1821 2081 Tri—

53 2109 230 2150 dentum
262 2109 461 2160 mittere,
495 2109 786 2163 repugnandi,
820 2109 1186 2161 vehementerque
1219 2107 1477 2157 obsistendi,
1513 2120 1567 2147 110
1598 2105 1697 2147 111ᾶο
1728 2119 1821 2147 mo-

53 2176 274 2216 ueretur2.
337 2174 503 2216 Eadem
534 2189 603 2216 me
634 2175 747 2216 ratio
781 2174 833 2215 de
865 2173 1083 2216 sententia
1116 2173 1315 2223 deduxit,
1360 2186 1455 2213 cum
1486 2171 1704 2213 hominem
1735 2170 1820 2212 isto

51 2239 201 2281 Venire
241 2254 338 2281 mea
380 2254 512 2281 causa
548 2240 835 2293 peruellemss:
879 2239 992 2292 quod
1033 2241 1186 2292 postea
1226 2252 1381 2279 munus
1414 2235 1820 2278 Montalcinensium

51 2304 301 2359 Episcopo4
340 2304 433 2346 viro
476 2305 637 2359 optimo
680 2303 892 2357 delegaui.
957 2304 1041 2346 Sed
1082 2303 1285 2356 quoniam
1325 2302 1439 2345 tanti
1478 2301 1662 2343 interest
1698 2300 1819 2342 illum

51 2369 96 2411 in
126 2369 222 2412 istis
245 2369 486 2412 actionibus
508 2370 732 2420 interesse,
765 2372 885 2411 recte
909 2369 1000 2410 eius
1023 2368 1218 2410 euocatio
1242 2368 1466 2409 differetur
1497 2366 1541 2408 in
1568 2366 1611 2407 id
1632 2368 1818 2419 tempus,

52 2435 164 2488 quod
187 2434 337 2476 scribit
358 2435 610 2489 Amplitudo
633 2438 710 2477 tua
724 2441 748 2477 Β.
792 2435 892 2476 Non
915 2434 1027 2476 enim
1050 2437 1195 2488 potest
1217 2433 1253 2475 is
1275 2433 1476 2486 Augusta
1505 2432 1596 2473 sine
1628 2431 1818 2473 maximo

51 2500 307 2550 multorum,
360 2502 410 2542 vt
455 2500 674 2541 lenissime
721 2499 883 2550 dicam,
936 2499 1204 2541 incommodo
1254 2498 1406 2540 abesse
1453 2495 1819 2549 Quadragesimae

171 2639 185 2653 ³
210 2633 299 2676 Lay.
325 2633 390 2666 hoc
415 2644 443 2666 v.
472 2643 543 2665 non
562 2633 696 2675 posuit.
794 2632 809 2652 ¹³
834 2631 904 2665 fuit
930 2631 1038 2665 etiam
1065 2632 1107 2665 L.

175 2692 186 2705 ⁰
212 2685 370 2730 cupienti
396 2686 439 2719 L.
468 2687 539 2726 (ita
564 2687 718 2728 fortasse
743 2686 961 2718 emendatum
990 2696 1012 2718 α
1043 2686 1166 2726 Grat.)
1265 2684 1279 2704 ἃ
1305 2683 1442 2718 caesari
1469 2684 1512 2717 L.
1540 2683 1715 2724 (Gi-affl)

171 2745 184 2758 ‘³
209 2738 302 2782 quod
327 2737 456 2772 scribis
482 2739 525 2772 L.
554 2743 616 2779 (ess
644 2739 720 2781 Gr„
750 2743 786 2771 zat
813 2739 981 2779 videtur).

175 2860 184 2881 ¹
211 2859 346 2893 Domus
363 2859 572 2904 provinciae
587 2859 620 2894 S.
638 2860 670 2894 J.
690 2859 904 2894 Germaniae
922 2860 1133 2905 Superioris,
1152 2860 1281 2904 quibus
1300 2859 1465 2894 Canisius
1483 2859 1710 2904 praepositus
1728 2860 1817 2894 erat.

171 2914 184 2934 ²
212 2912 265 2947 Cf.
293 2925 402 2958 supra
428 2925 461 2958 p.
490 2914 545 2947 74.
573 2914 627 2948 97.
658 2913 735 2948 107.
766 2913 842 2947 134.
871 2913 1068 2948 588—590.
1096 2914 1176 2948 601.

172 2967 185 2987 ³
212 2966 413 3000 Cardinalis
438 2966 550 3010 igitur
573 2966 658 3001 Otto
678 2966 861 3001 Canisium
887 2978 992 3001 suum
1018 2968 1054 3001 in
1080 2966 1230 3001 concilio
1260 2966 1566 3011 „procuratorem“
1598 2965 1817 3000 constituere

52 3021 290 3064 cogitaverat.
342 3019 395 3054 Cf.
422 3031 531 3064 supra
556 3032 590 3065 p.
617 3020 697 3054 215.

171 3075 184 3093 4
209 3072 400 3107 Francisco
426 3073 563 3107 Mariae
590 3073 850 3107 Piccolomineo
888 3073 1152 3117 (Piccolomini,
1187 3074 1208 3115 †
1237 3074 1358 3116 1599).
1403 3073 1506 3107 Mons
1541 3071 1704 3106 Alcinius
1738 3071 1816 3106 sive

51 3126 198 3161 Ilcinius
226 3126 476 3170 (Montalcino)
504 3127 590 3161 urbs
617 3129 672 3161 est
698 3127 872 3161 Etruriae.
