2093 3444
232 239 317 280 614
410 235 569 269 Monum.
600 231 775 277 (august.)
804 233 883 267 247.
915 232 1027 276 (Inter
1051 244 1098 267 m.
1126 231 1204 267 Oct.
1233 244 1263 266 a.
1294 231 1384 266 1562
1411 233 1447 265 et
1471 231 1612 266 initium
1640 242 1671 266 a.
1700 231 1818 275 1563.)

350 354 531 396 Auyustae
558 353 595 385 in
622 352 838 385 monasterio
865 351 901 385 S.
934 351 1172 394 catharinae,
1199 351 1339 384 ordinis
1364 350 1680 392 Praedicatorum,
1702 350 1903 393 priorissa,
1933 350 1997 383 Ca-

228 407 320 440 uisz'o
345 407 513 439 suadente
539 410 567 438 ec
594 407 755 448 iuvante,
792 405 999 437 clausuram
1024 405 1267 447 reliquamque
1301 403 1530 446 disciplinam
1564 403 1681 436 reddit
1705 404 1932 447 severiorem,
1968 407 1998 436 el

228 460 398 494 moniales
426 460 610 493 Sociorum
639 469 746 501 opera
775 458 811 490 in
832 459 963 500 pietate
988 457 1222 500 sinonem-iter
1242 457 1450 500 proficiunt.

351 550 388 591 1.
422 549 469 590 P.
497 549 747 590 Guilielmus
770 547 956 589 Elderen
980 547 1022 588 S.
1047 546 1090 588 J.
1116 548 1159 587 in
1183 546 1333 587 litteris
1359 542 1678 598 ‚,semestribus“
1715 545 1862 585 domus
1885 543 1928 586 S.
1951 543 1996 587 J.

230 618 516 669 auqustanue,
550 614 743 668 Aussusz‘a
776 614 816 653 2.
851 612 1054 653 Ianuarii
1088 613 1202 653 1563
1236 611 1372 651 datis:
1409 609 1467 651 Jn
1498 608 1762 652 monasterio
1796 608 1996 662 quodam⁷

228 680 377 734 inquit,
411 679 549 720 multa
572 678 689 719 Deus
712 676 868 726 effecit,
904 676 957 718 ad
980 675 1328 729 tranquillandas
1358 673 1657 725 conscientias,
1693 687 1803 727 quae
1825 676 1998 716 nostro-

228 758 322 785 rum
350 758 482 797 opera
515 743 650 785 multo
673 743 835 785 habent
859 756 987 795 quam
1020 745 1151 784 antea
1174 740 1346 790 16611116,
1382 742 1426 782 et
1457 739 1499 781 in
1523 739 1819 794 spiritualibus
1842 739 1998 793 studijs

228 823 488 863 progressus
523 808 691 850 faciunt
722 807 979 861 singulares.

347 896 536 939 Virginum
565 897 705 935 autem,
732 906 801 928 non
829 894 985 928 virorum
1013 893 1270 927 monasterium
1297 892 1355 926 hic
1381 891 1593 935 significari,
1627 903 1672 926 ex
1702 893 1841 926 Canisae'i
1864 891 1998 926 litteris

229 949 396 993 Augusta
415 950 446 983 6.
467 949 624 992 Augusti
645 948 734 983 1559
762 948 805 982 ad
825 947 987 982 Lainium
1015 946 1108 981 datis
1135 946 1296 980 conicere
1323 945 1425 986 licet;
1452 945 1487 979 in
1515 945 1644 989 quibus
1663 944 1827 979 Canisius
1853 945 1998 980 scribit:

232 1003 386 1045 „Caesar
411 1003 488 1037 loco
507 1014 571 1037 suo
590 1014 646 1036 me
666 1001 745 1035 vult
763 1001 890 1035 adesse
908 1000 1124 1034 monasterio
1144 999 1334 1042 virginum
1352 998 1409 1032 hic
1428 998 1655 1032 reformando
1674 1010 1737 1043 per
1755 998 1993 1044 Episcopun1“

231 1056 338 1100 (Can.
366 1056 455 1101 Epp.
485 1056 527 1093 11,
556 1056 652 1099 502).
705 1056 824 1098 Atque
850 1054 916 1088 has
943 1053 1104 1096 virgines
1132 1053 1265 1086 ordinis
1293 1052 1507 1086 dominicani
1533 1051 1647 1086 fuisse
1673 1051 1779 1086 facile
1806 1051 1999 1087 deduxeris

228 1122 272 1144 ex
299 1109 420 1144 verbis
447 1110 593 1143 Polanci
619 1108 789 1143 Tridento
819 1109 871 1142 14.
900 1107 1120 1152 Septembris
1149 1107 1239 1140 1562
1266 1107 1468 1149 Augustam
1495 1105 1539 1139 ad
1567 1104 1748 1139 Canisium
1785 1105 1997 1141 scribentis:

233 1163 285 1205 „S’
306 1166 324 1197 e
351 1163 476 1197 scritto
503 1165 521 1197 Ξ1
541 1163 653 1196 Roma
679 1173 785 1206 sopra
813 1161 896 1205 quel
922 1160 1069 1204 negocio
1097 1160 1190 1194 della
1217 1159 1462 1193 riformatione
1489 1159 1524 1193 di
1542 1158 1626 1203 quel
1644 1159 1870 1201 monasterio,
1898 1159 1999 1194 accio

227 1217 252 1251 il
280 1216 469 1251 Cardinale
498 1215 739 1260 [Augustano]
767 1214 886 1249 scriua
913 1214 947 1248 61
975 1213 1129 1248 General
1157 1213 1240 1247 delli
1267 1212 1511 1246 Dominicani“
1545 1212 1670 1257 (supra
1696 1224 1728 1257 p.
1755 1212 1852 1256 482).

347 1307 385 1347 2.
430 1307 611 1347 Achilles
644 1306 883 1346 Pirnu'nius
923 1304 1083 1345 Gasser
1123 1303 1371 1344 lutheranus
1414 1302 1527 1353 (cide
1559 1316 1691 1357 supra
1721 1317 1764 1357 p.
1801 1301 1908 1354 (509)
1953 1304 1998 1344 ι’νι

234 1371 530 1425 ,,Αη)1αἰίἶ)ἰι.ς“
577 1371 829 1425 (mquslunis
873 1369 1038 1422 scribit,
1086 1369 1127 1409 ‘in
1173 1372 1458 1422 augsustanum
1505 1368 1660 1419 „diuae
1691 1367 1993 1409 Katharinae“

227 1438 529 1479 monasterium
572 1436 704 1491 (quod
748 1436 955 1489 virginum
997 1434 1163 1475 ordinis
1197 1433 1239 1474 S.
1274 1433 1489 1474 Domiue'ci
1530 1433 1641 1485 erat)
1683 1447 1722 1475 a.
1756 1435 1871 1475 1564
1913 1447 1996 1474 mo-

228 1503 363 1544 niales
402 1503 750 1555 „medlirusenses,
788 1500 1102 1555 praedicator-{j
1135 1496 1338 1539 instituti“
1376 1499 1726 1553 transuu‘yrasse,
1765 1501 1996 1552 postquam

224 1567 315 1622 jam
358 1566 554 1609 Canisius
586 1566 890 1619 Lojolanorum
930 1563 1209 1618 provincialis
1251 1563 1329 1604 sub
1369 1562 1592 1605 Susannae
1624 1563 1885 1616 Ehingeriae
1918 1563 1997 1605 Vl-

227 1632 388 1674 mensis
429 1631 625 1686 prioratu
658 1645 734 1685 pro
777 1644 855 1672 sua
895 1629 1112 1683 hypocrisi
1147 1628 1328 1670 Nonnas
1369 1627 1411 1669 in
1454 1628 1603 1670 eodem
1645 1628 1837 1670 alueario
1870 1643 1998 1683 prae-

229 1697 410 1739 cedente
452 1711 564 1738 anno
607 1695 768 1738 arctius
810 1694 1093 1737 includendas
1132 1693 1387 1747 sategisset,
1430 1707 1509 1735 nec
1540 1693 1660 1735 leues
1700 1696 1842 1735 motus
1882 1693 1999 1736 inter

229 1762 473 1804 sororculas
509 1775 582 1804 eas
617 1761 876 1811 excitasset,
912 1760 964 1801 ob
998 1773 1106 1812 quos
1139 1758 1304 1811 aliquot
1337 1772 1391 1800 ex
1423 1758 1616 1812 ipsarum
1647 1773 1849 1809 numero,
1883 1758 1998 1801 inter

230 1841 338 1881 quas
361 1827 563 1869 Remeria
588 1825 674 1880 [P]a
707 1825 861 1868 nobilis
885 1825 1096 1879 quaedam
1131 1827 1226 1866 erat
1258 1823 1492 1877 septembri
1526 1837 1673 1866 mense
1705 1823 1809 1866 illud
1842 1838 1996 1878 parum

228 1892 410 1935 honeste
443 1892 738 1934 deseruerunt.

349 1981 387 2014 In
419 1979 651 2021 ἣΑ1]1]61111111“
683 1979 837 2013 editione
865 1989 885 2012 a
910 1976 1124 2012 Menckenio
1152 1979 1275 2010 curata
1302 1976 1359 2010 hic
1384 1975 1484 2010 locus
1511 1975 1666 2010 omissus
1692 1977 1765 2016 est;
1805 1975 1849 2010 cf.
1885 1987 1999 2021 supra

346 2117 483 2150 Paulus
508 2117 549 2149 de
575 2117 704 2150 Stetten
736 2114 907 2156 „senior“‚
933 2113 1032 2147 urbis
1061 2114 1285 2156 augustanae
1311 2110 1485 2156 patricius
1511 2112 1548 2145 et
1572 2110 1775 2151 historicus,
1803 2111 1926 2145 eadem
1952 2111 1996 2145 de

227 2181 284 2210 re,
321 2169 563 2215 compluribus
589 2169 670 2203 aliis
696 2167 938 2202 monumentis
964 2177 1070 2201 manu
1097 2165 1261 2210 scriptis,
1297 2164 1474 2209 imprimis
1499 2165 1647 2198 senatus
1672 2164 1798 2198 urbani
1834 2164 1925 2198 actis
1950 2182 1996 2188 —-

232 2223 539 2266 „Baths-Decreta
574 2222 618 2256 ad
645 2221 678 2256 h.
707 2233 737 2255 a.
766 2219 887 2265 [1:363]
924 2232 956 2265 p.
984 2220 1047 2253 21⁴⁴
1088 2218 1214 2253 scribit
1248 2218 1324 2263 ipse
1351 2237 1395 2241 -—
1422 2217 1612 2259 adhibitis,
1649 2217 1684 2251 in
1720 2229 1750 2252 a.
1782 2218 1870 2252 1:563
1906 2216 1996 2252 11666

226 2278 329 2310 notat
358 2275 589 2319 (Geschichte
625 2275 687 2309 der
713 2273 806 2308 Heil.
834 2272 936 2307 Rom.
963 2271 1095 2306 Reichs
1122 2271 1259 2316 Freyon
1287 2270 1391 2304 Stadt
1425 2271 1621 2315 Augspurg
1658 2269 1890 2314 [Franokfurt
1923 2270 1995 2305 und

228 2329 374 2374 Leipzig
403 2328 506 2372 1743]
542 2340 575 2373 p.
603 2326 828 2369 552—553):
873 2325 1075 2368 „Zwischen
1111 2324 1173 2358 der
1209 2323 1411 2367 damaligen
1448 2323 1587 2358 Priorin
1623 2335 1665 2358 zu
1702 2323 1752 2358 St.
1790 2323 1996 2367 Camarina,

228 2382 391 2417 Susanna
426 2381 622 2425 Ehingerin
659 2389 728 2415 von
756 2379 864 2421 Ulm,‘
896 2379 968 2413 und
1004 2378 1145 2422 einigen
1180 2377 1277 2411 ihrer
1313 2376 1608 2411 Closter-Frauen
1644 2377 1713 2421 gab
1753 2388 1791 2411 es
1830 2377 1995 2412 damalen

227 2435 345 2479 einige
372 2435 660 2478 fflritbigkeiten,
696 2434 836 2468 indeme
872 2433 968 2467 diese
1004 2434 1157 2472 erstere,
1196 2430 1398 2465 sonderlich
1434 2430 1499 2464 auf
1521 2430 1680 2464 Zureden
1716 2431 1777 2465 des
1804 2430 1994 2465 Dom-Pre-

228 2489 349 2533 digers
375 2488 447 2522 und
473 2487 656 2528 Jesuiten,
694 2486 795 2520 Petri
823 2485 975 2527 Canisii,
1012 2484 1090 2519 eine
1117 2484 1198 2518 weit
1226 2483 1419 2518 schiirffere
1447 2483 1735 2524 Closter-Zucht‚
1772 2483 1826 2518 als
1852 2483 1996 2519 bishero

227 2541 464 2586 gewohnlich‚
492 2540 689 2581 efflffihren,
716 2539 788 2573 und
814 2539 920 2573 ihnen
948 2538 1047 2572 nicht
1064 2537 1165 2572 mehr
1184 2539 1366 2581 gestatten
1384 2535 1523 2577 wollen,
1550 2536 1689 2571 durchb
1706 2535 1753 2581 [2³]
1775 2537 1838 2571 das
1857 2537 1997 2572 eiserne

229 2594 348 2629 Gitter
372 2595 439 2628 mit
464 2594 598 2628 andern
625 2593 807 2627 Personen
833 2604 877 2626 zu
903 2592 1030 2633 reden,
1068 2592 1131 2625 das
1158 2590 1254 2631 Rad,
1291 2590 1449 2624 dadurch
1484 2601 1567 2624 man
1594 2589 1733 2624 Sachen
1767 2589 1887 2624 hinein
1922 2590 1993 2625 und

227 2648 358 2682 heraus
393 2647 507 2691 geben
542 2646 633 2688 kan,
678 2657 878 2680 verneuern
912 2645 1051 2686 lassen,
1099 2645 1170 2678 und
1206 2643 1295 2678 noch
1332 2643 1402 2678 ein-
1437 2643 1509 2677 und
1545 2643 1676 2678 andere
1711 2643 1993 2678 beschwerliche

228 2701 369 2745 Reguln
395 2699 650 2735 vorschreiben
677 2699 818 2733 wollen.
869 2698 977 2732 Diese
1005 2697 1118 2732 Sache
1145 2697 1314 2741 gelangte
1341 2708 1448 2741 sogar
1474 2696 1532 2730 fiir
1558 2696 1625 2730 den
1651 2697 1812 2741 Kayser,
1839 2696 1997 2731 welcher

228 2755 321 2789 dann
357 2766 400 2788 zu
426 2753 620 2788 Visitation
655 2752 727 2786 und
755 2751 1000 2785 Reformation
1036 2751 1154 2785 dieses
1182 2750 1339 2784 Closters
1378 2750 1572 2784 besondere
1605 2749 1793 2794 Deputirte
1831 2752 1994 2791 ernannt,

226 2808 299 2842 und
325 2807 404 2841 dem
431 2806 537 2848 Rath,
564 2805 618 2840 als
645 2805 908 2848 Schutz-Vogt,
936 2806 1130 2848 gestattet‚
1159 2803 1437 2846 denenselbigen
1463 2814 1528 2837 aus
1553 2803 1690 2837 seinem
1714 2802 1833 2836 Mitte]
1860 2802 1994 2847 gleich-

227 2861 312 2896 falls
351 2861 468 2904 einige
506 2858 741 2893 zuzuordnen.
792 2857 914 2892 Dux-ch
953 2857 1061 2891 deren
1099 2856 1400 2900 Unterhandlung
1437 2855 1580 2891 endlich
1623 2855 1720 2890 diese
1758 2855 1872 2890 Sache
1914 2867 1993 2890 ver-

227 2913 388 2958 glichen,
425 2913 496 2947 und
523 2924 562 2947 es
587 2923 683 2946 zwar
708 2912 777 2956 bey
804 2911 865 2945 der
891 2910 1029 2944 Priorin
1056 2910 1295 2953 Verordnung
1329 2909 1517 2952 gelassen,
1552 2908 1810 2954 denenjenigen
1839 2908 1992 2944 Closter-

227 2967 368 3001 Frauen
394 2967 489 3008 aber,
516 2977 555 3000 so
581 2965 659 3000 sich
685 2964 873 2999 derselben
895 2963 996 2998 nicht
1015 2963 1265 2997 unterwerffen
1283 2962 1423 3004 wollen,
1450 2963 1530 3007 frey
1549 2962 1716 3006 gelassen
1733 2962 1888 3004 worden,
1915 2962 1993 2996 sich

213 3031 293 3054 aus
320 3021 455 3054 diesem
473 3019 612 3054 Closter
636 3018 673 3052 in
699 3018 756 3052 ein
782 3018 932 3052 anderes
957 3028 1001 3051 zu
1022 3016 1183 3060 begeben
1210 3043 1216 3050 .
1245 3016 1293 3050 Es
1319 3015 1436 3050 haben
1462 3015 1547 3050 aber
1569 3014 1669 3049 nicht
1690 3015 1791 3049 mehr
1809 3015 1863 3049 als
1881 3027 1993 3060 zwey,

347 3164 361 3180 ²³
386 3159 466 3192 Vel:
490 3158 680 3192 Renneria.

347 3211 362 3232 b
388 3213 484 3255 Vide,
511 3222 600 3255 quae
624 3211 688 3245 sub
715 3213 830 3254 ipsam
855 3210 948 3243 hanc
972 3210 1176 3243 relationem
1204 3209 1433 3243 notabuntur.
