2093 3444
573 194 740 238 Augusta
767 192 1034 227 Vindelicorum
1062 192 1093 226 3.
1120 191 1209 225 Maii
1237 191 1339 225 1561.
1768 191 1850 232 131

71 313 207 356 debeo
240 311 552 367 praeiudicare.
599 310 769 352 Vellem
803 311 876 364 agi
908 310 1069 353 rectius
1103 324 1199 351 cum
1232 307 1469 350 Viennensi
1501 308 1704 361 Collegio,
1741 308 1854 361 quod

71 379 164 421 sine
197 378 243 421 P.
277 377 511 420 Lamberto
545 376 711 418 nullum
744 376 877 418 habet
908 375 951 417 in
985 376 1085 418 aula
1118 375 1345 425 Caesarea,
1383 373 1455 427 qui
1488 373 1651 426 aliquid
1685 373 1854 428 publice

73 446 322 499 praestare,
365 441 625 496 praesertim
658 441 701 482 in
734 441 912 492 scholis,
955 455 1083 495 posse
1125 440 1338 482 uideatur.
1403 439 1565 492 Jtaque
1600 441 1741 481 totum
1774 439 1855 481 hoc

72 509 297 563 negotium
331 507 503 550 diuinae
536 507 851 561 prouidentiae,
888 510 932 550 ot
965 505 1180 549 uoluntati
1211 506 1261 549 R.
1285 505 1333 548 T.
1369 504 1637 547 committam
1671 504 1857 547 fidenter

72 588 126 617 ac
148 587 312 625 secure,
347 572 650 626 Christumque
673 573 851 625 rogabo,
887 576 933 614 ut
971 571 1107 626 ipsius
1129 571 1297 624 gloriae
1321 571 1371 613 D.
1396 570 1656 612 Lambertus
1689 569 1760 611 ubi
1784 569 1854 611 ubi

72 640 145 691 sit,
178 639 368 681 maxime
399 638 625 681 inseruiat.
670 637 882 679 Audimus
914 637 1034 679 illum
1068 652 1093 679 a
1115 635 1495 678 Reuerendissimo
1527 635 1695 688 Legato
1728 635 1856 677 ualde

74 705 214 748 amari
247 707 292 747 et
324 704 630 758 commendari,
664 706 755 745 tum
791 702 971 745 subinde
1005 717 1101 744 cum
1124 701 1357 744 haereticis
1389 700 1603 743 foeliciter
1625 700 1854 742 admodum

74 784 171 813 esse
205 784 486 824 congressum
504 771 532 820 1,
566 771 799 824 praeterea
822 768 1024 810 Coloniae
1058 768 1179 809 illum
1211 782 1289 821 pro
1322 766 1483 809 nostris
1505 780 1681 808 00000111
1715 765 1857 818 egisse

74 836 191 890 apud
225 834 608 890 Archiepiscopum
643 837 687 876 et
720 837 918 876 senatum
954 832 1123 887 collegij
1158 831 1424 887 prouehendi
1457 845 1590 874 causa
1604 833 1634 874 2.
1694 831 1855 873 Verum

75 901 180 943 nihil
224 902 295 943 ille
337 901 381 942 in
421 901 503 942 hac
536 903 632 942 tota
674 899 944 954 profectione
986 913 1064 941 sua
1098 898 1216 940 dedit
1249 898 1304 940 ad
1346 911 1426 940 me.
1492 897 1590 939 Non
1628 911 1858 951 possumus

75 966 409 1009 Treuirensibus
442 965 653 1008 fratribus
686 965 729 1006 in
763 965 934 1006 domino
968 979 1053 1006 non
1086 964 1322 1017 gratularj‚
1365 963 1478 1016 quod
1510 962 1720 1005 maiorem
1753 976 1858 1004 sane

75 1046 326 1075 successum
359 1031 538 1086 Collegij
573 1031 616 1073 in
649 1030 767 1072 hisce
800 1029 1048 1084 primordijs
1082 1029 1386 1084 experiantur,
1428 1042 1556 1081 quam
1591 1042 1669 1070 nos
1700 1028 1744 1069 in
1776 1028 1858 1070 hac

77 1098 310 1140 Prouincia
341 1100 437 1140 tota
470 1097 638 1151 experti
673 1110 862 1150 unquam
897 1095 1068 1138 fuimus.

198 1163 326 1206 Nunc
368 1163 420 1205 de
452 1162 722 1217 profectione
763 1175 862 1203 mea
893 1161 960 1202 his
993 1161 1143 1202 diebus
1184 1163 1388 1214 suscepta
1424 1159 1577 1202 dicam.
1642 1157 1857 1213 Monachij

77 1231 119 1272 5.
153 1232 231 1271 aut
264 1231 317 1272 .6.
352 1228 502 1271 diebus
543 1230 717 1270 nostros
749 1227 900 1277 inuisi,
944 1227 1163 1269 rediturus
1205 1226 1259 1268 ad
1301 1226 1397 1267 illos
1430 1225 1694 1267 uisitationis
1728 1238 1860 1266 causa

77 1297 125 1337 01
156 1309 387 1336 1110000100
420 1294 581 1337 (1101100
614 1293 650 1335 01
684 1293 893 1335 Dominus
926 1292 1127 1334 uoluerit.
1191 1292 1320 1346 Apud
1352 1291 1597 1345 Principem
1631 1290 1774 1344 effecj,
1811 1292 1861 1332 ut

79 1360 351 1402 consenserit
393 1362 567 1401 nostros
609 1359 663 1401 ad
707 1358 928 1401 custodias
969 1358 1165 1412 publicas
1207 1360 1251 1400 et
1292 1357 1347 1399 ad
1388 1370 1603 1411 pauperes
1643 1356 1686 1397 in
1724 1369 1860 1397 Xeno-

78 1425 245 1480 dochijs
277 1425 526 1467 inuisendos
560 1424 805 1468 admittere.
869 1424 1062 1466 Jnuenta
1104 1426 1172 1465 est
1205 1426 1249 1465 et
1280 1422 1394 1465 ratio
1436 1423 1694 1464 ornamenta
1726 1420 1861 1463 sacri—

77 1490 311 1534 ficantibus
343 1490 591 1533 necessaria
625 1489 904 1543 conquirendi
921 1490 949 1532 3.
994 1488 1211 1531 ἱ1001111110
1234 1502 1404 1542 quoque
1426 1487 1555 1529 lectio
1580 1486 1858 1529 catechistica

79 1556 123 1599 in
146 1556 337 1610 gratiam
360 1556 545 1599 rudioris
572 1556 718 1611 populj
737 1556 765 1598 4.
813 1555 1049 1597 Praeterea
1082 1554 1331 1596 conclusum
1364 1555 1431 1595 est
1464 1553 1516 1595 de
1539 1552 1721 1605 collegio
1754 1566 1862 1606 pau-

79 1635 231 1677 perum
264 1622 500 1672 fundando,
536 1622 649 1675 quod
682 1621 737 1663 ad
764 1621 957 1663 scholam
981 1619 1303 1674 prouehendam
1326 1619 1512 1661 multum
1544 1618 1750 1660 momenti
1784 1617 1861 1659 ad-

79 1687 194 1730 feret
210 1689 238 1731 5.
304 1686 510 1730 Promisit
543 1687 713 1729 demum
748 1689 792 1729 et
825 1685 1150 1728 Cancellarius6
1184 1699 1229 1727 se
1263 1687 1535 1734 curaturum,
1572 1687 1621 1726 ut
1653 1684 1862 1725 ambobus

79 1753 286 1808 Collegijs
308 1753 534 1796 Bauaricis
558 1753 610 1795 de
635 1752 767 1795 certis
790 1752 1073 1806 prouentibus
1096 1751 1391 1805 prouideatur.
1433 1749 1632 1804 Suscepit
1651 1750 1696 1791 P.
1720 1749 1862 1791 Theo-

80 1819 212 1861 dorus
229 1820 245 1846 7
271 1819 539 1874 prouinciam
564 1818 764 1861 uertendi
788 1817 1016 1860 concilium
1039 1817 1317 1871 Ephesimm,
1353 1815 1714 1869 quemadmodum
1739 1814 1862 1856 Prin-

79 1898 183 1939 ceps
217 1884 270 1927 ab
304 1898 354 1927 eo
376 1884 615 1938 fiagitauit:
653 1884 769 1926 nacti
804 1897 952 1925 sumus
975 1882 1146 1924 codices
1179 1882 1222 1923 in
1255 1882 1409 1935 quibus
1442 1896 1525 1923 non
1550 1881 1728 1922 minima
1760 1895 1862 1934 pars

78 1949 196 1992 illius
230 1950 398 2005 concilij
432 1949 568 1993 latine
601 1950 806 1993 traducta
839 1948 1055 2003 reperitur
1070 1950 1098 1991 S.
1157 1947 1345 1990 Difficile
1378 1946 1461 1989 fuit
1493 1947 1651 1988 bonum
1686 1946 1859 1988 Patrem

80 2015 138 2057 ad
169 2016 250 2057 hoc
283 2015 604 2070 suscipiendum
638 2030 746 2057 onus
778 2015 994 2064 inducere,
1030 2013 1107 2055 sed
1138 2027 1218 2055 nos
1251 2016 1455 2055 conatum
1484 2015 1657 2055 tantum
1690 2026 1715 2053 a
1738 2011 1862 2053 Prin-

80 2081 178 2136 cipe
210 2081 424 2136 postulari
457 2081 666 2123 diximus:
702 2080 807 2122 nihil
841 2080 892 2121 de
927 2079 1092 2121 edendo
1115 2079 1347 2121 sollicitum
1382 2092 1477 2120 esse
1499 2092 1612 2119 nunc
1647 2079 1861 2131 oportere,

206 2224 216 2244 ¹
244 2224 425 2269 Imprimis
440 2224 597 2258 Berolini
617 2236 698 2259 cuin
714 2224 885 2258 Ioachimi
902 2224 945 2258 II.
963 2224 1128 2258 electoris
1143 2222 1499 2266 brandenburgensis
1517 2221 1697 2266 theologis
1711 2221 1863 2255 Franco—

81 2277 181 2312 furto
208 2278 253 2312 ad
280 2277 456 2312 Viadrum
483 2278 644 2312 evocatis
670 2278 831 2312 Auerum
869 2277 1086 2323 compluries
1122 2277 1329 2322 disputasse
1366 2288 1411 2310 ex
1438 2275 1693 2310 Commendoni
1730 2275 1863 2309 litteris

83 2330 197 2365 refert
224 2332 424 2366 Sacchinzcs
453 2331 564 2374 (Hist.
593 2332 626 2366 S.
656 2332 689 2366 J.
717 2332 770 2374 ΙΙ,
796 2332 818 2366 l.
848 2333 888 2371 5,
915 2343 948 2366 n.
980 2332 1076 2374 178).
1128 2331 1167 2365 Id
1195 2331 1289 2375 quod
1317 2330 1474 2375 epistula
1500 2329 1700 2364 Brunsvico
1728 2329 1783 2363 27.
1812 2329 1863 2362 Ia-

84 2384 200 2418 nuarii
229 2384 320 2419 1562
347 2386 433 2419 data
459 2385 702 2425 confirmatur,
731 2397 802 2430 qua
829 2387 1015 2420 Martinus
1032 2387 1243 2419 Kemm'cius
1268 2384 1481 2418 lutheranus
1510 2383 1748 2426 „Theologiae
1767 2382 1862 2416 Iesu-

84 2437 244 2472 vitarum
270 2438 465 2484 praecipua
492 2439 632 2484 capita“
666 2439 825 2484 (Lipsiae
852 2451 882 2473 a.
913 2439 1004 2474 1563
1032 2438 1144 2482 edita)
1174 2438 1354 2473 Ioachimo
1381 2437 1580 2478 dedicavit;
1617 2437 1744 2471 scribit
1770 2436 1862 2470 enim

84 2491 315 2526 Kemnicius:
347 2493 471 2534 „Anno
496 2493 736 2538 praecedente
765 2493 857 2527 Cels.
885 2493 927 2527 V.
956 2493 1062 2527 huius
1089 2494 1211 2527 000100
1240 2490 1510 2536 [lesuvitarum]
1537 2490 1717 2525 hominem
1745 2501 1862 2524 coram

83 2545 226 2579 audivit
243 2546 491 2580 crassissimas
509 2558 672 2591 quasque
691 2546 871 2580 Pontificii
890 2546 993 2590 regni
1011 2546 1296 2581 abominationes
1316 2545 1542 2590 impudenter
1561 2545 1772 2578 defendere“
1797 2545 1863 2578 etc.

88 2598 128 2642 (1.
155 2610 185 2633 c.
212 2599 237 2633 f.
265 2599 378 2643 A5a).

207 2651 220 2672 2
247 2651 534 2687 Commendonus
561 2664 603 2687 ea
630 2653 672 2687 de
699 2665 737 2687 re
773 2665 896 2687 mense
924 2652 1038 2698 Aprili
1067 2653 1156 2687 1561
1186 2652 1311 2686 Brielii
1340 2651 1486 2694 (Brnhl,
1526 2663 1635 2696 prope
1663 2649 1862 2694 Coloniam)

84 2716 167 2739 cum
194 2705 412 2740 Mansfeldio
438 2705 707 2751 archiepiscopo
741 2708 777 2740 et
804 2705 972 2740 Coloniae
1005 2718 1084 2741 cum
1114 2706 1307 2741 Godefrido
1333 2705 1474 2739 Hittorf
1500 2705 1677 2749 (Hittorp)
1719 2704 1865 2738 consule

85 2758 164 2802 egit
191 2758 356 2802 (Hansen
381 2759 404 2794 l.
433 2771 462 2793 c.
488 2771 522 2804 p.
550 2759 767 2803 387—388).

209 2813 221 2832 ³
246 2812 299 2846 De
326 2812 394 2847 hac
419 2812 560 2847 ratione
586 2813 669 2847 vide
696 2813 800 2855 infra,
828 2825 984 2848 monum.
1012 2813 1092 2848 304.

209 2867 222 2886 ‘¹
248 2865 300 2900 De
335 2866 403 2900 hac
437 2865 592 2900 lectione
630 2866 666 2900 in
702 2867 835 2900 sacello
863 2866 896 2900 S.
925 2866 1065 2900 Nicolai
1096 2866 1266 2900 instituta
1298 2866 1380 2899 vide
1411 2866 1497 2899 Can.
1526 2865 1615 2910 Epp.
1643 2865 1695 2906 Π,
1723 2865 1792 2899 873
1819 2865 1865 2898 ad

211 2973 223 2992 ⁵
248 2973 354 3006 Anno
383 2973 475 3007 1574
500 2972 694 3016 collegium
720 2972 787 3007 hoc
813 2973 891 3007 sive
917 2973 1171 3014 seminarium,
1199 2973 1289 3017 quod
1318 2984 1412 3006 nunc
1439 2982 1580 3015 quoque
1607 2973 1747 3013 exstat,
1785 2983 1864 3005 000-

89 3024 202 3059 ditum
231 3027 288 3060 est
307 3025 365 3070 (B.
386 3027 597 3069 Stubenvoll,
625 3026 844 3061 Geschichte
871 3027 933 3060 des
952 3026 1097 3069 Konigl.
1118 3025 1555 3069 Erziehungs-Jnstitutes
1575 3025 1632 3059 fiir
1651 3024 1866 3060 Studirende

88 3077 127 3112 in
152 3078 335 3113 Mfinchen
364 3079 558 3122 [Mfinchen
587 3079 692 3124 1874]
719 3092 752 3124 p.
780 3079 925 3123 8—11).
1050 3081 1063 3099 ⁶
1089 3079 1212 3114 Simon
1237 3079 1453 3113 Thaddaeus
1480 3078 1625 3113 Eckius.

212 3133 225 3152 ⁷
250 3132 434 3175 Peltanus,
461 3134 626 3167 veterum
652 3133 858 3176 linguarum
885 3133 1148 3178 peritissimus;
1176 3133 1219 3167 cf.
1250 3133 1337 3166 Can.
1365 3131 1453 3177 Epp.
1481 3131 1523 3174 ΙΙ,
1552 3132 1620 3166 382
1631 3132 1654 3166 ³.

212 3185 225 3205 S
250 3184 343 3220 Vide
369 3197 461 3230 quae
487 3186 554 3221 sub
581 3186 680 3231 ipsas
705 3185 772 3220 has
798 3186 941 3221 litteras
969 3186 1143 3221 dicentur.

1539 3246 1588 3277 9*
