2093 3444
178 183 228 221 12
375 178 455 212 503.
492 176 658 211 Canisius
687 177 811 211 Iacobo
837 176 973 211 Lainio.
1015 177 1183 220 Augusta
1208 176 1351 212 Vindel.
1380 177 1433 212 11.
1461 178 1618 212 Ianuarii
1647 179 1746 213 1561.

171 295 385 350 pontificis
408 295 639 337 Consilium
673 294 861 347 maligne
893 293 1172 347 interpretari
1205 308 1368 347 suoque
1400 309 1518 336 more
1546 295 1811 339 calumniari.
1854 297 1937 339 Po—

169 361 382 403 tissimum
423 363 628 402 verentur
660 359 905 402 Catholieos
946 359 1225 409 monarchas,
1270 372 1375 411 quos
1418 360 1658 403 coniunctis
1699 361 1852 404 animis
1894 365 1938 405 et

170 426 324 480 studijs
366 426 409 466 in
448 425 667 478 Synodum
710 424 956 478 conspirare
998 423 1147 465 vident
1185 437 1236 465 ac
1277 424 1444 475 dolent,
1488 425 1608 475 uelut
1648 426 1729 468 hac
1768 427 1937 470 ratione

169 505 254 532 non
286 491 412 532 modo
446 493 572 532 vetus
605 489 755 542 religio
789 489 1013 543 praeclare
1043 488 1300 537 confirmari,
1335 490 1618 532 verumetiam
1653 505 1764 533 noua
1788 492 1937 534 Secta-

168 556 329 597 riorum
362 555 505 597 studia
537 555 709 597 retundi
742 557 873 607 atque
907 553 1130 607 profligari
1162 553 1341 607 possint.

191 671 193 673 ,
287 625 514 679 Augustae
547 640 705 678 magno
739 625 962 667 commodo
984 625 1106 666 fuere
1139 624 1235 678 piae
1269 628 1312 667 et
1334 625 1531 679 publicae
1554 626 1935 681 Supplicationes³,

170 705 276 744 quas
309 706 386 745 pro
420 691 592 744 synodo
626 693 669 732 et
702 704 807 744 pace
840 689 1079 744 principum
1120 689 1287 732 institui
1320 689 1524 732 Pontifex
1555 691 1681 734 iussit
1697 694 1724 734 ¹.
1788 692 1936 735 Multis

169 756 280 797 enim
324 756 477 798 abhinc
520 755 643 797 annis
682 755 819 797 maior
859 754 1076 796 hominum
1119 757 1210 797 tum
1253 755 1306 796 ad
1349 756 1707 809 comprecandum
1748 759 1839 800 tum
1881 757 1937 799 ad

169 821 419 875 accipienda
453 822 733 863 Sacramenta
775 835 978 862 numerus
1012 822 1209 874 repertus
1242 834 1326 861 non
1360 823 1447 862 est:
1490 820 1599 862 mira
1641 822 1836 864 omnibus
1868 836 1936 864 re-

168 886 270 940 ligio
305 890 348 929 et
379 887 556 928 insolita
589 886 800 940 quaedam
833 886 877 927 in
909 886 1071 939 templo
1104 885 1245 939 pietas
1278 885 1519 928 videbatur.

288 958 555 1000 Moscouitae
596 958 639 999 in
671 956 851 999 Liuonia
893 956 1144 1010 occupanda
1186 956 1404 1010 progressi
1447 956 1668 1007 dicuntur,
1710 960 1837 1000 tanta
1871 961 1937 1001 est

166 1023 337 1064 illorum
362 1037 412 1065 ac
438 1023 721 1065 Tartarei-um
757 1022 1002 1066 crudelitas,
1038 1024 1085 1064 vt
1108 1021 1325 1063 Mamillas
1358 1021 1614 1064 feminarum
1647 1023 1936 1065 exscindendo

167 1091 210 1130 et
242 1088 470 1130 infantium
501 1088 660 1130 Carnes
694 1087 941 1129 deuorando
975 1101 1096 1128 suam
1131 1087 1337 1140 expleant
1370 1087 1684 1130 crudelitatem.
1728 1088 1936 1142 Princeps

168 1153 537 1195 1110300111101111112
570 1168 595 1195 a
622 1154 806 1195 Caesare
839 1152 1039 1202 monitus,
1076 1152 1127 1193 de
1160 1152 1349 1204 antiquis
1382 1152 1612 1203 federibus,
1646 1153 1843 1206 grauiter
1873 1153 1935 1195 illi

168 1219 413 1272 respondit,
469 1233 544 1260 cur
587 1218 937 1261 Lituoniensibus
987 1216 1086 1271 [sic]
1140 1231 1218 1259 nec
1271 1217 1378 1260 velit
1430 1231 1507 1259 nec
1559 1218 1697 1272 possit
1741 1233 1933 1273 parcere,

168 1286 398 1337 postquam
442 1284 499 1338 hij
548 1282 647 1338 [sic]
694 1284 785 1325 Deo
832 1286 876 1325 et
920 1282 1143 1324 Ecclesiae
1189 1283 1335 1325 datam
1383 1282 1537 1324 fidem‘'
1591 1283 1832 1335 violarunt,
1884 1298 1935 1326 ac

167 1348 544 1391 Lutheranismum
590 1348 779 1403 amplexi
825 1351 925 1391 sunt
970 1350 1096 1390 tanta
1139 1347 1386 1402 impietate,
1439 1352 1488 1390 vt
1533 1349 1697 1402 templa
1748 1349 1934 1403 propha-

168 1427 293 1464 nare,
340 1429 440 1456 aras
482 1418 701 1465 euertere,
748 1428 898 1456 sacras
938 1413 1147 1466 imagines
1190 1413 1406 1463 demoliri,
1452 1427 1708 1466 omnemque
1740 1417 1934 1456 veterem

167 1479 420 1532 religionem
469 1483 512 1522 et
555 1479 598 1521 in
643 1479 778 1522 saeris
822 1478 1111 1521 reuerentiam
1157 1478 1342 1533 abijcere
1387 1481 1518 1532 atque
1562 1479 1815 1521 conculcare
1848 1494 1934 1522 non

169 1544 463 1588 dubitauerint
479 1546 506 1588 3.

283 1616 450 1669 <Ingens
490 1619 630 1658 metus
673 1619 740 1658 est
774 1615 993 1669 Hungaris
1034 1618 1078 1657 et
1110 1615 1340 1657 austriacis
1382 1615 1436 1657 ab
1468 1615 1744 1669 impendente
1777 1616 1931 1667 Τ11Γο0,

166 1680 237 1733 (1111
271 1681 324 1722 0(1
357 1696 456 1723 acre
488 1682 646 1723 bellum
680 1696 726 1723 se
749 1695 934 1734 suosque
967 1694 1115 1722 rursus
1148 1683 1267 1722 terra
1290 1680 1483 1733 marique
1514 1680 1730 1723 instruere
1763 1681 1931 1724 dicitur.

167 1746 201 1788 O
243 1746 445 1788 miseram
487 1750 531 1789 et
570 1747 814 1789 infaelicem
849 1746 1145 1796 Germaniam,
1193 1745 1227 1787 si
1270 1760 1352 1787 vno
1396 1746 1631 1799 eodemque
1670 1748 1866 1800 tempore
1907 1760 1933 1789 a

166 1812 438 1873 Moscouitis,
481 1812 701 1863 Tartaris‚
745 1812 895 1854 Turcis
938 1814 981 1854 et
1013 1811 1216 1854 hereticis
1256 1811 1477 1865 impetita,
1519 1813 1671 1864 totque
1708 1811 1844 1853 modis
1877 1810 1932 1854 ad

164 1877 476 1931 poenitentiam
511 1878 705 1920 excitata
746 1892 841 1919 non
883 1877 1122 1930 agnoscit
1162 1879 1365 1930 tempus
1403 1876 1774 1919 visitationis4.
1838 1877 1932 1919 Nec

166 1942 321 1984 desunt
343 1942 534 1985 infausta
557 1943 767 1996 quaedam
791 1942 945 1992 omina,
980 1942 1078 1983 dum
1103 1942 1203 1984 alibi
1227 1944 1450 1984 eructatus
1471 1941 1641 1995 gladius
1664 1944 1712 1984 vt
1734 1941 1932 1985 audimus

166 2007 292 2049 Caelo
326 2008 442 2050 claro
476 2008 687 2059 cernitur,
727 2011 771 2050 et
803 2010 1063 2050 terremotus
1095 2008 1224 2057 fiunt,
1268 2007 1369 2048 alibi
1403 2007 1746 2050 corruscationes
1777 2006 1931 2060 igneae

165 2087 289 2114 31111111
333 2077 495 2116 metum
541 2076 585 2115 et
626 2073 847 2115 horrorem
889 2072 1093 2114 adferunt
1133 2072 1445 2127 spectantibus,
1518 2072 1604 2115 Sit
1647 2072 1931 2126 propitius

165 2138 416 2192 peccatis
448 2138 694 2181 nostris5
725 2139 855 2187 Deus,
891 2141 933 2180 et
956 2138 1134 2180 meritas
1157 2137 1330 2179 illorum
1351 2151 1485 2192 penas
1518 2139 1694 2179 auertat
1725 2137 1931 2181 restituta

166 2203 391 2245 Germanis
434 2204 627 2257 adeoque
668 2203 747 2246 toti
781 2203 983 2258 Europae
1025 2206 1070 2246 et
1111 2202 1200 2245 orbi
1245 2202 1473 2244 concordia
1514 2201 1757 2255 religionis,
1801 2216 1930 2256 quam

165 2271 282 2310 certe
325 2283 402 2323 per
435 2269 675 2323 Synodum,
719 2272 763 2312 et
803 2269 919 2323 pium
952 2268 1036 2310 IIII
1068 2268 1202 2323 ponti.
1236 2267 1352 2310 Max.
1395 2267 1496 2309 boni
1537 2281 1685 2309 omnes
1726 2267 1931 2310 ardenter

164 2337 411 2388 expectant,
447 2337 490 2377 et
522 2334 722 2376 summis⁰
755 2348 779 2376 a
803 2335 894 2376 Deo
927 2334 1042 2376 votis
1075 2333 1244 2388 precari
1278 2347 1426 2375 omnes
1459 2332 1676 2375 debemus,
1719 2332 1928 2375 ι1011110110

163 2399 325 2442 Mense.
392 2401 517 2441 1561.

280 2497 426 2532 Lainius
452 2498 508 2531 24.
536 2497 718 2531 Februarii
749 2497 838 2531 1560
864 2497 1026 2531 omnibus
1053 2496 1223 2530 Societati
1250 2496 1331 2530 lesu
1357 2507 1421 2541 per
1447 2494 1676 2530 Germaniam
1710 2496 1746 2529 et
1772 2494 1927 2529 Galliam

163 2551 376 2595 praepositis
402 2553 645 2596 praeceperat,
673 2553 711 2585 ut
738 2550 780 2584 de
806 2550 913 2585 rebus
938 2550 1123 2593 religionis
1148 2549 1300 2593 singulis
1325 2549 1508 2583 mensibus
1534 2548 1578 2582 ad
1605 2559 1642 2582 se
1667 2547 1862 2589 referrent3
1888 2559 1927 2582 se

283 2701 296 2716 ³
323 2698 355 2730 A
380 2697 427 2730 K.
455 2701 650 2730 correctum
676 2708 719 2730 eac
743 2695 1002 2741 processiones.

281 2749 296 2770 b
324 2750 494 2793 Sequitur
510 2750 715 2783 vocabulum
734 2761 755 2782 α
769 2750 816 2783 K.
834 2750 922 2793 ipso,
940 2753 980 2782 ut
996 2749 1144 2789 ridetur,
1164 2748 1412 2791 oblitteratum,
1435 2747 1529 2790 quod
1546 2747 1618 2780 iam
1635 2746 1702 2790 Zeyi
1719 2757 1788 2780 non
1801 2750 1925 2789 potest.

282 2808 293 2823 ⁰
319 2802 432 2837 sumis
458 2803 505 2836 K.

285 2942 294 2962 ¹
322 2941 413 2975 Vide
439 2952 549 2986 supra
575 2952 608 2986 p.
637 2941 668 2975 3.
768 2941 781 2961 2
806 2940 940 2974 Ivanus
966 2940 1039 2980 IV.‚
1066 2939 1265 2974 Russorum
1291 2939 1497 2983 imperator.

284 2995 298 3015 ³
323 2994 376 3028 De
401 2993 619 3037 imaginibus
644 2992 711 3027 Dei
737 2995 773 3027 et
798 2994 1001 3027 sanctorum
1030 2992 1107 3026 eius
1133 2992 1265 3035 Rigae,
1291 2990 1442 3036 Dorpati
1468 2992 1534 3024 etc.
1561 3000 1698 3024 eversis
1724 2987 1923 3032 deletisque

166 3048 203 3080 et
227 3047 269 3080 de
294 3047 473 3081 similibus
499 3047 606 3081 factis
631 3047 743 3080 refert
774 3047 836 3080 Th.
866 3046 1099 3089 Schiemann,
1133 3044 1334 3085 Russland,
1369 3043 1481 3078 Polen
1508 3042 1579 3076 und
1604 3041 1756 3076 Livland
1783 3041 1837 3075 bis
1867 3041 1923 3075 ins

167 3099 221 3134 17.
248 3099 493 3134 Jahrhundert
519 3100 550 3133 ll
580 3099 716 3143 (Berlin
746 3099 865 3142 1887),
892 3099 971 3132 209.

227 3174 228 3177 =
285 3155 296 3172 ⁴
324 3151 408 3186 Luc.
438 3153 491 3194 19,
516 3153 573 3186 44.
673 3153 686 3172 ⁵
712 3152 770 3186 Ps.
798 3152 853 3192 78,
880 3152 920 3192 9;
947 3151 968 3184 2
995 3150 1076 3184 Par.
1103 3151 1133 3190 7,
1163 3151 1216 3184 14.

2064 544 2067 545 ¹
2059 290 2079 525 ›·÷“q⁵9—BSPqu-ae*-
2061 202 2072 282 ωψ-
