2093 3444
232 192 317 234 456
607 190 686 224 694.
725 189 892 224 Canisius
918 189 1020 224 Socio
1046 190 1153 225 alicui
1178 191 1215 225 in
1242 190 1434 236 Germania
1460 193 1616 237 degenti.

232 307 523 362 quadraginta
564 307 685 349 breui
717 309 946 357 uenturos,
991 308 1059 348 EX
1091 307 1228 350 Jtalia
1269 308 1451 351 totidem
1491 312 1803 365 propemodum
1845 327 2002 367 expec-

230 376 383 416 tantur
414 375 589 427 praeter
620 372 800 425 AngIOS,
840 371 912 425 qui
945 372 1081 414 Gallis
1112 373 1373 426 promittunt
1405 388 1501 417 sese
1533 376 1760 419 adfuturos
1792 377 2002 422 Tridenti.

231 438 453 488 Breuiter,
498 437 580 480 etsi
622 451 691 479 res
723 437 844 479 initio
883 438 1115 491 desperata
1156 438 1399 489 uideretur,
1442 440 1696 485 admiranda
1727 442 1808 485 Dei
1839 443 2003 487 virtute

231 503 371 546 coacti
402 505 470 545 tot
502 505 672 556 patreS,
715 505 925 555 tantoque
966 503 1207 557 principum
1242 517 1455 547 consensu
1487 506 1659 550 firmata
1691 508 1853 562 Synodi
1885 509 2003 563 prin-

232 569 356 623 cipia,
391 571 440 610 ut
462 568 682 622 sapientes
711 567 896 621 ingenue
919 568 1154 619 fateantur,
1189 568 1227 610 A
1260 569 1477 612 domino
1510 571 1702 614 factum
1736 576 1814 616 est
1846 573 2000 626 istud,

233 638 287 678 et
319 637 404 677 est
444 633 702 675 mirabile
742 633 794 674 in
833 633 1010 675 oculis
1051 634 1312 677 nostris1.
1374 635 1475 677 Vidi
1508 650 1653 679 coram
1689 652 1769 691 ego
1801 639 2002 692 ingentes

233 700 359 753 obijci
402 699 705 743 difficultates.
749 698 825 740 sed
867 712 974 751 quas
1015 699 1149 741 uertit
1190 699 1400 742 assistens
1441 701 1663 744 Ecclesiae
1703 707 2004 758 propugnator

232 765 429 808 Christus
469 764 513 805 in
545 764 684 806 laetos
717 763 873 806 exitus,
937 764 1036 806 Non
1077 767 1223 818 potest
1259 765 1413 807 mulier
1454 766 1669 810 foeliciter
1700 782 1876 823 parere,
1919 769 2003 812 nisi

232 830 551 885 parturientesa
575 827 633 883 [2]
659 843 845 882 angores
868 832 913 871 et
934 829 1123 882 gemitus
1145 830 1413 884 praecedant
1428 832 1456 874 2.
1507 832 1647 875 Hodie
1669 834 1804 876 sessio
1826 838 2002 888 patrum

232 896 453 938 celebrata
479 897 559 941 est,
594 894 725 948 digna
749 897 949 948 spectatu
973 897 1105 945 certe,
1140 895 1231 936 siue
1253 896 1566 949 pulcherrimas
1589 902 1632 941 et
1654 899 1870 953 pijssimas
1893 899 2002 942 ceri-

231 960 411 1010 monias,
446 960 538 1001 siue
561 960 805 1001 orationum
828 959 1092 1013 grauitatem
1115 974 1165 1002 ac
1188 961 1393 1014 pondera,
1421 962 1512 1004 siue
1534 977 1818 1017 personarum
1841 964 2001 1007 utrius-

232 1040 314 1079 que
347 1028 489 1068 status
521 1025 796 1068 maiestatem
830 1027 874 1067 et
907 1024 1107 1067 ordinesb
1130 1024 1190 1080 [Ρ]
1226 1026 1546 1069 consideremus
1563 1030 1591 1071 3.
1636 1029 1863 1072 Praelecta
1891 1044 2001 1083 quae

231 1091 423 1145 Heluetij
447 1093 491 1132 et
515 1090 627 1132 Galli
650 1105 726 1144 per
748 1104 848 1132 suos
870 1090 1061 1143 Legatos
1083 1090 1305 1141 miserant,
1330 1106 1499 1134 omnem
1522 1094 1687 1147 synodo
1709 1095 2000 1138 reuerentiam

232 1160 277 1199 et
318 1156 607 1199 obedientiam
652 1155 919 1205 deferentes,
966 1156 1236 1210 Responsum
1279 1159 1347 1199 est
1390 1158 1583 1212 utrisque
1627 1159 1789 1214 Synodi
1829 1160 2001 1203 nomine

231 1223 375 1277 palam
419 1225 462 1264 et
505 1222 784 1275 elegante1·4,
827 1221 1068 1263 Jnstitutus
1110 1224 1153 1263 et
1193 1222 1439 1276 publicatus
1481 1225 1608 1275 ordo,
1655 1239 1780 1278 quem
1819 1226 2001 1280 posthac

350 1351 363 1365 ³
392 1346 452 1379 Sir·
477 1356 560 1388 ap.;
584 1345 643 1378 secl
668 1345 790 1377 malim
817 1345 948 1387 leym-e.-
975 1344 1221 1389 parturientis.
1320 1345 1335 1364 ¹³
1362 1346 1445 1388 Sz'c,·
1470 1346 1662 1380 ordinem?

233 1469 368 1512 Sermo,
395 1468 562 1512 episcopo
589 1467 892 1507 castellanatensi,
919 1467 996 1501 loco
1023 1468 1153 1511 Angeli
1180 1467 1383 1502 Massarelli
1410 1469 1633 1511 aegrotantis
1660 1471 1894 1505 secretarium
1920 1483 2000 1506 con-

232 1521 304 1556 cilii
339 1523 425 1555 tunc
461 1523 590 1564 agente
618 1520 853 1564 [Pallavicino
879 1521 901 1554 l.
929 1532 958 1555 c.
990 1521 1012 1555 l.
1043 1523 1104 1562 16,
1141 1534 1169 1556 c.
1200 1522 1261 1563 12,
1298 1534 1331 1556 n.
1359 1522 1398 1562 9;
1437 1522 1677 1557 Summarium
1704 1525 1871 1568 Musotti,
1907 1524 2001 1569 apud

232 1576 429 1618 Db'llinyer,
456 1573 623 1608 Berichte
651 1574 693 1614 H,
724 1573 801 1618 16],
841 1574 1044 1619 conscripta
1071 1586 1149 1608 esse
1176 1574 1360 1619 videntur)
1389 1575 1477 1610 haec
1504 1578 1606 1611 sunt:
1646 1576 1823 1619 Sessioni‚
1858 1579 2003 1622 praeter

232 1628 453 1665 cardinales,
490 1627 697 1661 interfuisse.
725 1628 745 1661 2
772 1627 1016 1672 patriarchas,
1055 1628 1098 1662 18
1126 1628 1424 1674 archiepiscopos,
1455 1629 1520 1663 137
1549 1630 1756 1675 episcopos,
1793 1631 1814 1664 2
1841 1631 2001 1671 abbates,

231 1683 253 1717 4
285 1681 491 1725 „generales
518 1680 715 1721 ordinum“‚
745 1682 784 1715 11
818 1684 998 1723 ‚oratores
1025 1681 1260 1727 principum“‚
1296 1682 1341 1715 28
1372 1695 1420 1725 „s.
1447 1682 1650 1727 theologiae
1678 1683 1841 1718 doctores
1868 1686 1904 1718 et
1929 1695 2002 1718 ma-

233 1736 366 1779 gistros
392 1737 467 1768 tam
493 1734 698 1769 saeculares
725 1747 832 1779 quam
860 1735 1064 1779 regulares⁴‘
1099 1735 1164 1777 (ita
1191 1736 1335 1780 quidem
1360 1737 1523 1781 Theiner,
1550 1737 1643 1771 Acta
1669 1737 1713 1778 ΙΙ,
1740 1736 1789 1781 2).
1833 1737 2001 1772 Fortasse

233 1791 353 1824 autem
390 1788 591 1833 complures
627 1800 672 1822 ex
707 1788 885 1833 episcopis
912 1788 1073 1822 Tridenti
1108 1791 1194 1822 tunc
1220 1789 1444 1823 morantibus
1482 1789 1539 1824 vel
1567 1790 1707 1831 morbo,
1744 1790 1838 1824 sicut
1863 1791 2000 1825 Massa-

232 1843 344 1877 rellus
373 1842 578 1887 (episcopus
605 1841 793 1885 telesinus)
823 1846 858 1875 ct
885 1841 1077 1876 cardinalis
1105 1842 1323 1877 Mantuanus
1353 1841 1491 1884 (Diaria
1520 1843 1650 1877 ΡῙιοῖαι1
1675 1846 1710 1878 et
1738 1845 1874 1878 Ficlert'
1907 1844 2001 1889 apud

233 1896 395 1930 Illartbne
420 1895 441 1929 l.
470 1908 498 1929 c.
526 1895 622 1935 VIH,
652 1895 741 1929 1265
769 1898 804 1929 et
831 1897 881 1929 Le
907 1896 987 1929 Plat
1014 1895 1036 1929 l.
1065 1907 1093 1930 c.
1121 1895 1220 1937 VIR,
1251 1896 1328 1929 184.
1356 1896 1454 1938 306),
1486 1896 1544 1930 vel
1571 1896 1653 1930 aliis
1678 1897 1889 1938 rationibus,
1916 1908 2001 1941 quo-

232 1950 350 1984 minus
376 1948 527 1983 sessioni
554 1949 788 1989 interessent,
825 1949 1122 1994 impediebantur.
1173 1950 1293 1993 Atque
1321 1949 1497 1991 Canisius,
1525 1962 1603 1984 cum
1638 1950 1854 1995 „Episcopos
1880 1950 2003 1995 plures

234 2003 301 2038 160
328 2003 362 2036 in
381 2003 609 2036 uniuersum⁴‘
640 2002 802 2036 Tridenti
828 2002 954 2036 adesse
973 2002 1108 2042 scribit,
1136 2003 1258 2036 verbis
1290 2003 1343 2045 „in
1362 2003 1591 2037 uniuersum‘⁴
1623 2003 1830 2047 significare
1848 2003 2002 2044 videtur,

232 2068 271 2091 se
297 2068 337 2090 eo
364 2067 511 2089 numero
538 2067 660 2090 omnes
687 2055 881 2101 episcopali
909 2055 1085 2098 dignitate
1112 2058 1257 2090 ornatos
1285 2056 1597 2101 comprehendere,
1636 2057 1714 2091 sive
1741 2057 1899 2102 episcopi
1925 2059 2002 2091 tan-

231 2112 308 2144 tum
336 2112 467 2150 essent,
494 2109 572 2142 sive
598 2109 704 2143 simul
731 2109 838 2143 etiam
859 2109 1071 2149 cardinales,
1098 2111 1258 2143 oratores
1284 2109 1496 2154 principum,
1523 2110 1772 2155 metropolitae
1791 2112 1858 2145 etc.
1902 2109 2001 2152 Quod

232 2166 353 2198 autem
378 2163 415 2197 in
441 2162 597 2207 epistula
622 2162 690 2197 hac
720 2164 771 2203 ll,
803 2163 895 2207 apud
922 2162 1138 2196 Theinerum
1165 2175 1250 2196 vero
1280 2163 1322 2197 18
1349 2162 1609 2208 archiepiscopi
1636 2166 1854 2208 comparent,
1881 2163 2003 2198 nescio

232 2219 364 2258 utrum,
391 2216 452 2260 qui
471 2215 604 2250 Canisii
625 2216 817 2260 epistulam
837 2216 921 2250 olim
939 2216 1178 2260 transcripsit,
1205 2216 1241 2249 in
1260 2227 1302 2250 ea
1333 2217 1416 2258 ,11“
1447 2228 1510 2261 pro
1541 2217 1624 2259 ,17“
1655 2228 1844 2262 perperam
1862 2216 2002 2260 legerit,

233 2282 278 2305 an
304 2269 472 2303 Theineri
498 2268 665 2303 librarius
694 2269 803 2313 (sicut
828 2269 974 2314 saepius
1001 2269 1175 2303 accidisse
1201 2268 1359 2312 constat)
1388 2269 1522 2313 aliquid
1548 2269 1764 2314 peccaverit.

359 2325 365 2343 ¹
393 2322 453 2356 Ps.
483 2323 560 2363 117,
588 2322 643 2356 23.
744 2323 757 2343 2
783 2323 836 2357 Cf.
864 2322 913 2356 Io.
943 2322 996 2363 16,
1023 2322 1080 2356 21.

354 2378 366 2396 ³
392 2376 469 2410 Hoc
494 2377 636 2410 tantum
663 2376 698 2409 in
725 2387 766 2410 ea
792 2376 973 2416 sessione,
1009 2375 1044 2409 in
1071 2375 1271 2410 cathedrali
1298 2375 1451 2409 ecclesia
1476 2374 1611 2417 habita,
1639 2375 1822 2410 decretum
1849 2377 1923 2417 est,
1950 2376 2001 2416 ut,

233 2441 326 2474 quae
352 2429 411 2463 vel
438 2429 480 2463 de
506 2429 762 2463 reformatione
788 2429 847 2462 vel
874 2429 916 2462 de
942 2428 1121 2472 dogmatis
1148 2431 1308 2463 statuere
1335 2429 1452 2462 visum
1480 2431 1598 2469 esset,
1634 2440 1675 2462 ea
1701 2440 1771 2463 non
1798 2428 1912 2469 modo,
1939 2428 2003 2463 sed

234 2484 270 2517 in
295 2483 459 2527 proxima
484 2482 656 2522 sessione,
685 2483 738 2516 16.
757 2481 849 2523 Iulii,
876 2482 935 2516 vel
962 2483 992 2516 si
1019 2493 1089 2526 quo
1115 2482 1186 2516 alio
1213 2482 1269 2516 die
1294 2482 1458 2527 patribus
1482 2481 1519 2515 in
1545 2481 1706 2525 generali
1725 2481 2004 2525 congregatione

233 2537 353 2571 visum
379 2537 485 2576 esset,
511 2535 675 2569 habenda
701 2536 946 2570 definirentur.
997 2534 1095 2576 Quae
1122 2537 1242 2569 autem
1269 2534 1507 2569 caerimoniae
1533 2534 1695 2568 Tridenti
1721 2534 1758 2568 in
1783 2533 2003 2569 sessionibus

234 2589 389 2635 publicis
415 2589 581 2633 usurpari
608 2589 872 2630 consueverint,
900 2591 936 2622 et
957 2600 982 2627 ,a
1000 2588 1213 2623 Massarello
1242 2588 1280 2631 (l.
1300 2599 1328 2622 c.
1357 2588 1382 2629 Ι,
1411 2587 1518 2631 3-6)
1548 2590 1583 2621 et
1601 2599 1621 2622 a
1641 2587 1809 2622 Gabriele
1826 2587 2004 2628 Paleotto,

235 2642 297 2687 qui
323 2642 473 2677 concilio
504 2641 696 2684 „auditoris
722 2644 840 2676 rotae“
872 2641 1011 2676 nomine
1038 2641 1212 2676 intererat
1231 2641 1270 2684 (l.
1290 2639 1606 2683 c.11‚533—534)
1635 2640 1860 2675 describitur.
1895 2639 1942 2674 Et
1966 2640 2004 2674 in

236 2696 339 2730 Actis
364 2694 648 2729 massarellianis
669 2695 706 2738 (1.
728 2707 755 2729 c.
776 2695 817 2736 II,
840 2695 873 2737 1)
903 2697 1066 2729 notatum
1093 2696 1159 2734 est,
1185 2694 1221 2728 in
1247 2693 1407 2728 sessione
1426 2692 1514 2735 XX„
1541 2704 1644 2727 sacro
1671 2693 1715 2727 ab
1742 2693 1908 2738 episcopo
1934 2692 2004 2727 sal-

235 2748 450 2783 manticensi
469 2747 591 2792 [Petro
610 2747 787 2782 Gronzalez
814 2748 856 2782 de
874 2748 1058 2789 Mendoza,
1085 2745 1321 2791 sollemniter]
1339 2746 1448 2788 facto,
1480 2746 1708 2791 „episcopum
1726 2745 2003 2787 Nazianzenum,

236 2803 390 2837 electum
420 2802 744 2845 Famagustanumff‘
775 2800 1049 2846 [Hieronymum
1072 2800 1334 2844 Ragazzonum,
1361 2798 1486 2844 latine]
1518 2799 1744 2842 „concionem
1770 2799 1861 2834 satis
1886 2798 2004 2844 splen-

237 2856 356 2890 didam
381 2855 587 2890 habuisse“.
637 2853 735 2895 Quae
762 2856 884 2888 exstat
910 2854 1004 2898 apud
1031 2855 1082 2888 Le
1107 2855 1188 2887 Plat
1212 2853 1235 2887 l.
1262 2864 1292 2887 c.
1318 2853 1344 2894 I,
1371 2852 1570 2887 431—436.

356 2911 369 2929 ⁴
395 2908 570 2943 Melchior
602 2907 726 2949 Lussi,
766 2908 980 2949 „amannus“
1019 2907 1055 2941 in
1087 2905 1336 2947 Subsilvania‚
1372 2908 1512 2950 septem
1538 2904 1728 2939 Helvetiae
1768 2904 1999 2947 „cantonum“

237 2962 505 3003 catholicorum,
533 2961 690 2996 Ioachim
718 2960 908 3001 Eichhorn,
935 2960 1047 2994 abbas
1066 2959 1184 2994 Eremi
1202 2959 1378 3004 Deiparae
1396 2958 1525 2993 Matris
1554 2956 1792 3001 (Einsiedeln)
1821 2956 1862 2992 O.
1889 2956 1924 2991 S.
1951 2957 2003 2999 B„

238 3015 324 3049 cleri
358 3015 528 3049 helvetici
563 3015 725 3055 nomine,
759 3013 963 3047 Ludovicus
998 3015 1120 3047 autem
1155 3013 1197 3046 de
1223 3012 1383 3046 Lanssac
1417 3023 1499 3046 cum
1525 3010 1683 3045 Arnoldo
1718 3010 1764 3044 du
1790 3009 1931 3044 Ferrier
1968 3011 2005 3044 et

239 3068 401 3103 Guidone
436 3068 483 3102 du
518 3067 613 3102 Faur
646 3067 788 3101 nomine
824 3066 943 3100 Caroli
977 3066 1039 3100 IX.
1076 3065 1215 3100 Galliae
1249 3064 1347 3108 regis
1381 3065 1417 3098 in
1444 3075 1486 3098 ea
1520 3063 1679 3098 sessione
1717 3063 2003 3107 comparuerunt.

239 3119 396 3162 Quorum
427 3121 634 3163 „mandata“
665 3121 702 3154 in
728 3120 853 3154 eadem
878 3119 1039 3153 sessione
1073 3119 1169 3153 lecta
1204 3129 1285 3152 cum
1310 3116 1603 3162 responsionibus
1637 3115 1766 3160 synodi
1791 3115 1933 3149 nomine
1959 3114 2003 3149 ab

239 3174 406 3219 episcopo
432 3173 726 3208 castellanatensi
752 3173 917 3207 recitatis
942 3173 1092 3207 exstant
1125 3171 1162 3206 in
1189 3182 1295 3216 opere
1326 3169 1584 3213 ,Sacrosanota
1610 3167 1787 3204 Concilia“
1818 3169 1897 3209 etc„
1924 3168 2003 3202 edd.
2062 3162 2068 3171 “
