2093 3444
383 185 462 220 580.
498 185 713 220 Lambertus
738 186 838 220 Auer
865 186 1018 220 Canisio.
1062 186 1226 220 Lubecca
1253 186 1308 220 30.
1336 186 1418 220 Iulii
1447 187 1548 221 1561.
1769 192 1851 233 183

77 303 292 343 sustentare,
319 301 423 335 salva
450 303 573 335 essent
591 301 728 335 omnia:
756 301 883 344 religio
903 302 996 336 enim
1016 302 1290 336 confirmaretur
1308 302 1490 343 bonorum,
1518 304 1553 335 et
1579 302 1852 347 haereticorum,

76 355 108 390 si
134 355 195 399 qui
222 356 343 389 essent
368 353 510 394 occulti,
537 354 793 399 reprimeretur
818 355 978 396 vesania,
1006 355 1209 399 frequentia
1236 357 1272 389 et
1298 354 1472 389 nobilium
1490 367 1681 400 puerorum
1708 360 1744 391 et
1769 358 1853 392 alio-

76 420 156 443 rum
182 408 388 447 conflueret,
415 407 614 441 mechanici
641 419 783 452 quoque
808 409 890 442 inde
916 408 1094 442 sentirent
1112 409 1336 442 commodum
1362 420 1477 450 suum,
1503 411 1601 443 totus
1627 410 1688 444 ille
1714 413 1854 446 tractus

77 461 368 501 confirmaretur,
403 460 608 495 sacerdotes
635 461 744 495 etiam
770 461 852 495 inde
879 461 989 506 aliqui
1026 463 1211 506 prodirent
1245 461 1434 496 doctiores.
1486 461 1602 503 Quare
1638 464 1736 506 agite
1772 477 1852 499 cum

76 514 160 555 illis,
186 514 362 558 siquidem
389 513 633 555 intellexistis,
660 514 729 559 ipsi
756 526 817 548 eos
843 514 878 548 id
907 517 1047 559 petere,
1087 517 1123 549 et
1149 515 1324 549 haberent
1348 515 1372 548 ii
1400 515 1688 550 concionatorem
1714 529 1852 560 germa-

76 568 217 608 nicum,
252 579 323 601 non
349 567 582 601 admitterent
607 567 748 601 bibulos
774 567 965 602 nonnullos
992 568 1165 609 Polonos,
1201 569 1264 602 sed
1291 568 1430 602 alerent
1465 567 1627 603 homines
1666 570 1791 614 frugos
1818 573 1854 605 et

77 620 226 655 sobrios.
277 620 346 655 Sed
374 620 469 664 prior
495 622 610 663 rogat,
638 622 678 654 ut
704 620 848 654 interim
875 621 1127 666 provideretur
1153 621 1371 656 monasterio
1398 621 1578 655 concione.
1622 621 1743 663 Quid?
1786 624 1853 658 Ille

77 674 236 709 vicarius
262 673 391 718 prioris
417 674 466 707 sit
491 673 634 717 quidem
661 674 775 707 bonus
801 676 905 719 pater
931 675 1109 715 familias,
1137 675 1199 709 sed
1228 675 1263 708 in
1290 675 1460 709 concione
1486 675 1576 709 nihil
1602 676 1712 710 valet.
1765 677 1853 712 Con-

77 727 237 768 sulebat,
273 738 319 761 an
346 727 492 761 deberet
518 726 652 770 eligere
679 727 789 760 alium
815 728 1000 772 priorem?
1050 728 1120 762 Sed
1147 740 1212 772 ego
1239 729 1356 769 suasi,
1392 731 1432 762 ut
1459 729 1634 763 vicarium
1660 729 1755 764 hunc
1780 742 1853 765 ser-

76 782 192 821 varet,
219 780 507 824 quandoquidem
526 780 736 823 agitandum
755 781 824 814 erit
850 781 892 814 de
911 780 973 815 illo
991 782 1137 824 negotio
1156 782 1268 816 brevi.
1305 782 1402 815 Bene
1423 781 1554 816 valete.
1589 783 1694 817 Arcis
1713 784 1854 828 Pragae

77 833 169 868 feria
195 833 256 868 IV.
284 835 366 878 post
391 833 576 867 Laurentii
603 845 694 867 anno
726 834 826 867 1561.
878 833 1057 868 Henricus
1083 835 1312 880 praepositus
1339 835 1514 869 ecclesiae
1540 835 1767 880 Pragensis.“

198 886 382 929 Canisius,
419 886 487 921 etsi
513 886 569 920 his
596 886 729 921 litteris
759 886 821 931 (ex
847 887 978 931 quibus
1004 900 1085 922 eum
1122 888 1216 922 inter
1244 889 1297 922 15.
1325 891 1361 922 et
1390 889 1442 922 17.
1471 889 1563 923 Iunii
1592 890 1679 924 1561
1709 890 1854 925 Pilsnae

77 940 191 975 fuisse
217 940 426 983 collegeris;
453 940 497 974 cf.
525 952 635 984 supra
652 952 686 984 p.
708 940 789 983 180)
818 940 885 975 hoc
912 953 982 974 non
1008 941 1136 982 effecit,
1164 944 1204 975 ut
1222 942 1335 976 Sociis
1362 942 1507 976 Pilsnae
1533 943 1637 977 sedes
1666 946 1855 988 pararetur

78 1013 122 1018 -
148 993 184 1028 id
211 994 304 1038 quod
331 1005 526 1037 numquam
561 994 606 1027 iis
632 994 785 1038 contigit
810 1014 866 1037 —,
893 994 1015 1038 aliqua
1040 997 1162 1029 tamen
1187 995 1326 1029 ratione
1361 995 1459 1029 viam
1495 997 1680 1041 aperuisse
1709 997 1854 1032 videtur

78 1047 287 1092 apostolicis
313 1047 385 1081 illis
412 1046 602 1081 Societatis
629 1046 737 1087 viris,
775 1047 835 1091 qui
862 1047 898 1080 in
925 1059 966 1081 ea
991 1048 1098 1088 urbe,
1136 1049 1218 1082 dum
1247 1048 1412 1083 Canisius
1439 1049 1599 1091 vivebat,
1626 1051 1852 1095 compluries,

77 1102 119 1135 ut
144 1112 175 1135 a.
205 1100 306 1141 1578,
336 1100 435 1142 1582,
464 1100 566 1142 1583,
593 1101 773 1145 copiosam
800 1101 1000 1135 animarum
1027 1113 1181 1135 messem
1210 1103 1374 1136 fecerunt
1402 1102 1579 1146 (Sclimicll
1603 1103 1625 1137 l.
1655 1116 1685 1138 c.
1714 1104 1744 1145 I,
1771 1105 1852 1139 425.

77 1154 158 1188 479.
184 1153 404 1196 487—488).

901 1243 1032 1285 580.

475 1334 539 1376 P.
571 1334 1022 1378 LAMBERTIJS
1056 1336 1258 1379 AUER
1291 1336 1346 1379 S.
1380 1336 1456 1389 J„

352 1415 497 1450 Ioannis
524 1415 709 1450 Francisci
736 1416 991 1451 Commendoni
1017 1417 1134 1451 nuntii
1161 1417 1351 1462 apostolici
1377 1418 1579 1462 theologus,

826 1501 1100 1549 OANISIO.

722 1606 886 1643 Lubecca
913 1606 974 1643 30.
1002 1606 1087 1643 Iulii
1114 1606 1200 1643 1561.

200 1688 257 1723 Ex
283 1689 508 1734 autographo
537 1689 609 1734 (203
639 1690 681 1733 ¹l3
708 1702 762 1735 p.;
790 1691 825 1724 in
851 1703 884 1735 p.
913 1691 945 1725 2.
972 1691 1079 1725 inscr.
1108 1693 1143 1725 et
1169 1702 1253 1736 pars
1279 1691 1378 1735 sign).
1415 1691 1499 1726 Cod.
1527 1691 1641 1726 colon.
1672 1691 1781 1737 „Epp
1809 1692 1853 1726 ad

82 1742 186 1777 Kess.
213 1742 260 1777 I.“
291 1742 317 1777 f.
347 1743 424 1777 123.

200 1796 349 1830 Partem
374 1796 550 1841 epistulae
577 1796 698 1841 posuit
723 1798 872 1831 Hansen
898 1797 921 1832 l.
949 1809 978 1832 c.
1005 1810 1038 1843 p.
1068 1798 1168 1832 3885.

201 1875 361 1908 Nuntius
388 1875 536 1908 Sueciae
562 1886 675 1918 reyem
701 1875 804 1907 adire
830 1876 936 1918 cupit.
991 1875 1120 1918 Populi
1145 1876 1437 1918 septentrionales
1466 1876 1627 1909 ecclesiae
1665 1877 1856 1909 catholicae

78 1928 228 1961 inimici.
278 1928 557 1962 Protestantimn
592 1928 847 1961 lubeccensucm
882 1930 1040 1961 ministri
1076 1929 1264 1962 concilium
1298 1929 1535 1962 tridentitzcmt
1572 1930 1703 1963 timent.
1756 1931 1856 1963 Alter

79 1985 249 2025 aeyrotcct.

889 2035 1041 2077 Ihesus

710 2118 826 2160 PAX
865 2118 1094 2160 CHRISTI
1127 2121 1222 2163 ,eto

196 2200 331 2243 Pauci
363 2201 454 2242 dies
478 2200 613 2255 elapsi
641 2204 743 2243 sunt
775 2201 889 2254 quod
912 2202 963 2245 V.
987 2202 1039 2244 R.
1062 2201 1201 2243 fusius
1234 2202 1286 2244 de
1308 2203 1437 2244 rebus
1467 2202 1651 2256 singulis
1684 2202 1851 2257 scripsi.

78 2265 206 2308 Nunc
238 2265 370 2309 tertio
412 2280 467 2307 ex
499 2266 673 2308 Lubeca
713 2266 908 2317 scrib01;
953 2267 1066 2320 quod
1108 2267 1296 2309 referam
1338 2268 1414 2310 vix
1455 2270 1555 2322 post
1594 2268 1682 2310 iam
1724 2267 1854 2319 dicta,

77 2331 231 2375 habeo.
278 2331 470 2374 Nuntius
503 2346 559 2373 ex
591 2331 740 2374 Suetia
774 2332 816 2373 in
847 2332 978 2374 horas
1011 2335 1272 2386 expectatur
1287 2334 1314 2376 2.
1364 2333 1523 2375 Ae'rem
1554 2334 1681 2375 modo
1714 2332 1855 2387 magis

77 2397 312 2452 propitium
343 2396 490 2448 habet,
523 2397 604 2439 hoc
636 2397 764 2439 biduo
798 2398 969 2448 saltem,
1004 2411 1115 2451 quae
1146 2398 1363 2441 nuntiabit
1384 2413 1487 2440 mox
1513 2399 1853 2450 communicabo,

77 2463 191 2505 male
223 2462 346 2504 nobis
380 2462 559 2517 cupiunt
579 2463 727 2517 populi
758 2463 845 2514 isti,
879 2463 957 2504 sed
990 2463 1216 2505 dominusa
1248 2478 1424 2506 causam
1451 2468 1647 2507 nostram
1680 2463 1855 2506 interim

77 2529 240 2578 tuetur,
274 2527 524 2570 occasiones
546 2527 803 2570 detrahendi
825 2531 1040 2581 quaerunt
1061 2528 1148 2570 iam
1173 2528 1255 2579 diu,
1290 2529 1557 2572 sufficientes
1583 2527 1683 2584 [sic]
1707 2532 1855 2572 tamen

79 2607 131 2635 ac
167 2606 246 2635 nec
286 2592 533 2647 probabiles
575 2593 748 2647 quidem
785 2594 1009 2648 reperiunt
1050 2593 1284 2645 hactenus,
1327 2595 1560 2637 CHRISTo
1602 2595 1660 2637 sit
1701 2594 1852 2648 gloria.

196 2733 211 2748 ἃ
238 2727 327 2762 deus
353 2728 401 2761 H.

200 2851 210 2871 ¹
237 2850 424 2896 Epistulae
451 2851 567 2896 prima
594 2853 630 2885 et
655 2852 814 2886 secunda
840 2851 978 2897 perisse
1005 2851 1184 2885 videntur.

198 2904 212 2925 ²
238 2903 326 2938 Cum
354 2904 441 2939 Pius
467 2904 548 2946 IV.‚
584 2904 800 2938 Ferdinandi
828 2905 853 2938 I.
880 2905 1038 2939 caesaris
1073 2906 1222 2948 rogatu,
1259 2904 1396 2938 Daniae
1422 2906 1459 2938 et
1484 2903 1632 2938 Sueciae
1666 2915 1774 2947 reges
1809 2904 1854 2938 ad

79 2957 269 2992 concilium
294 2957 450 2992 invitare
475 2957 512 2991 in
538 2958 697 2992 animum
721 2958 944 2999 induxisset,
979 2957 1264 2992 Commendonus
1290 2957 1475 2991 Lubeccae
1504 2956 1680 3000 (Lubeck)
1709 2968 1855 3002 respon-

78 3021 159 3045 sum
185 3011 231 3045 ad
255 3011 399 3045 litteras
425 3013 638 3056 exspectare
664 3013 862 3053 statuerat,
903 3011 1052 3055 quibus,
1088 3023 1172 3044 num
1198 3011 1297 3056 ipsos
1323 3011 1422 3044 adire
1447 3010 1584 3051 liceret,
1611 3010 1852 3054 quaesiverat.

78 3064 199 3108 Atque
225 3076 246 3099 a
264 3064 401 3098 Daniae
425 3076 512 3107 rege
538 3064 719 3109 repulsam
746 3064 817 3098 iam
837 3064 972 3099 tulerat
991 3064 1090 3108 (vide
1106 3075 1217 3109 supra
1234 3076 1268 3109 p.
1291 3064 1356 3098 149
1370 3065 1394 3107 ¹)
1411 3076 1418 3104 ;
1445 3063 1591 3097 tandem
1610 3063 1738 3098 Ericus
1756 3063 1852 3098 XIV.

79 3116 228 3152 Sueciae
253 3130 319 3152 rex
345 3129 425 3152 eum
451 3118 488 3151 in
513 3117 693 3161 Angliam‚
725 3129 794 3162 quo
819 3117 897 3163 ipse
922 3118 1150 3162 profecturus
1177 3118 1292 3159 esset,
1328 3128 1368 3151 se
1394 3117 1497 3161 sequi
1524 3116 1630 3151 iussit
1659 3117 1853 3160 (Reimann

78 3169 102 3205 l.
129 3182 159 3205 c.
186 3183 219 3216 p.
247 3171 344 3215 271).
