2093 3444
657 180 826 215 Tridento
852 181 919 216 sub
948 181 1001 215 19.
1029 181 1121 215 Iunii
1150 182 1251 216 1562.
1755 187 1842 228 463

940 299 968 351 .,

186 374 396 424 Quoniam
429 374 481 416 de
514 388 716 416 successu
738 375 1019 417 Tridentinae
1046 375 1207 430 Synodi
1238 390 1367 418 nosse
1400 376 1532 431 cupis,
1566 378 1673 419 haec
1704 392 1845 432 pauca

66 455 179 483 nunc
212 440 372 494 accipe.
417 439 768 492 Conquieuerunt
800 442 957 491 motus,
991 455 1171 494 quorum
1194 441 1312 484 iacta
1343 441 1509 483 semina
1538 444 1845 486 metuebantur

67 507 120 548 ob
154 505 423 559 quorundam
463 505 725 559 praesertim
756 505 1021 559 Legatorum
1064 506 1354 548 dissensiones
1371 508 1397 549 1.
1463 507 1653 550 Ventum
1688 511 1756 550 est
1789 510 1843 551 ad

66 571 386 624 Theologorum
431 569 775 624 disputationesa
817 571 1036 625 publicas,
1082 586 1193 624 quae
1235 572 1426 625 quotidie
1469 572 1513 614 in
1555 587 1714 615 corona
1754 574 1843 615 fre-

67 635 351 690 quentissima
384 637 428 678 et
461 635 807 677 commodissimo
830 636 955 678 10002
986 640 1088 679 sunt
1109 637 1352 688 institutae,
1386 638 1515 680 Mane
1537 641 1638 692 post
1666 639 1844 681 solenne

66 716 238 745 sacrum
272 701 553 749 celebratum,
588 701 641 742 ab
674 701 781 743 hora
804 700 1004 743 decima3
1036 715 1172 755 usque
1205 703 1259 744 ad
1284 704 1365 746 .13.
1398 705 1476 745 aut
1508 703 1639 745 etiam
1673 704 1844 757 longius

64 770 157 810 tres
198 766 430 820 Theologi,
472 780 572 808 raro
614 769 762 808 autern
805 767 858 809 .4.
893 766 1149 817 audiuntur,
1193 768 1495 821 praesentibus
1537 768 1841 820 cardinalibus,

65 831 355 883 Patriarchis‚
398 830 768 885 Archiepiscopis‚
811 831 1040 886 Episcopis
1082 835 1127 874 et
1167 832 1407 887 principum
1448 833 1628 887 legatis,
1671 848 1750 876 nec
1789 835 1842 877 ab

66 897 152 940 illis
175 897 401 940 audiendis
424 897 651 950 quisquam
675 896 933 938 excluditur.
978 896 1017 939 A
1039 897 1220 951 prandio
1244 898 1410 940 reditur
1432 899 1486 940 ad
1511 901 1593 942 .19.
1617 900 1769 941 horam
1793 914 1843 942 ac

66 963 205 1006 tribus
227 966 275 1006 ut
298 962 521 1004 minimum
544 962 663 1004 horis
684 964 776 1004 tres
800 961 873 1015 alij
897 964 973 1004 aut
991 965 1178 1015 quatuor
1195 963 1357 1017 aliquid
1375 963 1416 1005 in
1435 964 1622 1006 medium
1641 966 1840 1008 afferunt.

66 1029 218 1071 Plures
241 1028 486 1081 Theologos
519 1041 645 1081 quam
673 1029 786 1071 ,100.
822 1028 975 1069 adesse
1007 1028 1219 1082 intelligo,
1255 1033 1299 1071 et
1329 1029 1408 1071 hos
1441 1044 1464 1071 e
1497 1029 1678 1072 diuersis
1700 1030 1841 1073 natio-

65 1094 191 1136 nibus
223 1108 274 1136 ac
305 1093 540 1148 prouincijs
574 1107 670 1134 cum
703 1092 973 1135 authoritate
996 1093 1164 1143 missos,
1198 1094 1266 1135 uel
1291 1094 1363 1148 qui
1385 1095 1580 1137 hocloco
1603 1096 1844 1139 adhaerent

66 1159 279 1214 episcopis
313 1161 357 1201 et
389 1158 686 1212 magnatibus,
730 1157 1050 1212 Argumentum
1091 1161 1287 1201 tractant
1328 1160 1380 1202 de
1422 1160 1721 1203 communione
1763 1162 1842 1203 sub

65 1227 251 1278 utraque
284 1224 441 1279 specie,
475 1224 589 1277 quod
620 1223 664 1265 in
697 1223 903 1265 articulos
928 1225 981 1266 .5.
999 1224 1014 1250 4
1038 1224 1315 1267 distributum
1339 1228 1418 1274 est,
1452 1228 1502 1268 ut
1524 1226 1673 1268 ordine
1697 1226 1844 1269 dicant

66 1291 119 1333 de
151 1290 346 1343 singulis,
380 1304 519 1343 neque
552 1289 730 1330 nimium
763 1292 1019 1342 euagentur.
1084 1290 1152 1332 Sic
1184 1291 1347 1332 habent
1379 1293 1524 1333 autem
1558 1291 1742 1335 articuli.

185 1358 238 1399 .1.
272 1356 342 1397 An
375 1369 430 1397 ex
452 1355 532 1397 Dei
565 1357 814 1409 praecepto,
849 1354 904 1396 ad
927 1355 1112 1397 salutem
1142 1356 1400 1407 necessario,
1436 1370 1584 1398 omnes
1608 1360 1652 1400 et
1683 1357 1841 1411 singuli

66 1421 225 1464 Christi
275 1421 426 1463 fideles
473 1423 703 1474 utramque
756 1420 942 1474 speciem
997 1421 1215 1475 suscipere
1262 1424 1496 1464 teneantur
1543 1423 1843 1466 sanctissimae

66 1486 370 1530 Eucharistiae
403 1485 717 1529 Sacramentib.

184 1622 199 1636 a
226 1615 469 1650 discussiones
499 1616 624 1657 Quart.
723 1614 738 1635 b
767 1614 1040 1649 Sacramentum
1067 1627 1123 1659 ap.

189 1729 198 1748 ¹
225 1728 282 1762 Ex
307 1728 449 1763 concilii
475 1727 662 1762 tridentini
688 1727 839 1763 historia
857 1730 981 1762 notum
1001 1730 1066 1769 est,
1094 1740 1134 1762 eo
1152 1730 1314 1773 tempore
1333 1729 1376 1763 de
1404 1729 1710 1774 „praecedentia“,
1738 1741 1845 1774 quam

65 1781 248 1823 dicebant,
276 1782 319 1816 de
345 1782 552 1827 praesidum
578 1781 718 1816 concilii
747 1783 928 1827 potestate
955 1783 1171 1827 patrumque
1197 1781 1385 1824 libertate,
1413 1782 1455 1816 de
1485 1782 1742 1825 „residentiae“
1774 1784 1845 1828 epi—

63 1847 253 1880 scoporum
288 1837 481 1881 praecepto
517 1835 638 1869 divino
675 1835 898 1870 sollemniter
934 1835 1153 1878 definiendo,
1190 1836 1232 1870 de
1269 1835 1408 1870 concilii
1445 1838 1508 1870 aut
1532 1847 1627 1870 nova
1652 1836 1846 1871 indictione

66 1891 129 1923 aut
158 1889 469 1931 „continuatione“
498 1888 689 1934 perspicue
724 1889 892 1923 facienda
926 1889 1021 1923 inter
1047 1888 1207 1931 Galliae,
1243 1888 1460 1934 Hispaniae,
1498 1889 1694 1932 Bavariae,
1729 1890 1846 1924 Vene-

63 1943 197 1977 tiarum
224 1945 291 1977 etc.
319 1944 498 1985 oratores,
535 1943 724 1988 episcopos
749 1943 922 1988 hispanos
948 1944 984 1976 et
1009 1942 1136 1985 italos,
1164 1944 1289 1987 atque,
1315 1943 1492 1988 imprimis
1517 1945 1664 1988 propter
1688 1944 1845 1978 residen-

63 1996 163 2038 tiam,
190 1996 300 2031 etiam
326 1997 421 2030 inter
446 1997 545 2042 ipsos
572 1996 715 2031 concilii
740 1996 903 2040 legatos,
930 1996 1170 2030 Mantuanum
1195 1996 1353 2030 maxime
1380 1998 1417 2030 et
1441 1996 1698 2038 Simonettam,
1724 1997 1846 2032 varias

65 2049 252 2085 exstitisse
279 2049 541 2091 dissensiones;
569 2050 651 2084 vide
678 2062 788 2095 supra
814 2062 848 2095 p.
874 2050 955 2085 448.
974 2050 1066 2084 450l
1093 2052 1129 2084 et
1154 2051 1417 2084 Fallacia-inum
1442 2050 1465 2084 l.
1484 2062 1515 2085 0.
1541 2050 1564 2084 Ι.
1586 2051 1639 2091 16,
1667 2063 1696 2085 c.
1716 2051 1844 2086 2-12.

185 2103 198 2124 2
223 2104 266 2137 In
292 2103 446 2138 ecclesia
473 2103 506 2138 S.
534 2104 672 2138 Mariae
698 2104 848 2138 Maioris
876 2103 927 2148 (S.
954 2103 1071 2137 Maria
1096 2102 1320 2147 maggiore),
1356 2106 1396 2138 ut
1429 2105 1587 2138 testatur
1612 2105 1846 2139 Massarellas

64 2157 101 2191 in
126 2157 307 2202 prooemio
333 2157 507 2192 Actorum
534 2157 675 2192 concilii
704 2157 743 2202 (1.
771 2169 800 2192 0.
827 2157 853 2199 Ι,
881 2157 931 2200 9).
1056 2157 1070 2177 ³
1094 2156 1187 2191 Vide
1212 2157 1317 2199 infra,
1344 2169 1500 2192 monum.
1528 2158 1607 2192 367.

185 2212 198 2231 4
225 2211 272 2244 Hi
306 2211 451 2246 articuli
485 2211 614 2246 iisdem
649 2211 771 2246 verbis
806 2210 982 2256 propositi
1017 2212 1102 2244 sunt
1136 2210 1172 2244 in
1198 2210 1302 2245 Actis
1328 2212 1534 2245 Massarelli
1567 2211 1661 2256 apud
1694 2213 1846 2246 leeiner

69 2264 177 2307 (Acta
199 2264 242 2305 H,
272 2264 307 2308 7)
337 2266 374 2299 et
399 2264 433 2299 in
462 2264 565 2299 Actis
590 2266 743 2299 Paleotti
770 2264 880 2309 (Acta
906 2263 1056 2299 Concilii
1082 2263 1285 2298 Tridentini
1312 2276 1332 2298 a
1352 2263 1393 2299 Gr.
1414 2264 1450 2299 G.
1470 2264 1636 2299 Paleotto
1663 2265 1846 2311 descripta

67 2318 120 2352 ed.
147 2319 177 2352 I.
205 2319 399 2352 Mendham
425 2318 591 2362 [Londini
620 2318 725 2363 1842]
753 2330 786 2363 p.
817 2318 1024 2359 142—143;
1057 2318 1101 2352 cf.
1134 2318 1287 2352 Thermer
1312 2317 1334 2352 1.
1363 2330 1392 2352 0.
1419 2330 1452 2363 p.
1482 2317 1566 2363 561)
1602 2320 1638 2353 et
1662 2319 1698 2352 in
1724 2319 1844 2353 Anna-

65 2371 160 2405 libus
186 2372 373 2416 Raynaldi
412 2372 449 2415 (l.
477 2384 506 2407 c.
543 2384 577 2406 n.
604 2372 666 2415 49)
703 2374 812 2416 atque
850 2371 912 2415 (ex
938 2370 1141 2415 Raynaldo)
1180 2371 1216 2404 in
1251 2371 1495 2406 Monumentis
1530 2373 1663 2406 Judoei
1688 2374 1738 2407 Le.
1764 2374 1845 2407 Plcct

71 2424 128 2468 (V,
155 2424 240 2468 202)
280 2426 316 2459 et
350 2424 387 2458 in
415 2426 532 2469 Steph.
560 2426 708 2459 Balvtzz’i
736 2423 981 2459 Miscellaneis
1007 2435 1028 2458 a
1055 2425 1091 2459 J.
1118 2425 1164 2459 D.
1191 2425 1315 2458 Mansi
1340 2425 1457 2459 auctis
1482 2424 1534 2459 [V
1562 2425 1696 2469 (Lucae
1724 2426 1846 2469 1764),

67 2478 155 2518 351;
182 2478 250 2513 nisi
278 2478 371 2523 quod
399 2479 493 2523 apud
519 2478 749 2523 Raynaldum
776 2478 813 2511 in
839 2480 906 2512 art.
935 2478 951 2512 1
981 2477 1126 2523 ponitur
1156 2478 1439 2521 „necessarium,
1478 2479 1553 2521 vt“,
1588 2478 1625 2513 in
1652 2479 1683 2513 3.
1724 2479 1845 2522 „Chri-

66 2532 186 2566 stiana
221 2531 434 2576 cha1·itate“‚
474 2533 509 2566 in
537 2532 568 2566 5.
601 2531 868 2577 ,perueniant“‚
905 2533 941 2565 et
975 2531 1012 2565 in
1038 2531 1070 2566 2.
1098 2533 1135 2565 et
1161 2531 1193 2566 3.
1219 2531 1332 2566 verba
1367 2531 1522 2576 aliquot,
1558 2532 1672 2567 salvis
1703 2532 1844 2567 omnino

65 2585 183 2627 rebus,
209 2585 317 2630 paulo
343 2585 449 2619 aliter
476 2585 650 2630 disposita
676 2587 762 2619 sunt
790 2585 845 2628 (ut
876 2584 1060 2628 „Ecclesia
1086 2584 1291 2619 Catholica“
1322 2597 1385 2630 pro
1416 2586 1614 2628 „catholica
1640 2586 1844 2630 ecclesia“),

66 2650 108 2673 ac
134 2640 216 2683 post
242 2639 274 2673 5.
301 2638 494 2673 articulum
521 2638 610 2673 haec
636 2640 740 2673 sunt:
781 2638 932 2681 „Dicant
957 2638 1141 2683 Theologi‚
1169 2651 1261 2683 quae
1286 2641 1460 2684 tanquam
1486 2652 1583 2683 vera,
1610 2641 1688 2675 siue
1715 2640 1844 2675 Catho-

65 2691 137 2726 lica
162 2691 386 2736 recipienda:
423 2703 515 2736 quae
541 2694 714 2736 tanquam
740 2691 850 2734 falsa,
878 2692 955 2726 siue
980 2692 1166 2727 haeretica
1190 2692 1418 2738 reijcienda.“
1472 2693 1571 2736 Quae
1596 2693 1708 2728 verba
1734 2693 1843 2727 etiam

67 2745 246 2779 Pccleottus
274 2744 482 2789 (Mendham
507 2744 529 2779 l.
558 2757 586 2779 0.
614 2757 648 2790 p.
671 2745 748 2780 143.
788 2746 940 2780 Theiner
964 2745 987 2780 l.
1015 2757 1045 2780 c.
1071 2746 1116 2787 H,
1143 2746 1227 2790 561)
1258 2749 1294 2780 et
1319 2748 1440 2781 Mansi
1469 2747 1506 2791 (l.
1534 2747 1579 2791 c.)
1609 2747 1842 2789 addiderunt;

67 2800 174 2842 atque
200 2797 260 2832 hic
285 2809 474 2843 perperam
508 2798 545 2832 in
572 2800 640 2833 art.
666 2799 687 2832 2
719 2799 911 2841 „ratione“,
946 2799 982 2833 in
1018 2800 1050 2834 3.
1081 2799 1311 2843 „charitatis“
1350 2800 1479 2845 posuit,
1517 2802 1553 2835 et
1587 2801 1623 2834 in
1658 2801 1782 2834 eodem
1809 2801 1841 2836 3.

73 2851 195 2895 „illae“
226 2852 365 2892 omisit;
393 2852 587 2886 Mendham
615 2854 736 2886 autem
762 2853 798 2886 in
824 2855 891 2887 art.
914 2853 929 2887 1
955 2853 1222 2895 „Sanctissimi“
1255 2854 1306 2898 (id
1333 2854 1426 2898 quod
1452 2854 1540 2888 mihi
1557 2866 1628 2888 non
1647 2854 1842 2899 displicet),

66 2905 103 2939 in
129 2907 197 2939 art.
225 2905 245 2939 2
277 2905 446 2949 „cuique“
475 2906 606 2950 posuit.
657 2905 770 2940 Iidem
808 2906 953 2941 articuli
986 2907 1109 2942 italice
1143 2907 1241 2941 versi
1276 2909 1425 2942 exstant
1459 2908 1553 2952 apud
1579 2909 1842 2942 Pallavicinmn

65 2957 89 2992 l.
117 2970 145 2992 0.
173 2958 196 2992 l.
227 2959 280 2999 17,
307 2970 336 2993 0.
368 2959 396 2999 1,
422 2970 456 2992 11.
486 2959 515 2993 1.
568 2958 633 2994 His
660 2959 772 3003 igitur
799 2958 933 2994 Canisii
967 2960 1100 2995 litteris
1126 2960 1380 3003 confirmatur,
1416 2962 1511 3005 quod
1546 2961 1667 3005 aliqua
1702 2961 1842 2996 ratione

66 3011 144 3056 ipse
170 3012 279 3046 etiam
306 3012 345 3047 P.
364 3013 430 3046 Fr.
450 3013 501 3046 Le
522 3012 706 3056 Courayer
734 3012 909 3056 (Histoire
935 3013 982 3047 du
1001 3013 1144 3048 Concile
1171 3014 1214 3048 de
1233 3014 1365 3048 Trente
1392 3016 1460 3049 etc.
1486 3014 1520 3048 II
1548 3013 1592 3058 [A
1611 3014 1842 3050 Amsterdam

70 3064 187 3109 1751],
215 3065 283 3099 328
293 3066 322 3086 ⁸³
348 3065 589 3109 significavit:
627 3066 780 3100 Paulum
807 3068 981 3111 Sarpium
1012 3066 1049 3101 in
1075 3067 1238 3102 Historia
1265 3067 1414 3102 Concilii
1441 3067 1642 3102 Tridentini
1670 3068 1709 3113 (l.
1737 3069 1778 3110 6;
1804 3069 1841 3103 in

68 3117 224 3152 editione
241 3118 356 3153 latina
375 3118 606 3154 Gorinchemi
633 3130 663 3154 a.
685 3119 775 3154 1658
801 3120 900 3154 facta
918 3132 951 3166 p.
970 3121 1055 3165 464)
1084 3132 1273 3166 perperam
1301 3122 1321 3156 6
1347 3133 1411 3167 pro
1439 3122 1459 3155 5
1485 3121 1648 3156 articulis
1666 3122 1840 3167 posuisse,

66 3183 194 3216 neque,
221 3184 326 3217 quem
352 3172 429 3218 ipse
455 3173 612 3207 secundo
638 3172 715 3207 loco
742 3173 872 3218 posuit,
899 3174 1093 3209 articulum
1117 3174 1298 3218 theologis
1324 3175 1546 3220 propositum
1573 3187 1663 3210 esse.
