2093 3444
160 303 249 337 1562

160 409 249 443 1562

160 463 250 497 1562

159 623 249 657 1562

158 677 249 711 1562

161 783 250 818 1562

161 944 250 979 1562

161 1211 250 1247 1562

160 1372 250 1406 1562

160 1426 249 1460 1562

159 1533 250 1567 1562

160 1639 251 1674 1562

161 1747 251 1782 1562

162 1854 252 1889 1562

161 2069 251 2104 1562

160 2177 251 2211 1562

159 2373 261 2412 1562

160 2552 262 2590 1562

162 2698 251 2732 1562

161 2859 251 2894 1562

161 3020 251 3055 1562

159 3127 250 3162 1562

438 302 546 336 Mart.

440 409 545 443 Mart.

439 462 546 497 Mart.

440 623 546 657 Mart.

439 676 547 711 Mart.

343 781 345 807 ¹
440 783 546 818 Mart.

440 944 547 978 Mart.

441 1748 548 1784 Mart.
576 1749 632 1783 28.

441 1857 549 1890 Mart.
578 1857 632 1891 29.

443 2071 550 2105 Mart.
582 2071 638 2106 30.

345 2142 347 2226 i
441 2178 549 2212 Mart.
576 2178 631 2212 31.

439 1211 547 1246 Mart.

441 1372 547 1407 Mart.
576 1378 582 1388 ⁵

440 1427 547 1460 Mart.

442 1534 547 1568 Mart.

539 185 629 220 1562
655 185 759 219 Febr.
786 185 842 220 25.
872 206 914 209 -
945 187 1035 221 1562
1061 187 1148 233 Apr.
1177 186 1259 232 (sub
1285 187 1408 231 med).
1728 206 1858 234 XLVII

345 1620 470 1675 tMart.
500 1641 554 1676 27.
591 1644 628 1675 et
654 1641 709 1675 28.

576 303 629 337 16.

576 410 630 443 17.

577 463 630 497 18.

578 624 630 657 19.

575 676 631 710 20.

574 783 629 818 21.

727 300 784 336 F
812 303 855 337 II.
883 303 927 337 ad
955 303 989 338 S.
1018 304 1161 338 Ioannis
1196 305 1237 339 de
1272 305 1453 339 sententia
1478 306 1514 339 in
1542 309 1702 342 extremo
1729 308 1858 343 iudicio

805 356 954 390 ferenda
980 357 1208 392 contionatur
1237 358 1333 401 (618.
1361 359 1458 401 622).

727 452 728 455 ¹
746 408 783 443 F.
804 409 867 444 ΠΙ.
888 409 1017 444 ibidem
1045 411 1246 446 contionem
1267 411 1525 447 catecheticam
1544 412 1654 448 habet
1674 414 1720 459 [5³]
1744 416 1858 460 (627).

746 462 784 497 F.
811 462 872 498 IV.
902 463 1032 498 ibidem
1066 465 1102 498 in
1128 465 1387 510 simpliciorum
1413 466 1588 509 gratiam,
1623 479 1686 502 cur
1713 471 1749 503 et
1775 481 1858 514 quo-

805 517 909 551 modo
935 517 1154 552 eucharistia
1172 519 1346 553 sumenda
1372 530 1414 553 ac
1433 519 1492 563 qui
1511 520 1588 554 eius
1606 521 1747 557 fructus
1773 524 1857 565 sint,

805 569 952 615 exponit
982 570 1078 614 (620.
1105 572 1203 614 627).

726 621 784 656 ·F.
803 622 846 657 V.
874 623 1006 658 ibidem
1033 624 1235 659 contionem
1262 625 1522 660 catecheticam
1548 626 1656 662 habet
1675 628 1721 672 [5³]
1745 630 1858 673 (627).

746 675 783 709 F.
803 676 865 711 VI.
892 676 1024 711 ibidem
1051 677 1094 712 de
1120 678 1232 712 variis
1259 678 1443 713 Christum
1470 681 1636 715 sumendi
1660 683 1859 719 rationibus

806 741 1000 775 earumque
1025 731 1244 766 necessitate
1272 732 1359 767 dicit
1387 732 1502 777 (642).

575 944 630 977 22.

577 1534 631 1568 26.

726 782 852 829 {Sabo
879 783 986 818 Festo
1012 784 1307 819 Annuntiationis
1333 786 1373 820 B.
1400 786 1448 820 M.
1476 787 1521 821 V.
1552 788 1785 833 ⁷,anticipato“
1817 791 1859 824 de

805 837 944 871 ratione
963 837 1047 872 festi
1066 837 1154 872 dicit
1172 840 1208 872 et
1224 839 1382 873 maxime
1401 841 1684 876 communionem
1704 844 1770 877 sub
1789 856 1860 878 una

806 890 927 935 specie
954 891 1115 926 defendit
1144 892 1259 936 (642).

727 940 847 978 ³Dom.
867 943 1075 979 Palmarum
1101 957 1206 979 mane
1232 946 1268 979 in
1295 946 1448 981 ecclesia
1474 948 1673 983 cathedrali
1696 949 1739 983 de
1762 962 1859 995 „pro-

808 997 967 1032 cessione
985 998 1206 1043 palmarum‘
1237 999 1324 1034 dicit
1342 1002 1378 1035 et
1395 1004 1609 1044 argumenta
1627 1005 1749 1037 contra
1768 1015 1859 1038 com-

806 1051 1012 1086 munionem
1046 1052 1113 1087 sub
1145 1064 1216 1087 una
1242 1053 1361 1098 specie
1387 1054 1539 1099 proferri
1565 1055 1671 1090 solita
1697 1057 1861 1092 confutat

807 1103 829 1148 [‚
856 1107 938 1149 post
962 1106 1151 1150 prandium
1178 1107 1214 1140 in
1232 1107 1366 1152 templo
1385 1107 1419 1142 S.
1438 1108 1582 1143 Ioannis
1601 1110 1858 1145 catechismum

807 1158 994 1203 exponit‘?]
1026 1159 1123 1203 (628.
1151 1160 1230 1194 642.
1258 1160 1356 1204 627).

727 1211 849 1246 1F.II.
877 1212 921 1246 ad
948 1211 983 1247 S.
1003 1213 1148 1248 Ioannis
1175 1214 1217 1248 de
1245 1213 1379 1248 Christi
1405 1215 1572 1260 passione
1599 1228 1644 1251 ex
1671 1217 1859 1262 evangelio

807 1265 877 1300 diei
899 1265 987 1300 dicit
1005 1268 1050 1308 et,
1077 1278 1141 1301 cur
1157 1269 1403 1312 protestantes
1421 1269 1570 1304 calicem
1589 1270 1677 1305 adeo
1695 1274 1859 1315 urgeant,

807 1319 955 1364 exponit
983 1319 1098 1364 (642).

727 1349 729 1358 t
746 1372 785 1407 F.
803 1372 865 1407 III.
892 1373 1023 1407 ibidem
1050 1385 1249 1409 sermonen]
1270 1374 1532 1410 catecheticum
1549 1375 1659 1411 habet
1676 1377 1723 1422 [22]
1746 1377 1859 1422 (627).

747 1426 785 1460 F.
805 1426 866 1461 IV.
886 1426 1018 1461 ibidem
1039 1427 1087 1472 [5³]
1115 1428 1158 1462 de
1185 1428 1399 1463 excellentia
1424 1429 1603 1474 passionis
1622 1430 1756 1466 Christi
1774 1432 1862 1466 dicit

808 1483 845 1514 et
869 1481 1022 1526 primam
1049 1481 1125 1515 eius
1152 1483 1291 1526 partem
1317 1485 1463 1516 enarrat
1490 1483 1606 1527 (618).

747 1534 814 1568 Die
834 1534 973 1568 Coenae
991 1533 1132 1568 Domini
1161 1534 1210 1580 [in
1236 1535 1324 1570 aede
1347 1535 1546 1580 maxima‘ss
1572 1539 1654 1582 post
1671 1538 1859 1582 prandium

807 1587 959 1622 alteram
986 1591 1125 1632 partem
1151 1589 1330 1634 passionis
1357 1589 1491 1624 Christi
1518 1590 1665 1635 exponit
1694 1591 1807 1635 (617).

748 1641 803 1676 Ob
828 1641 957 1676 nimios
982 1641 1124 1676 labores
1150 1645 1338 1688 susceptos
1361 1643 1453 1677 febri
1471 1646 1668 1689 correptus,
1696 1644 1751 1679 die
1774 1645 1859 1688 „Pa-

807 1696 996 1729 rasceves“
1026 1696 1225 1730 contionari
1250 1708 1320 1731 non
1346 1698 1466 1742 potest
1493 1696 1588 1741 (396.
1617 1698 1714 1742 606).

729 1771 730 1780 η
747 1748 980 1783 Schmidelini
1010 1749 1274 1794 „Abfertigung
1300 1750 1363 1784 des
1380 1750 1557 1785 Vortrabs
1575 1751 1761 1797 Staphyli“
1784 1752 1858 1786 Tri-

729 1811 730 1823 *
808 1802 955 1836 dentum
981 1802 1026 1837 ad
1052 1802 1202 1837 Hosium
1229 1803 1341 1838 mittit
1369 1803 1481 1847 (396).

729 1847 850 1890 1D0m.
876 1855 1069 1891 Paschatis
1103 1856 1139 1890 in
1174 1857 1328 1892 ecclesia
1359 1857 1558 1892 cathedrali
1585 1859 1627 1892 de
1655 1858 1790 1893 Christi
1815 1859 1861 1893 ad

730 1898 731 1912 ¹
808 1909 943 1944 inferos
982 1909 1213 1945 descensione
1253 1909 1391 1955 [contra
1427 1911 1687 1956 protestantes]
1727 1913 1763 1946 et
1802 1911 1860 1956 [ex

809 1963 999 2006 evangelio
1031 1963 1115 2009 diei]
1150 1963 1193 1998 de
1227 1964 1304 1999 eius
1338 1965 1599 2000 resurrectione
1634 1965 1861 2000 contionatur

731 2059 732 2081 ³
749 2070 787 2104 F.
806 2070 851 2104 ΙΙ.
872 2069 1062 2105 paschatis
1087 2070 1219 2105 ibidem
1238 2071 1281 2105 de
1301 2071 1435 2106 Christi
1460 2073 1569 2116 atque
1595 2071 1790 2106 electorum
1808 2084 1860 2106 re-

731 2117 732 2166 }
809 2123 1032 2158 surrectione
1058 2124 1146 2159 dicit
1173 2124 1287 2168 (617).

730 2167 788 2212 lF.
807 2177 871 2212 ΙΙΙ.
891 2177 1084 2212 Paschatis
1109 2177 1242 2212 ibidem
1267 2178 1310 2212 de
1337 2179 1460 2213 eodem
1486 2180 1700 2223 argumento
1726 2179 1860 2221 dicens,

730 2228 732 2275 s
809 2242 880 2275 qua
905 2231 1044 2265 ratione
1069 2233 1289 2266 mortuorum
1312 2231 1451 2266 animae
1469 2232 1572 2266 nobis
1589 2243 1763 2277 apparere
1780 2244 1860 2278 pos-

730 2294 731 2315 ι
808 2285 892 2326 sint,
919 2284 1066 2330 exponit
1095 2285 1209 2329 (617).

346 2397 348 2421 :
394 2375 466 2412 sub
495 2387 544 2413 m.
573 2374 690 2412 Mart.
730 2374 924 2422 (Cannio,
952 2379 994 2412 ut
1022 2375 1185 2422 videtur,
1215 2379 1383 2412 monente
1410 2375 1539 2412 Adam
1568 2375 1760 2413 lVaZasser
1789 2375 1860 2413 Dc·-

451 2862 536 2906 Apr.

451 3021 538 3066 Apr.

460 2702 545 2745 Apr.
573 2700 605 2734 5.

567 2860 620 2894 11.

567 3021 621 3055 12.

730 2443 732 2487 ξ
809 2435 933 2483 linqae
980 2439 1135 2472 veterem
1183 2434 1323 2471 librum
1372 2432 1552 2483 „Kleinot
1598 2436 1667 2472 der
1706 2433 1857 2472 Seelmst

809 2494 955 2542 evulqat
983 2493 1105 2540 (773).

346 2563 347 2575 ¹
380 2555 472 2603 post
499 2566 547 2591 m.
578 2552 693 2590 Mart.
730 2552 898 2607 [Canisii
919 2549 1130 2603 ‚,Summa“
1152 2552 1339 2602 Lugduni
1367 2553 1506 2590 iterum
1533 2554 1747 2603 excuditur,
1775 2566 1860 2590 cum

800 2613 1005 2662 privileyio
1033 2613 1140 2650 ducis
1168 2612 1385 2649 Sabaudiae
1414 2611 1536 2660 (790).

729 2688 850 2744 (Dom.
876 2698 912 2733 in
931 2698 1035 2733 Albis
1053 2697 1220 2733 Canisius
1245 2698 1281 2732 in
1306 2697 1441 2744 templo
1468 2698 1663 2733 cathedrali
1691 2699 1734 2733 de
1753 2699 1858 2740 votis,

806 2751 964 2787 maxime
999 2752 1042 2786 de
1068 2751 1248 2786 caelibatu
1273 2752 1500 2786 sacerdotum
1536 2753 1572 2786 et
1597 2752 1640 2786 de
1666 2752 1761 2786 votis
1786 2764 1858 2787 mo-

728 2794 730 2859 j
805 2805 966 2848 nasticis,
993 2804 1080 2840 dicit
1108 2804 1222 2849 (621).

728 2859 958 2894 Tridentum
992 2858 1037 2893 ad
1071 2858 1223 2894 Hosium
1256 2870 1351 2893 nova
1385 2858 1429 2892 de
1463 2858 1569 2893 rebus
1603 2858 1788 2902 religionis
1823 2860 1860 2893 et

807 2911 1092 2958 Spangenbergii
1113 2911 1244 2946 librum
1267 2912 1413 2955 „Wider
1430 2912 1487 2946 die
1505 2911 1590 2946 bose
1608 2911 1756 2946 Sieben“
1778 2911 1859 2946 mit-

746 2968 852 3055 Doxtrii
866 2965 1128 3064 &offli‘ascha
1153 3018 1190 3052 in
1214 3018 1350 3063 templo
1376 3017 1574 3053 cathedrali
1599 3018 1642 3052 de
1669 3017 1858 3062 evangelio

807 3073 877 3108 diei
903 3075 939 3107 et
965 3072 1008 3107 de
1033 3072 1130 3107 votis
1157 3071 1244 3106 dicit
1270 3071 1387 3116 (621).

363 3128 449 3173 Apr.
485 3127 568 3171 (sub
598 3126 707 3172 med.)
728 3106 729 3111 Ἰ
747 3127 817 3162 Per
833 3126 874 3161 P.
894 3125 1136 3161 Cuvillonium
1159 3125 1369 3160 Tridentum
1395 3125 1440 3159 ad
1465 3124 1616 3159 Hosium
1641 3123 1752 3160 libros
1777 3125 1857 3158 mit-

805 3180 851 3215 tit
879 3178 994 3224 (408).

154 3246 467 3279 Braunsberger‚
487 3246 598 3272 Canisii
610 3246 771 3278 Epistulae
785 3248 815 3271 et
829 3247 912 3270 Acta.
935 3245 990 3270 111.
1557 3239 1578 3271 d
