<?xml version="1.0" encoding="UTF-8"?>
<!DOCTYPE html PUBLIC "-//W3C//DTD XHTML 1.0 Transitional//EN"
    "http://www.w3.org/TR/xhtml1/DTD/xhtml1-transitional.dtd">
<html xmlns="http://www.w3.org/1999/xhtml" xml:lang="en" lang="en">
 <head>
  <title>
</title>
<meta http-equiv="Content-Type" content="text/html;charset=utf-8" />
  <meta name='ocr-system' content='tesseract 3.04.00' />
  <meta name='ocr-capabilities' content='ocr_page ocr_carea ocr_par ocr_line ocrx_word'/>
</head>
<body>
  <div class='ocr_page' id='page_1' title='image "beatipetricanisi03cani_0359.png"; bbox 0 0 2093 3444; ppageno 0'>
   <div class='ocr_carea' id='block_1_1' title="bbox 271 165 1858 212">
    <p class='ocr_par' dir='ltr' id='par_1_1' title="bbox 271 165 1858 212">
     <span class='ocr_line' id='line_1_1' title="bbox 271 165 1858 212; baseline 0.002 -12"><span class='ocrx_word' id='word_1_1' title='bbox 271 166 441 210; x_wconf 88' lang='lat' dir='ltr'>Augusta</span> <span class='ocrx_word' id='word_1_2' title='bbox 466 165 734 201; x_wconf 89' lang='lat' dir='ltr'>Vindelicorum</span> <span class='ocrx_word' id='word_1_3' title='bbox 760 178 806 200; x_wconf 87' lang='lat' dir='ltr'>m.</span> <span class='ocrx_word' id='word_1_4' title='bbox 832 166 1029 202; x_wconf 82' lang='lat' dir='ltr'>Novembri</span> <span class='ocrx_word' id='word_1_5' title='bbox 1057 166 1228 211; x_wconf 87' lang='lat' dir='ltr'>(ineunte,</span> <span class='ocrx_word' id='word_1_6' title='bbox 1254 169 1296 200; x_wconf 91' lang='lat' dir='ltr'>ut</span> <span class='ocrx_word' id='word_1_7' title='bbox 1320 166 1479 212; x_wconf 89' lang='lat' dir='ltr'>videtur)</span> <span class='ocrx_word' id='word_1_8' title='bbox 1509 179 1539 202; x_wconf 89' lang='lat' dir='ltr'>a.</span> <span class='ocrx_word' id='word_1_9' title='bbox 1569 168 1670 203; x_wconf 84' lang='lat'>1561.</span> <span class='ocrx_word' id='word_1_10' title='bbox 1774 171 1858 212; x_wconf 75' lang='lat'>283</span> 
     </span>
    </p>
   </div>
   <div class='ocr_carea' id='block_1_2' title="bbox 82 282 1863 3061">
    <p class='ocr_par' dir='ltr' id='par_1_2' title="bbox 85 282 1863 1132">
     <span class='ocr_line' id='line_1_2' title="bbox 90 282 1860 328; baseline 0.001 -11"><span class='ocrx_word' id='word_1_11' title='bbox 90 282 231 328; x_wconf 88' lang='lat' dir='ltr'>(postea</span> <span class='ocrx_word' id='word_1_12' title='bbox 258 282 291 317; x_wconf 93' lang='lat' dir='ltr'>S.</span> <span class='ocrx_word' id='word_1_13' title='bbox 319 283 367 327; x_wconf 86' lang='lat' dir='ltr'>J.)</span> <span class='ocrx_word' id='word_1_14' title='bbox 397 282 555 317; x_wconf 90' lang='lat' dir='ltr'>eminent</span> <span class='ocrx_word' id='word_1_15' title='bbox 584 283 740 328; x_wconf 79' lang='lat' dir='ltr'>(Braun,</span> <span class='ocrx_word' id='word_1_16' title='bbox 767 283 936 318; x_wconf 82' lang='lat' dir='ltr'>Bisch&#39;ofe</span> <span class='ocrx_word' id='word_1_17' title='bbox 964 284 1032 325; x_wconf 75' lang='lat'>111,</span> <span class='ocrx_word' id='word_1_18' title='bbox 1060 283 1277 327; x_wconf 81' lang='lat'>409—427).</span> <span class='ocrx_word' id='word_1_19' title='bbox 1329 283 1369 318; x_wconf 87' lang='lat' dir='ltr'>In</span> <span class='ocrx_word' id='word_1_20' title='bbox 1396 284 1596 328; x_wconf 65' lang='lat' dir='ltr'>*Cafaloyo</span> <span class='ocrx_word' id='word_1_21' title='bbox 1622 287 1741 319; x_wconf 85' lang='lat' dir='ltr'>autem</span> <span class='ocrx_word' id='word_1_22' title='bbox 1769 285 1860 319; x_wconf 90' lang='lat' dir='ltr'>eius-</span> 
     </span>
     <span class='ocr_line' id='line_1_3' title="bbox 87 336 1861 381; baseline 0.002 -11"><span class='ocrx_word' id='word_1_23' title='bbox 87 336 165 370; x_wconf 87' lang='lat' dir='ltr'>dem</span> <span class='ocrx_word' id='word_1_24' title='bbox 204 336 456 371; x_wconf 89' lang='lat' dir='ltr'>universitatis</span> <span class='ocrx_word' id='word_1_25' title='bbox 494 336 560 370; x_wconf 89' lang='lat' dir='ltr'>sub</span> <span class='ocrx_word' id='word_1_26' title='bbox 599 348 730 371; x_wconf 92' lang='lat' dir='ltr'>annum</span> <span class='ocrx_word' id='word_1_27' title='bbox 769 337 860 371; x_wconf 98' lang='grc'>1562</span> <span class='ocrx_word' id='word_1_28' title='bbox 898 337 957 371; x_wconf 87' lang='lat' dir='ltr'>vel</span> <span class='ocrx_word' id='word_1_29' title='bbox 996 338 1085 372; x_wconf 87' lang='lat'>1563</span> <span class='ocrx_word' id='word_1_30' title='bbox 1128 338 1182 381; x_wconf 91' lang='lat' dir='ltr'>(ut</span> <span class='ocrx_word' id='word_1_31' title='bbox 1219 336 1378 380; x_wconf 84' lang='lat' dir='ltr'>videtur)</span> <span class='ocrx_word' id='word_1_32' title='bbox 1416 337 1562 381; x_wconf 88' lang='lat' dir='ltr'>Dilinga</span> <span class='ocrx_word' id='word_1_33' title='bbox 1601 338 1658 371; x_wconf 84' lang='lat' dir='ltr'>vel</span> <span class='ocrx_word' id='word_1_34' title='bbox 1694 338 1861 380; x_wconf 86' lang='lat' dir='ltr'>Augusta</span> 
     </span>
     <span class='ocr_line' id='line_1_4' title="bbox 86 389 1861 436; baseline 0.001 -13"><span class='ocrx_word' id='word_1_35' title='bbox 86 390 238 424; x_wconf 89' lang='lat' dir='ltr'>Romam</span> <span class='ocrx_word' id='word_1_36' title='bbox 264 390 374 424; x_wconf 90' lang='lat' dir='ltr'>misso</span> <span class='ocrx_word' id='word_1_37' title='bbox 393 389 429 423; x_wconf 91' lang='lat' dir='ltr'>hi</span> <span class='ocrx_word' id='word_1_38' title='bbox 448 391 675 434; x_wconf 70' lang='lat' dir='ltr'>comparent:</span> <span class='ocrx_word' id='word_1_39' title='bbox 695 391 827 424; x_wconf 88' lang='lat' dir='ltr'>Rector</span> <span class='ocrx_word' id='word_1_40' title='bbox 845 393 881 424; x_wconf 90' lang='lat' dir='ltr'>et</span> <span class='ocrx_word' id='word_1_41' title='bbox 898 391 1080 435; x_wconf 80' lang='lat' dir='ltr'>professor</span> <span class='ocrx_word' id='word_1_42' title='bbox 1099 390 1365 436; x_wconf 83' lang='lat' dir='ltr'>philosophiae:</span> <span class='ocrx_word' id='word_1_43' title='bbox 1390 391 1457 432; x_wconf 81' lang='lat' dir='ltr'>„M.</span> <span class='ocrx_word' id='word_1_44' title='bbox 1477 391 1663 425; x_wconf 86' lang='lat' dir='ltr'>Cornelius</span> <span class='ocrx_word' id='word_1_45' title='bbox 1684 392 1861 426; x_wconf 86' lang='lat' dir='ltr'>Herlenus</span> 
     </span>
     <span class='ocr_line' id='line_1_5' title="bbox 87 442 1861 489; baseline 0.002 -13"><span class='ocrx_word' id='word_1_46' title='bbox 87 443 309 487; x_wconf 85' lang='lat' dir='ltr'>Theologus“</span> <span class='ocrx_word' id='word_1_47' title='bbox 354 442 412 487; x_wconf 69' lang='lat' dir='ltr'>[z</span> <span class='ocrx_word' id='word_1_48' title='bbox 450 443 654 487; x_wconf 78' lang='lat' dir='ltr'>theologiae</span> <span class='ocrx_word' id='word_1_49' title='bbox 693 443 849 488; x_wconf 87' lang='lat' dir='ltr'>doctor];</span> <span class='ocrx_word' id='word_1_50' title='bbox 888 444 1070 489; x_wconf 81' lang='lat' dir='ltr'>professor</span> <span class='ocrx_word' id='word_1_51' title='bbox 1107 443 1331 488; x_wconf 72' lang='lat' dir='ltr'>theologiae:</span> <span class='ocrx_word' id='word_1_52' title='bbox 1376 444 1442 486; x_wconf 82' lang='lat' dir='ltr'>„M.</span> <span class='ocrx_word' id='word_1_53' title='bbox 1476 444 1667 479; x_wconf 88' lang='lat' dir='ltr'>Mathaeus</span> <span class='ocrx_word' id='word_1_54' title='bbox 1703 445 1861 480; x_wconf 76' lang='lat' dir='ltr'>Galenus</span> 
     </span>
     <span class='ocr_line' id='line_1_6' title="bbox 86 495 1859 542; baseline 0.001 -12"><span class='ocrx_word' id='word_1_55' title='bbox 86 495 329 540; x_wconf 77' lang='lat' dir='ltr'>Theologus“;</span> <span class='ocrx_word' id='word_1_56' title='bbox 347 496 529 541; x_wconf 85' lang='lat' dir='ltr'>professor</span> <span class='ocrx_word' id='word_1_57' title='bbox 547 496 809 542; x_wconf 81' lang='lat' dir='ltr'>philosophiae:</span> <span class='ocrx_word' id='word_1_58' title='bbox 833 497 900 539; x_wconf 78' lang='lat' dir='ltr'>„M.</span> <span class='ocrx_word' id='word_1_59' title='bbox 918 497 1100 532; x_wconf 80' lang='lat' dir='ltr'>Adrianus</span> <span class='ocrx_word' id='word_1_60' title='bbox 1118 498 1307 532; x_wconf 88' lang='lat' dir='ltr'>Bessemer</span> <span class='ocrx_word' id='word_1_61' title='bbox 1321 497 1536 541; x_wconf 88' lang='lat' dir='ltr'>Theologiae</span> <span class='ocrx_word' id='word_1_62' title='bbox 1555 498 1838 532; x_wconf 73' lang='lat' dir='ltr'>Baccalaureus“</span> <span class='ocrx_word' id='word_1_63' title='bbox 1853 512 1859 538; x_wconf 76' lang='lat'><em>3</em></span> 
     </span>
     <span class='ocr_line' id='line_1_7' title="bbox 90 549 1859 596; baseline 0.001 -13"><span class='ocrx_word' id='word_1_64' title='bbox 90 549 323 592; x_wconf 72' lang='lat' dir='ltr'>„Rhetoricae</span> <span class='ocrx_word' id='word_1_65' title='bbox 349 549 621 585; x_wconf 82' lang='lat' dir='ltr'>Professores“:</span> <span class='ocrx_word' id='word_1_66' title='bbox 657 550 724 592; x_wconf 80' lang='lat' dir='ltr'>,M.</span> <span class='ocrx_word' id='word_1_67' title='bbox 752 550 959 585; x_wconf 88' lang='lat' dir='ltr'>Theodorus</span> <span class='ocrx_word' id='word_1_68' title='bbox 986 551 1205 596; x_wconf 84' lang='lat' dir='ltr'>Sprangius“</span> <span class='ocrx_word' id='word_1_69' title='bbox 1236 554 1272 585; x_wconf 89' lang='lat' dir='ltr'>et</span> <span class='ocrx_word' id='word_1_70' title='bbox 1303 551 1369 593; x_wconf 80' lang='lat' dir='ltr'>‚,M.</span> <span class='ocrx_word' id='word_1_71' title='bbox 1398 551 1556 585; x_wconf 83' lang='lat' dir='ltr'>Jacobus</span> <span class='ocrx_word' id='word_1_72' title='bbox 1582 551 1859 592; x_wconf 78' lang='lat' dir='ltr'>Menchusius“;</span> 
     </span>
     <span class='ocr_line' id='line_1_8' title="bbox 86 602 1860 648; baseline 0.001 -10"><span class='ocrx_word' id='word_1_73' title='bbox 86 602 352 638; x_wconf 85' lang='lat' dir='ltr'>Grammaticae</span> <span class='ocrx_word' id='word_1_74' title='bbox 389 603 630 648; x_wconf 81' lang='lat' dir='ltr'>professores:</span> <span class='ocrx_word' id='word_1_75' title='bbox 675 604 741 646; x_wconf 83' lang='lat' dir='ltr'>,M.</span> <span class='ocrx_word' id='word_1_76' title='bbox 780 604 937 638; x_wconf 85' lang='lat' dir='ltr'>Joannes</span> <span class='ocrx_word' id='word_1_77' title='bbox 976 604 1194 646; x_wconf 82' lang='lat' dir='ltr'>Ruttilius“,</span> <span class='ocrx_word' id='word_1_78' title='bbox 1238 604 1304 646; x_wconf 87' lang='lat' dir='ltr'>„M.</span> <span class='ocrx_word' id='word_1_79' title='bbox 1341 604 1507 638; x_wconf 86' lang='lat' dir='ltr'>Kilianus</span> <span class='ocrx_word' id='word_1_80' title='bbox 1545 605 1860 646; x_wconf 81' lang='lat' dir='ltr'>Blanckenstein“‚</span> 
     </span>
     <span class='ocr_line' id='line_1_9' title="bbox 90 656 1863 701; baseline 0.001 -11"><span class='ocrx_word' id='word_1_81' title='bbox 90 656 157 699; x_wconf 87' lang='lat' dir='ltr'>„M.</span> <span class='ocrx_word' id='word_1_82' title='bbox 177 656 405 691; x_wconf 80' lang='lat' dir='ltr'>Christianus</span> <span class='ocrx_word' id='word_1_83' title='bbox 420 657 601 700; x_wconf 84' lang='lat' dir='ltr'>Vagner“,</span> <span class='ocrx_word' id='word_1_84' title='bbox 624 657 803 698; x_wconf 84' lang='lat' dir='ltr'>„Joannes</span> <span class='ocrx_word' id='word_1_85' title='bbox 823 657 1067 692; x_wconf 84' lang='lat' dir='ltr'>Gesswinus“.</span> <span class='ocrx_word' id='word_1_86' title='bbox 1107 658 1319 700; x_wconf 83' lang='lat' dir='ltr'>„Auditores</span> <span class='ocrx_word' id='word_1_87' title='bbox 1337 658 1554 701; x_wconf 85' lang='lat' dir='ltr'>Theologiae</span> <span class='ocrx_word' id='word_1_88' title='bbox 1574 658 1636 693; x_wconf 76' lang='lat'>18“</span> <span class='ocrx_word' id='word_1_89' title='bbox 1653 672 1660 700; x_wconf 74' lang='lat'><em>3</em></span> <span class='ocrx_word' id='word_1_90' title='bbox 1693 659 1863 700; x_wconf 75' lang='lat' dir='ltr'>„studiosi</span> 
     </span>
     <span class='ocr_line' id='line_1_10' title="bbox 85 709 1856 756; baseline 0.001 -12"><span class='ocrx_word' id='word_1_91' title='bbox 85 709 337 755; x_wconf 86' lang='lat' dir='ltr'>Philosophiae</span> <span class='ocrx_word' id='word_1_92' title='bbox 355 711 419 745; x_wconf 77' lang='lat'>40“</span> <span class='ocrx_word' id='word_1_93' title='bbox 438 724 445 751; x_wconf 84' lang='lat'>;</span> <span class='ocrx_word' id='word_1_94' title='bbox 477 710 649 754; x_wconf 74' lang='lat' dir='ltr'>„studiosi</span> <span class='ocrx_word' id='word_1_95' title='bbox 675 711 710 745; x_wconf 91' lang='lat' dir='ltr'>in</span> <span class='ocrx_word' id='word_1_96' title='bbox 729 711 937 745; x_wconf 88' lang='lat' dir='ltr'>uniuersum</span> <span class='ocrx_word' id='word_1_97' title='bbox 956 711 1030 745; x_wconf 86' lang='lat' dir='ltr'>fere</span> <span class='ocrx_word' id='word_1_98' title='bbox 1049 711 1192 746; x_wconf 87' lang='lat' dir='ltr'>ducenti</span> <span class='ocrx_word' id='word_1_99' title='bbox 1211 711 1492 756; x_wconf 77' lang='lat' dir='ltr'>quinquaginta“</span> <span class='ocrx_word' id='word_1_100' title='bbox 1517 712 1617 756; x_wconf 76' lang='lat' dir='ltr'>(Cod.</span> <span class='ocrx_word' id='word_1_101' title='bbox 1642 711 1703 754; x_wconf 80' lang='lat' dir='ltr'>„G.</span> <span class='ocrx_word' id='word_1_102' title='bbox 1724 713 1761 747; x_wconf 89' lang='lat' dir='ltr'>C.</span> <span class='ocrx_word' id='word_1_103' title='bbox 1781 713 1856 746; x_wconf 76' lang='lat'>67.“</span> 
     </span>
     <span class='ocr_line' id='line_1_11' title="bbox 85 764 1862 809; baseline 0.001 -12"><span class='ocrx_word' id='word_1_104' title='bbox 85 775 119 809; x_wconf 88' lang='lat' dir='ltr'>p.</span> <span class='ocrx_word' id='word_1_105' title='bbox 139 764 237 808; x_wconf 81' lang='lat'>287),</span> <span class='ocrx_word' id='word_1_106' title='bbox 279 764 486 807; x_wconf 87' lang='lat' dir='ltr'>„Cornelius</span> <span class='ocrx_word' id='word_1_107' title='bbox 504 764 683 799; x_wconf 88' lang='lat' dir='ltr'>Herlenus</span> <span class='ocrx_word' id='word_1_108' title='bbox 702 776 722 798; x_wconf 90' lang='lat' dir='ltr'>a</span> <span class='ocrx_word' id='word_1_109' title='bbox 741 764 957 798; x_wconf 84' lang='lat' dir='ltr'>Rosenthal“</span> <span class='ocrx_word' id='word_1_110' title='bbox 992 764 1069 808; x_wconf 92' lang='lat' dir='ltr'>(alii</span> <span class='ocrx_word' id='word_1_111' title='bbox 1095 765 1213 799; x_wconf 88' lang='lat' dir='ltr'>minus</span> <span class='ocrx_word' id='word_1_112' title='bbox 1236 768 1334 799; x_wconf 88' lang='lat' dir='ltr'>recte</span> <span class='ocrx_word' id='word_1_113' title='bbox 1353 765 1576 800; x_wconf 86' lang='lat' dir='ltr'>Harlemium</span> <span class='ocrx_word' id='word_1_114' title='bbox 1603 778 1684 800; x_wconf 87' lang='lat' dir='ltr'>eum</span> <span class='ocrx_word' id='word_1_115' title='bbox 1702 767 1862 809; x_wconf 86' lang='lat' dir='ltr'>vocant),</span> 
     </span>
     <span class='ocr_line' id='line_1_12' title="bbox 86 817 1860 863; baseline 0.001 -12"><span class='ocrx_word' id='word_1_116' title='bbox 86 817 147 862; x_wconf 89' lang='lat' dir='ltr'>qui</span> <span class='ocrx_word' id='word_1_117' title='bbox 166 829 211 851; x_wconf 85' lang='lat' dir='ltr'>ex</span> <span class='ocrx_word' id='word_1_118' title='bbox 228 829 321 862; x_wconf 87' lang='lat' dir='ltr'>pago</span> <span class='ocrx_word' id='word_1_119' title='bbox 340 818 567 852; x_wconf 87' lang='lat' dir='ltr'>Roozendaal</span> <span class='ocrx_word' id='word_1_120' title='bbox 587 818 697 861; x_wconf 86' lang='lat' dir='ltr'>(nunc</span> <span class='ocrx_word' id='word_1_121' title='bbox 714 817 920 862; x_wconf 87' lang='lat' dir='ltr'>provinciae</span> <span class='ocrx_word' id='word_1_122' title='bbox 940 819 1156 853; x_wconf 86' lang='lat' dir='ltr'>Brabantiae</span> <span class='ocrx_word' id='word_1_123' title='bbox 1174 819 1478 863; x_wconf 87' lang='lat' dir='ltr'>septentrionalis,</span> <span class='ocrx_word' id='word_1_124' title='bbox 1505 818 1606 863; x_wconf 89' lang='lat' dir='ltr'>regni</span> <span class='ocrx_word' id='word_1_125' title='bbox 1625 819 1860 863; x_wconf 86' lang='lat' dir='ltr'>neerlandici)</span> 
     </span>
     <span class='ocr_line' id='line_1_13' title="bbox 85 871 1863 913; baseline 0.002 -9"><span class='ocrx_word' id='word_1_126' title='bbox 85 873 186 905; x_wconf 81' lang='lat' dir='ltr'>ortus</span> <span class='ocrx_word' id='word_1_127' title='bbox 212 882 292 905; x_wconf 87' lang='lat' dir='ltr'>esse</span> <span class='ocrx_word' id='word_1_128' title='bbox 319 871 482 912; x_wconf 90' lang='lat' dir='ltr'>videtur,</span> <span class='ocrx_word' id='word_1_129' title='bbox 519 883 610 905; x_wconf 91' lang='lat' dir='ltr'>anno</span> <span class='ocrx_word' id='word_1_130' title='bbox 640 871 749 913; x_wconf 89' lang='lat'>1564,</span> <span class='ocrx_word' id='word_1_131' title='bbox 785 883 865 905; x_wconf 78' lang='lat' dir='ltr'>cuin</span> <span class='ocrx_word' id='word_1_132' title='bbox 893 871 1065 906; x_wconf 85' lang='lat' dir='ltr'>Soc-ietati</span> <span class='ocrx_word' id='word_1_133' title='bbox 1092 872 1171 905; x_wconf 87' lang='lat' dir='ltr'>lesu</span> <span class='ocrx_word' id='word_1_134' title='bbox 1210 873 1252 906; x_wconf 85' lang='lat' dir='ltr'>ab</span> <span class='ocrx_word' id='word_1_135' title='bbox 1279 872 1411 907; x_wconf 84' lang='lat' dir='ltr'>Ottone</span> <span class='ocrx_word' id='word_1_136' title='bbox 1447 873 1627 907; x_wconf 73' lang='lat' dir='ltr'>cardinale</span> <span class='ocrx_word' id='word_1_137' title='bbox 1658 873 1863 907; x_wconf 87' lang='lat' dir='ltr'>traderetur</span> 
     </span>
     <span class='ocr_line' id='line_1_14' title="bbox 85 924 1863 970; baseline 0.001 -12"><span class='ocrx_word' id='word_1_138' title='bbox 85 924 305 959; x_wconf 70' lang='lat' dir='ltr'>universitas</span> <span class='ocrx_word' id='word_1_139' title='bbox 333 925 528 969; x_wconf 85' lang='lat' dir='ltr'>dilingana,</span> <span class='ocrx_word' id='word_1_140' title='bbox 554 924 661 959; x_wconf 88' lang='lat' dir='ltr'>huius</span> <span class='ocrx_word' id='word_1_141' title='bbox 691 924 964 968; x_wconf 77' lang='lat' dir='ltr'>„gubernator“,</span> <span class='ocrx_word' id='word_1_142' title='bbox 991 937 1082 959; x_wconf 91' lang='lat' dir='ltr'>anno</span> <span class='ocrx_word' id='word_1_143' title='bbox 1112 926 1202 960; x_wconf 87' lang='lat'>1568</span> <span class='ocrx_word' id='word_1_144' title='bbox 1230 926 1429 970; x_wconf 86' lang='lat' dir='ltr'>collegialis</span> <span class='ocrx_word' id='word_1_145' title='bbox 1455 927 1628 961; x_wconf 89' lang='lat' dir='ltr'>ecclesiae</span> <span class='ocrx_word' id='word_1_146' title='bbox 1647 927 1681 961; x_wconf 87' lang='lat' dir='ltr'>S.</span> <span class='ocrx_word' id='word_1_147' title='bbox 1700 926 1863 960; x_wconf 88' lang='lat' dir='ltr'>Mauritii</span> 
     </span>
     <span class='ocr_line' id='line_1_15' title="bbox 86 978 1861 1024; baseline 0.001 -12"><span class='ocrx_word' id='word_1_148' title='bbox 86 980 311 1022; x_wconf 83' lang='lat' dir='ltr'>augustanae</span> <span class='ocrx_word' id='word_1_149' title='bbox 347 978 541 1013; x_wconf 89' lang='lat' dir='ltr'>canonicus</span> <span class='ocrx_word' id='word_1_150' title='bbox 577 978 794 1012; x_wconf 88' lang='lat' dir='ltr'>constitutus</span> <span class='ocrx_word' id='word_1_151' title='bbox 830 981 886 1012; x_wconf 89' lang='lat' dir='ltr'>est</span> <span class='ocrx_word' id='word_1_152' title='bbox 915 979 1015 1021; x_wconf 78' lang='lat' dir='ltr'>(Car.</span> <span class='ocrx_word' id='word_1_153' title='bbox 1045 980 1240 1024; x_wconf 74' lang='lat' dir='ltr'>Stenyelius</span> <span class='ocrx_word' id='word_1_154' title='bbox 1275 979 1316 1014; x_wconf 90' lang='lat' dir='ltr'>O.</span> <span class='ocrx_word' id='word_1_155' title='bbox 1344 979 1377 1014; x_wconf 88' lang='lat' dir='ltr'>S.</span> <span class='ocrx_word' id='word_1_156' title='bbox 1404 980 1464 1022; x_wconf 84' lang='lat' dir='ltr'>B.,</span> <span class='ocrx_word' id='word_1_157' title='bbox 1500 980 1632 1014; x_wconf 85' lang='lat' dir='ltr'>Rerum</span> <span class='ocrx_word' id='word_1_158' title='bbox 1659 981 1861 1024; x_wconf 88' lang='lat' dir='ltr'>Augustan.</span> 
     </span>
     <span class='ocr_line' id='line_1_16' title="bbox 85 1031 1862 1078; baseline 0.001 -12"><span class='ocrx_word' id='word_1_159' title='bbox 85 1031 226 1066; x_wconf 88' lang='lat' dir='ltr'>Vindel.</span> <span class='ocrx_word' id='word_1_160' title='bbox 255 1032 540 1066; x_wconf 86' lang='lat' dir='ltr'>Commentarius</span> <span class='ocrx_word' id='word_1_161' title='bbox 569 1031 795 1075; x_wconf 75' lang='lat' dir='ltr'>[ingolstadii</span> <span class='ocrx_word' id='word_1_162' title='bbox 824 1032 928 1076; x_wconf 81' lang='grc'>1647]</span> <span class='ocrx_word' id='word_1_163' title='bbox 955 1045 987 1077; x_wconf 87' lang='lat' dir='ltr'>p.</span> <span class='ocrx_word' id='word_1_164' title='bbox 1016 1033 1096 1067; x_wconf 72' lang='grc'>286.</span> <span class='ocrx_word' id='word_1_165' title='bbox 1146 1034 1232 1067; x_wconf 72' lang='lat' dir='ltr'>Lor.</span> <span class='ocrx_word' id='word_1_166' title='bbox 1261 1034 1442 1078; x_wconf 70' lang='lat' dir='ltr'>Stempfle,</span> <span class='ocrx_word' id='word_1_167' title='bbox 1474 1034 1540 1068; x_wconf 90' lang='lat' dir='ltr'>Die</span> <span class='ocrx_word' id='word_1_168' title='bbox 1570 1034 1794 1068; x_wconf 77' lang='lat' dir='ltr'>Universitat</span> <span class='ocrx_word' id='word_1_169' title='bbox 1818 1046 1862 1068; x_wconf 89' lang='lat' dir='ltr'>zu</span> 
     </span>
     <span class='ocr_line' id='line_1_17' title="bbox 85 1085 1670 1132; baseline 0.002 -13"><span class='ocrx_word' id='word_1_170' title='bbox 85 1085 256 1129; x_wconf 86' lang='lat' dir='ltr'>Dilingen</span> <span class='ocrx_word' id='word_1_171' title='bbox 281 1086 317 1120; x_wconf 92' lang='lat' dir='ltr'>in</span> <span class='ocrx_word' id='word_1_172' title='bbox 342 1085 440 1120; x_wconf 86' lang='lat' dir='ltr'>ihrer</span> <span class='ocrx_word' id='word_1_173' title='bbox 467 1085 667 1128; x_wconf 73' lang='lat' dir='ltr'>Grundung</span> <span class='ocrx_word' id='word_1_174' title='bbox 693 1085 764 1119; x_wconf 90' lang='lat' dir='ltr'>und</span> <span class='ocrx_word' id='word_1_175' title='bbox 792 1088 911 1120; x_wconf 89' lang='lat' dir='ltr'>ersten</span> <span class='ocrx_word' id='word_1_176' title='bbox 939 1086 1070 1120; x_wconf 73' lang='lat' dir='ltr'>Bli&#39;ithe</span> <span class='ocrx_word' id='word_1_177' title='bbox 1098 1086 1280 1130; x_wconf 84' lang='lat' dir='ltr'>[Dilingen</span> <span class='ocrx_word' id='word_1_178' title='bbox 1309 1086 1413 1131; x_wconf 83' lang='lat'>1833]</span> <span class='ocrx_word' id='word_1_179' title='bbox 1440 1100 1473 1132; x_wconf 87' lang='lat' dir='ltr'>p.</span> <span class='ocrx_word' id='word_1_180' title='bbox 1504 1088 1670 1131; x_wconf 72' lang='lat'>17—18).</span> 
     </span>
    </p>

    <p class='ocr_par' dir='ltr' id='par_1_3' title="bbox 85 1138 1862 1346">
     <span class='ocr_line' id='line_1_18' title="bbox 205 1138 1862 1184; baseline 0.001 -11"><span class='ocrx_word' id='word_1_181' title='bbox 205 1138 308 1173; x_wconf 90' lang='lat' dir='ltr'>Diem</span> <span class='ocrx_word' id='word_1_182' title='bbox 335 1139 479 1184; x_wconf 88' lang='lat' dir='ltr'>quidem</span> <span class='ocrx_word' id='word_1_183' title='bbox 506 1138 672 1174; x_wconf 89' lang='lat' dir='ltr'>Canisius</span> <span class='ocrx_word' id='word_1_184' title='bbox 698 1139 830 1173; x_wconf 89' lang='lat' dir='ltr'>litteris</span> <span class='ocrx_word' id='word_1_185' title='bbox 860 1151 929 1173; x_wconf 90' lang='lat' dir='ltr'>non</span> <span class='ocrx_word' id='word_1_186' title='bbox 957 1140 1144 1184; x_wconf 86' lang='lat' dir='ltr'>ascripsit;</span> <span class='ocrx_word' id='word_1_187' title='bbox 1182 1151 1242 1174; x_wconf 86' lang='lat' dir='ltr'>eas</span> <span class='ocrx_word' id='word_1_188' title='bbox 1268 1142 1389 1174; x_wconf 86' lang='lat' dir='ltr'>tamen</span> <span class='ocrx_word' id='word_1_189' title='bbox 1414 1141 1560 1175; x_wconf 87' lang='lat' dir='ltr'>ineunte</span> <span class='ocrx_word' id='word_1_190' title='bbox 1595 1153 1640 1176; x_wconf 89' lang='lat' dir='ltr'>m.</span> <span class='ocrx_word' id='word_1_191' title='bbox 1668 1141 1862 1175; x_wconf 91' lang='lat' dir='ltr'>Novembri</span> 
     </span>
     <span class='ocr_line' id='line_1_19' title="bbox 85 1192 1862 1239; baseline 0.001 -12"><span class='ocrx_word' id='word_1_192' title='bbox 85 1192 190 1227; x_wconf 89' lang='lat' dir='ltr'>datas</span> <span class='ocrx_word' id='word_1_193' title='bbox 224 1204 323 1235; x_wconf 88' lang='lat' dir='ltr'>esse,</span> <span class='ocrx_word' id='word_1_194' title='bbox 372 1205 418 1227; x_wconf 81' lang='lat' dir='ltr'>ex</span> <span class='ocrx_word' id='word_1_195' title='bbox 450 1205 490 1227; x_wconf 88' lang='lat' dir='ltr'>eo</span> <span class='ocrx_word' id='word_1_196' title='bbox 527 1192 688 1227; x_wconf 84' lang='lat' dir='ltr'>conicere</span> <span class='ocrx_word' id='word_1_197' title='bbox 724 1192 828 1233; x_wconf 88' lang='lat' dir='ltr'>licet,</span> <span class='ocrx_word' id='word_1_198' title='bbox 871 1193 965 1237; x_wconf 85' lang='lat' dir='ltr'>quod</span> <span class='ocrx_word' id='word_1_199' title='bbox 1000 1193 1208 1227; x_wconf 85' lang='lat' dir='ltr'>Matthaeus</span> <span class='ocrx_word' id='word_1_200' title='bbox 1244 1193 1403 1228; x_wconf 83' lang='lat' dir='ltr'>Galenus</span> <span class='ocrx_word' id='word_1_201' title='bbox 1437 1195 1621 1239; x_wconf 87' lang='lat' dir='ltr'>professor</span> <span class='ocrx_word' id='word_1_202' title='bbox 1656 1195 1862 1238; x_wconf 87' lang='lat' dir='ltr'>dilinganus</span> 
     </span>
     <span class='ocr_line' id='line_1_20' title="bbox 85 1246 1862 1291; baseline 0.001 -11"><span class='ocrx_word' id='word_1_203' title='bbox 85 1246 117 1280; x_wconf 88' lang='lat'>4.</span> <span class='ocrx_word' id='word_1_204' title='bbox 144 1246 360 1281; x_wconf 88' lang='lat' dir='ltr'>Novembris</span> <span class='ocrx_word' id='word_1_205' title='bbox 397 1247 486 1281; x_wconf 85' lang='lat'>1561</span> <span class='ocrx_word' id='word_1_206' title='bbox 524 1246 666 1281; x_wconf 88' lang='lat' dir='ltr'>Canisio</span> <span class='ocrx_word' id='word_1_207' title='bbox 702 1246 867 1291; x_wconf 84' lang='lat' dir='ltr'>scripsit:</span> <span class='ocrx_word' id='word_1_208' title='bbox 907 1246 999 1287; x_wconf 75' lang='lat' dir='ltr'>„Nos</span> <span class='ocrx_word' id='word_1_209' title='bbox 1036 1246 1283 1281; x_wconf 89' lang='lat' dir='ltr'>Stridoniadae</span> <span class='ocrx_word' id='word_1_210' title='bbox 1405 1248 1546 1282; x_wconf 87' lang='lat' dir='ltr'>donasti</span> <span class='ocrx_word' id='word_1_211' title='bbox 1670 1248 1862 1289; x_wconf 83' lang='lat' dir='ltr'>thesauris,</span> 
     </span>
     <span class='ocr_line' id='line_1_21' title="bbox 85 1300 1345 1346; baseline 0.001 -12"><span class='ocrx_word' id='word_1_212' title='bbox 85 1300 193 1334; x_wconf 90' lang='lat' dir='ltr'>simul</span> <span class='ocrx_word' id='word_1_213' title='bbox 219 1312 261 1335; x_wconf 93' lang='lat' dir='ltr'>ac</span> <span class='ocrx_word' id='word_1_214' title='bbox 288 1300 477 1335; x_wconf 85' lang='lat' dir='ltr'>dicationis</span> <span class='ocrx_word' id='word_1_215' title='bbox 504 1311 542 1334; x_wconf 91' lang='lat' dir='ltr'>es</span> <span class='ocrx_word' id='word_1_216' title='bbox 569 1300 738 1344; x_wconf 85' lang='lat' dir='ltr'>dignatus</span> <span class='ocrx_word' id='word_1_217' title='bbox 764 1300 940 1341; x_wconf 67' lang='lat' dir='ltr'>honore“;</span> <span class='ocrx_word' id='word_1_218' title='bbox 967 1301 1049 1334; x_wconf 82' lang='lat' dir='ltr'>vide</span> <span class='ocrx_word' id='word_1_219' title='bbox 1075 1301 1178 1342; x_wconf 83' lang='lat' dir='ltr'>infra,</span> <span class='ocrx_word' id='word_1_220' title='bbox 1205 1313 1238 1346; x_wconf 86' lang='lat' dir='ltr'>p.</span> <span class='ocrx_word' id='word_1_221' title='bbox 1265 1301 1345 1335; x_wconf 84' lang='grc'>289.</span> 
     </span>
    </p>

    <p class='ocr_par' dir='ltr' id='par_1_4' title="bbox 82 1352 1863 2686">
     <span class='ocr_line' id='line_1_22' title="bbox 207 1352 1861 1398; baseline 0.001 -10"><span class='ocrx_word' id='word_1_222' title='bbox 207 1353 296 1388; x_wconf 91' lang='lat' dir='ltr'>Cum</span> <span class='ocrx_word' id='word_1_223' title='bbox 323 1353 459 1388; x_wconf 87' lang='lat' dir='ltr'>Canisii</span> <span class='ocrx_word' id='word_1_224' title='bbox 486 1353 529 1387; x_wconf 88' lang='lat' dir='ltr'>de</span> <span class='ocrx_word' id='word_1_225' title='bbox 555 1353 705 1387; x_wconf 85' lang='lat' dir='ltr'>Erasmo</span> <span class='ocrx_word' id='word_1_226' title='bbox 741 1352 870 1387; x_wconf 86' lang='lat' dir='ltr'>iudicio</span> <span class='ocrx_word' id='word_1_227' title='bbox 903 1354 1087 1397; x_wconf 87' lang='lat' dir='ltr'>congruit,</span> <span class='ocrx_word' id='word_1_228' title='bbox 1125 1355 1217 1398; x_wconf 88' lang='lat' dir='ltr'>quod</span> <span class='ocrx_word' id='word_1_229' title='bbox 1250 1355 1486 1393; x_wconf 63' lang='lat' dir='ltr'>Theodoriana</span> <span class='ocrx_word' id='word_1_230' title='bbox 1516 1355 1578 1389; x_wconf 89' lang='lat' dir='ltr'>ille</span> <span class='ocrx_word' id='word_1_231' title='bbox 1605 1357 1740 1389; x_wconf 69' lang='lat' dir='ltr'>Hezz&#39;us</span> <span class='ocrx_word' id='word_1_232' title='bbox 1766 1355 1861 1397; x_wconf 87' lang='lat' dir='ltr'>dicit,</span> 
     </span>
     <span class='ocr_line' id='line_1_23' title="bbox 86 1406 1863 1453; baseline 0.002 -13"><span class='ocrx_word' id='word_1_233' title='bbox 86 1407 146 1452; x_wconf 91' lang='lat' dir='ltr'>qui</span> <span class='ocrx_word' id='word_1_234' title='bbox 173 1406 356 1442; x_wconf 90' lang='lat' dir='ltr'>Hadriano</span> <span class='ocrx_word' id='word_1_235' title='bbox 382 1407 444 1441; x_wconf 85' lang='lat' dir='ltr'>VI.</span> <span class='ocrx_word' id='word_1_236' title='bbox 472 1406 632 1452; x_wconf 85' lang='lat' dir='ltr'>pontifici</span> <span class='ocrx_word' id='word_1_237' title='bbox 669 1409 705 1440; x_wconf 89' lang='lat' dir='ltr'>et</span> <span class='ocrx_word' id='word_1_238' title='bbox 741 1418 761 1440; x_wconf 88' lang='lat' dir='ltr'>a</span> <span class='ocrx_word' id='word_1_239' title='bbox 796 1407 947 1441; x_wconf 88' lang='lat' dir='ltr'>secretis</span> <span class='ocrx_word' id='word_1_240' title='bbox 983 1409 1019 1441; x_wconf 90' lang='lat' dir='ltr'>et</span> <span class='ocrx_word' id='word_1_241' title='bbox 1053 1419 1074 1441; x_wconf 88' lang='lat' dir='ltr'>a</span> <span class='ocrx_word' id='word_1_242' title='bbox 1108 1408 1221 1442; x_wconf 87' lang='lat' dir='ltr'>sacris</span> <span class='ocrx_word' id='word_1_243' title='bbox 1258 1407 1541 1442; x_wconf 84' lang='lat' dir='ltr'>confessionibus</span> <span class='ocrx_word' id='word_1_244' title='bbox 1576 1408 1695 1443; x_wconf 85' lang='lat' dir='ltr'>fuerat</span> <span class='ocrx_word' id='word_1_245' title='bbox 1731 1409 1863 1453; x_wconf 88' lang='lat' dir='ltr'>quique</span> 
     </span>
     <span class='ocr_line' id='line_1_24' title="bbox 85 1459 1862 1505; baseline 0.001 -11"><span class='ocrx_word' id='word_1_246' title='bbox 85 1472 117 1494; x_wconf 91' lang='lat' dir='ltr'>a.</span> <span class='ocrx_word' id='word_1_247' title='bbox 146 1461 236 1494; x_wconf 86' lang='lat'>1543</span> <span class='ocrx_word' id='word_1_248' title='bbox 273 1472 293 1495; x_wconf 93' lang='lat' dir='ltr'>a</span> <span class='ocrx_word' id='word_1_249' title='bbox 318 1461 431 1495; x_wconf 89' lang='lat' dir='ltr'>Beato</span> <span class='ocrx_word' id='word_1_250' title='bbox 458 1461 566 1495; x_wconf 89' lang='lat' dir='ltr'>Petro</span> <span class='ocrx_word' id='word_1_251' title='bbox 593 1460 707 1495; x_wconf 88' lang='lat' dir='ltr'>Fabro</span> <span class='ocrx_word' id='word_1_252' title='bbox 742 1459 776 1495; x_wconf 87' lang='lat' dir='ltr'>S.</span> <span class='ocrx_word' id='word_1_253' title='bbox 804 1461 836 1495; x_wconf 87' lang='lat' dir='ltr'>J.</span> <span class='ocrx_word' id='word_1_254' title='bbox 872 1461 986 1495; x_wconf 88' lang='lat' dir='ltr'>sacris</span> <span class='ocrx_word' id='word_1_255' title='bbox 1022 1460 1055 1496; x_wconf 87' lang='lat' dir='ltr'>S.</span> <span class='ocrx_word' id='word_1_256' title='bbox 1084 1461 1214 1505; x_wconf 89' lang='lat' dir='ltr'>Ignatii</span> <span class='ocrx_word' id='word_1_257' title='bbox 1251 1462 1432 1496; x_wconf 80' lang='lat' dir='ltr'>exercitiis</span> <span class='ocrx_word' id='word_1_258' title='bbox 1469 1462 1654 1504; x_wconf 76' lang='lat' dir='ltr'>excultus,</span> <span class='ocrx_word' id='word_1_259' title='bbox 1692 1462 1862 1497; x_wconf 87' lang='lat' dir='ltr'>Societati</span> 
     </span>
     <span class='ocr_line' id='line_1_25' title="bbox 85 1513 1862 1560; baseline 0.001 -11"><span class='ocrx_word' id='word_1_260' title='bbox 85 1515 194 1559; x_wconf 89' lang='lat' dir='ltr'>atque</span> <span class='ocrx_word' id='word_1_261' title='bbox 220 1514 289 1560; x_wconf 88' lang='lat' dir='ltr'>ipsi</span> <span class='ocrx_word' id='word_1_262' title='bbox 316 1514 424 1549; x_wconf 89' lang='lat' dir='ltr'>etiam</span> <span class='ocrx_word' id='word_1_263' title='bbox 453 1513 596 1548; x_wconf 86' lang='lat' dir='ltr'>Canisio</span> <span class='ocrx_word' id='word_1_264' title='bbox 623 1514 879 1548; x_wconf 85' lang='lat' dir='ltr'>amicissimum</span> <span class='ocrx_word' id='word_1_265' title='bbox 908 1526 946 1548; x_wconf 89' lang='lat' dir='ltr'>se</span> <span class='ocrx_word' id='word_1_266' title='bbox 972 1515 1138 1560; x_wconf 90' lang='lat' dir='ltr'>praebuit</span> <span class='ocrx_word' id='word_1_267' title='bbox 1166 1515 1272 1559; x_wconf 74' lang='lat' dir='ltr'>(Can.</span> <span class='ocrx_word' id='word_1_268' title='bbox 1292 1515 1426 1560; x_wconf 84' lang='lat' dir='ltr'>Epp.1‚</span> <span class='ocrx_word' id='word_1_269' title='bbox 1455 1516 1532 1550; x_wconf 90' lang='grc'>121.</span> <span class='ocrx_word' id='word_1_270' title='bbox 1559 1517 1636 1550; x_wconf 86' lang='lat'>134.</span> <span class='ocrx_word' id='word_1_271' title='bbox 1658 1517 1735 1551; x_wconf 85' lang='lat'>147.</span> <span class='ocrx_word' id='word_1_272' title='bbox 1763 1515 1862 1559; x_wconf 82' lang='grc'>276).</span> 
     </span>
     <span class='ocr_line' id='line_1_26' title="bbox 83 1567 1862 1614; baseline 0.001 -12"><span class='ocrx_word' id='word_1_273' title='bbox 83 1568 120 1603; x_wconf 88' lang='grc' dir='ltr'>Ι5</span> <span class='ocrx_word' id='word_1_274' title='bbox 146 1569 239 1602; x_wconf 87' lang='grc'>0111111</span> <span class='ocrx_word' id='word_1_275' title='bbox 266 1567 397 1602; x_wconf 90' lang='lat' dir='ltr'>Leodio</span> <span class='ocrx_word' id='word_1_276' title='bbox 424 1569 480 1603; x_wconf 93' lang='grc'>26.</span> <span class='ocrx_word' id='word_1_277' title='bbox 507 1568 674 1602; x_wconf 87' lang='lat' dir='ltr'>Octobris</span> <span class='ocrx_word' id='word_1_278' title='bbox 703 1568 793 1601; x_wconf 87' lang='grc'>1525</span> <span class='ocrx_word' id='word_1_279' title='bbox 820 1568 959 1609; x_wconf 78' lang='lat' dir='ltr'>Blosio,</span> <span class='ocrx_word' id='word_1_280' title='bbox 988 1568 1183 1603; x_wconf 89' lang='lat' dir='ltr'>Clementis</span> <span class='ocrx_word' id='word_1_281' title='bbox 1203 1569 1281 1603; x_wconf 85' lang='lat' dir='ltr'>Vll.</span> <span class='ocrx_word' id='word_1_282' title='bbox 1309 1580 1422 1614; x_wconf 87' lang='lat' dir='ltr'>papae</span> <span class='ocrx_word' id='word_1_283' title='bbox 1448 1570 1660 1611; x_wconf 87' lang='lat' dir='ltr'>secretario,</span> <span class='ocrx_word' id='word_1_284' title='bbox 1697 1570 1862 1614; x_wconf 88' lang='lat' dir='ltr'>scripsit:</span> 
     </span>
     <span class='ocr_line' id='line_1_27' title="bbox 90 1614 1862 1668; baseline 0 -12"><span class='ocrx_word' id='word_1_285' title='bbox 90 1622 250 1664; x_wconf 84' lang='lat' dir='ltr'>„Norunt</span> <span class='ocrx_word' id='word_1_286' title='bbox 277 1649 284 1656; x_wconf 93' lang='lat'>.</span> <span class='ocrx_word' id='word_1_287' title='bbox 306 1650 311 1656; x_wconf 95' lang='lat'>.</span> <span class='ocrx_word' id='word_1_288' title='bbox 341 1634 463 1657; x_wconf 87' lang='lat' dir='ltr'>omnes</span> <span class='ocrx_word' id='word_1_289' title='bbox 490 1633 597 1666; x_wconf 89' lang='lat' dir='ltr'>quam</span> <span class='ocrx_word' id='word_1_290' title='bbox 625 1633 752 1667; x_wconf 91' lang='lat' dir='ltr'>parum</span> <span class='ocrx_word' id='word_1_291' title='bbox 778 1621 935 1663; x_wconf 81' lang='lat' dir='ltr'>utiliter,</span> <span class='ocrx_word' id='word_1_292' title='bbox 963 1634 1006 1656; x_wconf 93' lang='lat' dir='ltr'>ne</span> <span class='ocrx_word' id='word_1_293' title='bbox 1033 1622 1149 1656; x_wconf 89' lang='lat' dir='ltr'>dicam</span> <span class='ocrx_word' id='word_1_294' title='bbox 1175 1614 1388 1667; x_wconf 78' lang='lat' dir='ltr'>pernitiose,</span> <span class='ocrx_word' id='word_1_295' title='bbox 1415 1622 1588 1657; x_wconf 86' lang='lat' dir='ltr'>Erasmus</span> <span class='ocrx_word' id='word_1_296' title='bbox 1614 1623 1801 1668; x_wconf 86' lang='lat' dir='ltr'>scripserit</span> <span class='ocrx_word' id='word_1_297' title='bbox 1826 1623 1862 1657; x_wconf 91' lang='lat' dir='ltr'>in</span> 
     </span>
     <span class='ocr_line' id='line_1_28' title="bbox 84 1675 1862 1721; baseline 0.001 -11"><span class='ocrx_word' id='word_1_298' title='bbox 84 1687 218 1719; x_wconf 85' lang='lat' dir='ltr'>magna</span> <span class='ocrx_word' id='word_1_299' title='bbox 243 1675 458 1721; x_wconf 88' lang='lat' dir='ltr'>scriptorum</span> <span class='ocrx_word' id='word_1_300' title='bbox 494 1687 638 1710; x_wconf 86' lang='lat' dir='ltr'>suorum</span> <span class='ocrx_word' id='word_1_301' title='bbox 665 1678 768 1720; x_wconf 89' lang='lat' dir='ltr'>parte</span> <span class='ocrx_word' id='word_1_302' title='bbox 795 1686 886 1719; x_wconf 88' lang='lat' dir='ltr'>quae</span> <span class='ocrx_word' id='word_1_303' title='bbox 912 1675 1019 1710; x_wconf 89' lang='lat' dir='ltr'>fidem</span> <span class='ocrx_word' id='word_1_304' title='bbox 1055 1688 1097 1710; x_wconf 83' lang='lat' dir='ltr'>ac</span> <span class='ocrx_word' id='word_1_305' title='bbox 1128 1676 1339 1720; x_wconf 87' lang='lat' dir='ltr'>religionem</span> <span class='ocrx_word' id='word_1_306' title='bbox 1370 1677 1586 1721; x_wconf 89' lang='lat' dir='ltr'>respiciunt:</span> <span class='ocrx_word' id='word_1_307' title='bbox 1624 1679 1659 1711; x_wconf 88' lang='lat' dir='ltr'>et</span> <span class='ocrx_word' id='word_1_308' title='bbox 1686 1677 1862 1721; x_wconf 88' lang='lat' dir='ltr'>quomodo</span> 
     </span>
     <span class='ocr_line' id='line_1_29' title="bbox 85 1729 1862 1775; baseline 0.001 -12"><span class='ocrx_word' id='word_1_309' title='bbox 85 1741 129 1764; x_wconf 78' lang='lat' dir='ltr'>ex</span> <span class='ocrx_word' id='word_1_310' title='bbox 157 1729 302 1774; x_wconf 87' lang='lat' dir='ltr'>scriptis</span> <span class='ocrx_word' id='word_1_311' title='bbox 329 1730 405 1764; x_wconf 89' lang='lat' dir='ltr'>eius</span> <span class='ocrx_word' id='word_1_312' title='bbox 431 1729 574 1775; x_wconf 87' lang='lat' dir='ltr'>plurimi</span> <span class='ocrx_word' id='word_1_313' title='bbox 608 1729 695 1769; x_wconf 73' lang='lat' dir='ltr'>eius,</span> <span class='ocrx_word' id='word_1_314' title='bbox 711 1729 948 1763; x_wconf 86' lang='lat' dir='ltr'>admiratores</span> <span class='ocrx_word' id='word_1_315' title='bbox 977 1729 1109 1774; x_wconf 91' lang='lat' dir='ltr'>(qualis</span> <span class='ocrx_word' id='word_1_316' title='bbox 1136 1730 1242 1763; x_wconf 89' lang='lat' dir='ltr'>etiam</span> <span class='ocrx_word' id='word_1_317' title='bbox 1279 1742 1344 1774; x_wconf 88' lang='lat' dir='ltr'>ego</span> <span class='ocrx_word' id='word_1_318' title='bbox 1372 1742 1450 1764; x_wconf 89' lang='lat' dir='ltr'>esse</span> <span class='ocrx_word' id='word_1_319' title='bbox 1476 1730 1587 1774; x_wconf 87' lang='lat' dir='ltr'>soleo)</span> <span class='ocrx_word' id='word_1_320' title='bbox 1617 1730 1723 1764; x_wconf 80' lang='lat' dir='ltr'>valde</span> <span class='ocrx_word' id='word_1_321' title='bbox 1750 1730 1862 1764; x_wconf 86' lang='lat' dir='ltr'>adiuti</span> 
     </span>
     <span class='ocr_line' id='line_1_30' title="bbox 83 1783 1861 1828; baseline 0 -11"><span class='ocrx_word' id='word_1_322' title='bbox 83 1783 158 1817; x_wconf 89' lang='lat' dir='ltr'>sint</span> <span class='ocrx_word' id='word_1_323' title='bbox 183 1783 228 1817; x_wconf 90' lang='lat' dir='ltr'>ad</span> <span class='ocrx_word' id='word_1_324' title='bbox 254 1783 399 1818; x_wconf 87' lang='lat' dir='ltr'>facilius</span> <span class='ocrx_word' id='word_1_325' title='bbox 425 1783 674 1828; x_wconf 88' lang='lat' dir='ltr'>amplectenda</span> <span class='ocrx_word' id='word_1_326' title='bbox 701 1783 857 1828; x_wconf 86' lang='lat' dir='ltr'>pessima</span> <span class='ocrx_word' id='word_1_327' title='bbox 884 1783 1054 1826; x_wconf 86' lang='lat' dir='ltr'>dogmata</span> <span class='ocrx_word' id='word_1_328' title='bbox 1073 1783 1357 1817; x_wconf 86' lang='lat' dir='ltr'>Lutheranorum</span> <span class='ocrx_word' id='word_1_329' title='bbox 1376 1786 1412 1818; x_wconf 90' lang='lat' dir='ltr'>et</span> <span class='ocrx_word' id='word_1_330' title='bbox 1429 1784 1522 1818; x_wconf 86' lang='lat' dir='ltr'>male</span> <span class='ocrx_word' id='word_1_331' title='bbox 1541 1784 1792 1818; x_wconf 73' lang='lat' dir='ltr'>sentienduma</span> <span class='ocrx_word' id='word_1_332' title='bbox 1819 1784 1861 1818; x_wconf 90' lang='lat' dir='ltr'>de</span> 
     </span>
     <span class='ocr_line' id='line_1_31' title="bbox 84 1836 1862 1883; baseline 0.001 -13"><span class='ocrx_word' id='word_1_333' title='bbox 84 1836 208 1871; x_wconf 91' lang='lat' dir='ltr'>multis</span> <span class='ocrx_word' id='word_1_334' title='bbox 243 1837 406 1872; x_wconf 87' lang='lat' dir='ltr'>articulis</span> <span class='ocrx_word' id='word_1_335' title='bbox 441 1837 535 1871; x_wconf 89' lang='lat' dir='ltr'>fidei.</span> <span class='ocrx_word' id='word_1_336' title='bbox 558 1865 563 1871; x_wconf 96' lang='lat'>.</span> <span class='ocrx_word' id='word_1_337' title='bbox 585 1864 618 1870; x_wconf 91' lang='lat'>..</span> <span class='ocrx_word' id='word_1_338' title='bbox 663 1836 789 1871; x_wconf 90' lang='lat' dir='ltr'>Sciunt</span> <span class='ocrx_word' id='word_1_339' title='bbox 823 1839 1010 1882; x_wconf 86' lang='lat' dir='ltr'>praetcrea</span> <span class='ocrx_word' id='word_1_340' title='bbox 1045 1848 1168 1871; x_wconf 91' lang='lat' dir='ltr'>omnes</span> <span class='ocrx_word' id='word_1_341' title='bbox 1203 1837 1334 1871; x_wconf 90' lang='lat' dir='ltr'>eruditi</span> <span class='ocrx_word' id='word_1_342' title='bbox 1470 1849 1577 1882; x_wconf 88' lang='lat' dir='ltr'>quam</span> <span class='ocrx_word' id='word_1_343' title='bbox 1614 1850 1741 1883; x_wconf 88' lang='lat' dir='ltr'>parum</span> <span class='ocrx_word' id='word_1_344' title='bbox 1779 1837 1862 1872; x_wconf 91' lang='lat' dir='ltr'>fidei</span> 
     </span>
     <span class='ocr_line' id='line_1_32' title="bbox 83 1890 1863 1936; baseline 0.001 -12"><span class='ocrx_word' id='word_1_345' title='bbox 83 1890 315 1925; x_wconf 91' lang='lat' dir='ltr'>tribuendum</span> <span class='ocrx_word' id='word_1_346' title='bbox 341 1890 389 1925; x_wconf 90' lang='lat' dir='ltr'>sit</span> <span class='ocrx_word' id='word_1_347' title='bbox 415 1891 564 1925; x_wconf 86' lang='lat' dir='ltr'>Erasmo</span> <span class='ocrx_word' id='word_1_348' title='bbox 591 1891 627 1924; x_wconf 93' lang='lat' dir='ltr'>in</span> <span class='ocrx_word' id='word_1_349' title='bbox 653 1891 760 1925; x_wconf 90' lang='lat' dir='ltr'>rebus</span> <span class='ocrx_word' id='word_1_350' title='bbox 785 1890 1018 1933; x_wconf 85' lang='lat' dir='ltr'>theologicis,</span> <span class='ocrx_word' id='word_1_351' title='bbox 1055 1902 1134 1924; x_wconf 88' lang='lat' dir='ltr'>cum</span> <span class='ocrx_word' id='word_1_352' title='bbox 1162 1890 1196 1924; x_wconf 90' lang='lat' dir='ltr'>in</span> <span class='ocrx_word' id='word_1_353' title='bbox 1223 1891 1401 1925; x_wconf 86' lang='lat' dir='ltr'>scientiab</span> <span class='ocrx_word' id='word_1_354' title='bbox 1428 1891 1475 1936; x_wconf 67' lang='lat'>[2³]</span> <span class='ocrx_word' id='word_1_355' title='bbox 1502 1891 1689 1935; x_wconf 89' lang='lat' dir='ltr'>utriusque</span> <span class='ocrx_word' id='word_1_356' title='bbox 1715 1891 1863 1934; x_wconf 86' lang='lat' dir='ltr'>linguae</span> 
     </span>
     <span class='ocr_line' id='line_1_33' title="bbox 85 1943 1861 1989; baseline 0.001 -11"><span class='ocrx_word' id='word_1_357' title='bbox 85 1946 121 1978; x_wconf 91' lang='lat' dir='ltr'>et</span> <span class='ocrx_word' id='word_1_358' title='bbox 147 1944 404 1988; x_wconf 84' lang='lat' dir='ltr'>grammaticae</span> <span class='ocrx_word' id='word_1_359' title='bbox 431 1946 541 1989; x_wconf 88' lang='lat' dir='ltr'>atque</span> <span class='ocrx_word' id='word_1_360' title='bbox 567 1944 767 1978; x_wconf 88' lang='lat' dir='ltr'>rhetoricae</span> <span class='ocrx_word' id='word_1_361' title='bbox 794 1943 944 1978; x_wconf 89' lang='lat' dir='ltr'>multum</span> <span class='ocrx_word' id='word_1_362' title='bbox 974 1945 1115 1978; x_wconf 88' lang='lat' dir='ltr'>omnino</span> <span class='ocrx_word' id='word_1_363' title='bbox 1144 1943 1203 1988; x_wconf 92' lang='lat' dir='ltr'>[ei]</span> <span class='ocrx_word' id='word_1_364' title='bbox 1231 1945 1280 1979; x_wconf 92' lang='lat' dir='ltr'>sit</span> <span class='ocrx_word' id='word_1_365' title='bbox 1304 1945 1553 1987; x_wconf 85' lang='lat' dir='ltr'>tribuendum,</span> <span class='ocrx_word' id='word_1_366' title='bbox 1589 1945 1684 1980; x_wconf 88' lang='lat' dir='ltr'>intra</span> <span class='ocrx_word' id='word_1_367' title='bbox 1710 1956 1861 1989; x_wconf 86' lang='lat' dir='ltr'>quarum</span> 
     </span>
     <span class='ocr_line' id='line_1_34' title="bbox 83 1997 1862 2044; baseline 0.001 -13"><span class='ocrx_word' id='word_1_368' title='bbox 83 1997 289 2042; x_wconf 85' lang='lat' dir='ltr'>linguarum</span> <span class='ocrx_word' id='word_1_369' title='bbox 310 1999 514 2043; x_wconf 87' lang='lat' dir='ltr'>artiumque</span> <span class='ocrx_word' id='word_1_370' title='bbox 541 1998 675 2032; x_wconf 89' lang='lat' dir='ltr'>limites</span> <span class='ocrx_word' id='word_1_371' title='bbox 700 1998 730 2032; x_wconf 88' lang='lat' dir='ltr'>si</span> <span class='ocrx_word' id='word_1_372' title='bbox 757 2009 836 2031; x_wconf 90' lang='lat' dir='ltr'>sese</span> <span class='ocrx_word' id='word_1_373' title='bbox 856 1997 1104 2040; x_wconf 84' lang='lat' dir='ltr'>continuisset,</span> <span class='ocrx_word' id='word_1_374' title='bbox 1130 2010 1201 2032; x_wconf 90' lang='lat' dir='ltr'>non</span> <span class='ocrx_word' id='word_1_375' title='bbox 1227 1999 1314 2032; x_wconf 86' lang='lat' dir='ltr'>adeo</span> <span class='ocrx_word' id='word_1_376' title='bbox 1340 1998 1534 2033; x_wconf 87' lang='lat' dir='ltr'>infeliciter</span> <span class='ocrx_word' id='word_1_377' title='bbox 1556 2001 1725 2043; x_wconf 76' lang='lat' dir='ltr'>tamque⁰</span> <span class='ocrx_word' id='word_1_378' title='bbox 1749 2010 1862 2044; x_wconf 88' lang='lat' dir='ltr'>parvo</span> 
     </span>
     <span class='ocr_line' id='line_1_35' title="bbox 83 2050 1862 2097; baseline 0.001 -12"><span class='ocrx_word' id='word_1_379' title='bbox 83 2050 205 2086; x_wconf 87' lang='lat' dir='ltr'>fructu</span> <span class='ocrx_word' id='word_1_380' title='bbox 222 2063 302 2086; x_wconf 89' lang='lat' dir='ltr'>sese</span> <span class='ocrx_word' id='word_1_381' title='bbox 321 2051 428 2086; x_wconf 90' lang='lat' dir='ltr'>rebus</span> <span class='ocrx_word' id='word_1_382' title='bbox 442 2051 656 2096; x_wconf 85' lang='lat' dir='ltr'>theologicis</span> <span class='ocrx_word' id='word_1_383' title='bbox 674 2051 897 2094; x_wconf 82' lang='lat' dir='ltr'>ingessisset.</span> <span class='ocrx_word' id='word_1_384' title='bbox 931 2050 1054 2095; x_wconf 85' lang='lat' dir='ltr'>Neque</span> <span class='ocrx_word' id='word_1_385' title='bbox 1073 2055 1194 2086; x_wconf 84' lang='lat' dir='ltr'>tamen</span> <span class='ocrx_word' id='word_1_386' title='bbox 1212 2052 1419 2095; x_wconf 88' lang='lat' dir='ltr'>negaverim</span> <span class='ocrx_word' id='word_1_387' title='bbox 1441 2064 1520 2086; x_wconf 89' lang='lat' dir='ltr'>eum</span> <span class='ocrx_word' id='word_1_388' title='bbox 1539 2052 1654 2086; x_wconf 90' lang='lat' dir='ltr'>multa</span> <span class='ocrx_word' id='word_1_389' title='bbox 1672 2053 1862 2097; x_wconf 87' lang='lat' dir='ltr'>scripsisse</span> 
     </span>
     <span class='ocr_line' id='line_1_36' title="bbox 82 2104 1862 2150; baseline 0.001 -11"><span class='ocrx_word' id='word_1_390' title='bbox 82 2104 176 2139; x_wconf 86' lang='lat' dir='ltr'>bona</span> <span class='ocrx_word' id='word_1_391' title='bbox 202 2106 311 2150; x_wconf 89' lang='lat' dir='ltr'>atque</span> <span class='ocrx_word' id='word_1_392' title='bbox 337 2105 442 2140; x_wconf 89' lang='lat' dir='ltr'>utilia</span> <span class='ocrx_word' id='word_1_393' title='bbox 470 2133 476 2140; x_wconf 92' lang='lat'>.</span> <span class='ocrx_word' id='word_1_394' title='bbox 498 2133 503 2139; x_wconf 95' lang='lat'>.</span> <span class='ocrx_word' id='word_1_395' title='bbox 524 2119 552 2146; x_wconf 85' lang='lat'>.;</span> <span class='ocrx_word' id='word_1_396' title='bbox 589 2105 650 2139; x_wconf 91' lang='lat' dir='ltr'>sed</span> <span class='ocrx_word' id='word_1_397' title='bbox 679 2107 824 2150; x_wconf 83' lang='lat' dir='ltr'>propter</span> <span class='ocrx_word' id='word_1_398' title='bbox 849 2104 955 2138; x_wconf 90' lang='lat' dir='ltr'>valde</span> <span class='ocrx_word' id='word_1_399' title='bbox 982 2104 1097 2139; x_wconf 89' lang='lat' dir='ltr'>multa</span> <span class='ocrx_word' id='word_1_400' title='bbox 1123 2117 1214 2149; x_wconf 89' lang='lat' dir='ltr'>quae</span> <span class='ocrx_word' id='word_1_401' title='bbox 1249 2105 1285 2139; x_wconf 90' lang='lat' dir='ltr'>in</span> <span class='ocrx_word' id='word_1_402' title='bbox 1318 2106 1369 2140; x_wconf 87' lang='lat' dir='ltr'>eis</span> <span class='ocrx_word' id='word_1_403' title='bbox 1395 2106 1519 2140; x_wconf 90' lang='lat' dir='ltr'>insunt</span> <span class='ocrx_word' id='word_1_404' title='bbox 1544 2106 1602 2140; x_wconf 85' lang='lat' dir='ltr'>vel</span> <span class='ocrx_word' id='word_1_405' title='bbox 1629 2117 1777 2140; x_wconf 86' lang='lat' dir='ltr'>erronea</span> <span class='ocrx_word' id='word_1_406' title='bbox 1802 2105 1862 2139; x_wconf 90' lang='lat' dir='ltr'>vel</span> 
     </span>
     <span class='ocr_line' id='line_1_37' title="bbox 83 2158 1862 2204; baseline 0.001 -12"><span class='ocrx_word' id='word_1_407' title='bbox 83 2158 297 2193; x_wconf 87' lang='lat' dir='ltr'>scandalosa</span> <span class='ocrx_word' id='word_1_408' title='bbox 322 2158 381 2192; x_wconf 90' lang='lat' dir='ltr'>vel</span> <span class='ocrx_word' id='word_1_409' title='bbox 414 2159 554 2204; x_wconf 87' lang='lat' dir='ltr'>piarum</span> <span class='ocrx_word' id='word_1_410' title='bbox 589 2158 730 2193; x_wconf 88' lang='lat' dir='ltr'>aurium</span> <span class='ocrx_word' id='word_1_411' title='bbox 765 2158 958 2199; x_wconf 85' lang='lat' dir='ltr'>offensiva,</span> <span class='ocrx_word' id='word_1_412' title='bbox 995 2159 1177 2192; x_wconf 88' lang='lat' dir='ltr'>crederem</span> <span class='ocrx_word' id='word_1_413' title='bbox 1214 2170 1280 2202; x_wconf 89' lang='lat' dir='ltr'>ego</span> <span class='ocrx_word' id='word_1_414' title='bbox 1316 2160 1433 2202; x_wconf 82' lang='lat' dir='ltr'>magis</span> <span class='ocrx_word' id='word_1_415' title='bbox 1467 2159 1714 2204; x_wconf 88' lang='lat' dir='ltr'>profecturum</span> <span class='ocrx_word' id='word_1_416' title='bbox 1748 2159 1862 2193; x_wconf 90' lang='lat' dir='ltr'>fuisse</span> 
     </span>
     <span class='ocr_line' id='line_1_38' title="bbox 84 2211 1862 2257; baseline 0 -11"><span class='ocrx_word' id='word_1_417' title='bbox 84 2211 311 2247; x_wconf 89' lang='lat' dir='ltr'>Christianae</span> <span class='ocrx_word' id='word_1_418' title='bbox 336 2212 558 2257; x_wconf 87' lang='lat' dir='ltr'>reipublicae</span> <span class='ocrx_word' id='word_1_419' title='bbox 593 2213 623 2246; x_wconf 92' lang='lat' dir='ltr'>si</span> <span class='ocrx_word' id='word_1_420' title='bbox 651 2212 822 2246; x_wconf 87' lang='lat' dir='ltr'>Erasmus</span> <span class='ocrx_word' id='word_1_421' title='bbox 857 2211 947 2246; x_wconf 91' lang='lat' dir='ltr'>nihil</span> <span class='ocrx_word' id='word_1_422' title='bbox 973 2212 1115 2246; x_wconf 89' lang='lat' dir='ltr'>omnino</span> <span class='ocrx_word' id='word_1_423' title='bbox 1142 2213 1184 2246; x_wconf 88' lang='lat' dir='ltr'>de</span> <span class='ocrx_word' id='word_1_424' title='bbox 1210 2213 1318 2246; x_wconf 91' lang='lat' dir='ltr'>rebus</span> <span class='ocrx_word' id='word_1_425' title='bbox 1343 2212 1557 2256; x_wconf 84' lang='lat' dir='ltr'>theologicis</span> <span class='ocrx_word' id='word_1_426' title='bbox 1593 2213 1778 2256; x_wconf 86' lang='lat' dir='ltr'>attigisset</span> <span class='ocrx_word' id='word_1_427' title='bbox 1802 2212 1862 2247; x_wconf 78' lang='lat' dir='ltr'>vel</span> 
     </span>
     <span class='ocr_line' id='line_1_39' title="bbox 83 2265 1861 2312; baseline 0.001 -12"><span class='ocrx_word' id='word_1_428' title='bbox 83 2265 299 2311; x_wconf 89' lang='lat' dir='ltr'>scripsisset.</span> <span class='ocrx_word' id='word_1_429' title='bbox 350 2266 464 2301; x_wconf 88' lang='lat' dir='ltr'>Immo</span> <span class='ocrx_word' id='word_1_430' title='bbox 501 2278 572 2300; x_wconf 88' lang='lat' dir='ltr'>non</span> <span class='ocrx_word' id='word_1_431' title='bbox 607 2266 736 2300; x_wconf 88' lang='lat' dir='ltr'>desunt</span> <span class='ocrx_word' id='word_1_432' title='bbox 771 2265 831 2310; x_wconf 89' lang='lat' dir='ltr'>qui</span> <span class='ocrx_word' id='word_1_433' title='bbox 867 2267 994 2310; x_wconf 88' lang='lat' dir='ltr'>putent</span> <span class='ocrx_word' id='word_1_434' title='bbox 1028 2265 1147 2300; x_wconf 87' lang='lat' dir='ltr'>minus</span> <span class='ocrx_word' id='word_1_435' title='bbox 1183 2266 1387 2300; x_wconf 89' lang='lat' dir='ltr'>nociturum</span> <span class='ocrx_word' id='word_1_436' title='bbox 1422 2267 1535 2302; x_wconf 88' lang='lat' dir='ltr'>fuisse</span> <span class='ocrx_word' id='word_1_437' title='bbox 1573 2267 1603 2301; x_wconf 90' lang='lat' dir='ltr'>si</span> <span class='ocrx_word' id='word_1_438' title='bbox 1640 2269 1763 2312; x_wconf 88' lang='lat' dir='ltr'>aperte</span> <span class='ocrx_word' id='word_1_439' title='bbox 1798 2278 1861 2311; x_wconf 89' lang='lat' dir='ltr'>pro</span> 
     </span>
     <span class='ocr_line' id='line_1_40' title="bbox 83 2318 1859 2364; baseline 0.001 -12"><span class='ocrx_word' id='word_1_440' title='bbox 83 2318 241 2354; x_wconf 89' lang='lat' dir='ltr'>Luthero</span> <span class='ocrx_word' id='word_1_441' title='bbox 267 2319 432 2354; x_wconf 88' lang='lat' dir='ltr'>stetisset</span> <span class='ocrx_word' id='word_1_442' title='bbox 457 2332 565 2364; x_wconf 88' lang='lat' dir='ltr'>quam</span> <span class='ocrx_word' id='word_1_443' title='bbox 600 2321 753 2363; x_wconf 84' lang='lat' dir='ltr'>utroque</span> <span class='ocrx_word' id='word_1_444' title='bbox 793 2320 881 2364; x_wconf 88' lang='lat' dir='ltr'>pede</span> <span class='ocrx_word' id='word_1_445' title='bbox 918 2319 1151 2353; x_wconf 89' lang='lat' dir='ltr'>claudicando</span> <span class='ocrx_word' id='word_1_446' title='bbox 1186 2322 1222 2354; x_wconf 91' lang='lat' dir='ltr'>et</span> <span class='ocrx_word' id='word_1_447' title='bbox 1249 2320 1337 2354; x_wconf 90' lang='lat' dir='ltr'>duos</span> <span class='ocrx_word' id='word_1_448' title='bbox 1367 2320 1421 2363; x_wconf 88' lang='lat' dir='ltr'>(ut</span> <span class='ocrx_word' id='word_1_449' title='bbox 1447 2321 1482 2354; x_wconf 92' lang='lat' dir='ltr'>in</span> <span class='ocrx_word' id='word_1_450' title='bbox 1510 2320 1649 2364; x_wconf 87' lang='lat' dir='ltr'>adagiis</span> <span class='ocrx_word' id='word_1_451' title='bbox 1685 2320 1761 2355; x_wconf 90' lang='lat' dir='ltr'>eius</span> <span class='ocrx_word' id='word_1_452' title='bbox 1788 2320 1859 2364; x_wconf 88' lang='lat' dir='ltr'>est)</span> 
     </span>
     <span class='ocr_line' id='line_1_41' title="bbox 83 2372 1859 2418; baseline 0.001 -11"><span class='ocrx_word' id='word_1_453' title='bbox 83 2372 241 2418; x_wconf 87' lang='lat' dir='ltr'>parietes</span> <span class='ocrx_word' id='word_1_454' title='bbox 268 2385 313 2408; x_wconf 83' lang='lat' dir='ltr'>ex</span> <span class='ocrx_word' id='word_1_455' title='bbox 339 2385 410 2408; x_wconf 88' lang='lat' dir='ltr'>una</span> <span class='ocrx_word' id='word_1_456' title='bbox 436 2373 557 2408; x_wconf 87' lang='lat' dir='ltr'>fidelia</span> <span class='ocrx_word' id='word_1_457' title='bbox 583 2373 801 2408; x_wconf 81' lang='lat' dir='ltr'>dealband0“</span> <span class='ocrx_word' id='word_1_458' title='bbox 834 2373 1081 2416; x_wconf 87' lang='lat' dir='ltr'>(Monumenta</span> <span class='ocrx_word' id='word_1_459' title='bbox 1107 2372 1387 2408; x_wconf 84' lang='lat' dir='ltr'>Reformationis</span> <span class='ocrx_word' id='word_1_460' title='bbox 1415 2374 1656 2416; x_wconf 88' lang='lat' dir='ltr'>Lutheranae,</span> <span class='ocrx_word' id='word_1_461' title='bbox 1684 2375 1737 2409; x_wconf 90' lang='lat' dir='ltr'>ed.</span> <span class='ocrx_word' id='word_1_462' title='bbox 1764 2375 1859 2409; x_wconf 81' lang='lat' dir='ltr'>Petr.</span> 
     </span>
     <span class='ocr_line' id='line_1_42' title="bbox 83 2425 1860 2473; baseline 0.001 -13"><span class='ocrx_word' id='word_1_463' title='bbox 83 2428 203 2461; x_wconf 79' lang='lat' dir='ltr'>Balan</span> <span class='ocrx_word' id='word_1_464' title='bbox 231 2425 465 2471; x_wconf 88' lang='lat' dir='ltr'>[Ratisbonae</span> <span class='ocrx_word' id='word_1_465' title='bbox 494 2427 599 2472; x_wconf 88' lang='lat'>1884]</span> <span class='ocrx_word' id='word_1_466' title='bbox 627 2439 660 2472; x_wconf 88' lang='lat' dir='ltr'>p.</span> <span class='ocrx_word' id='word_1_467' title='bbox 688 2427 767 2461; x_wconf 90' lang='lat'>556.</span> <span class='ocrx_word' id='word_1_468' title='bbox 795 2426 894 2469; x_wconf 84' lang='lat'>557).</span> <span class='ocrx_word' id='word_1_469' title='bbox 934 2427 965 2460; x_wconf 95' lang='lat' dir='ltr'>A</span> <span class='ocrx_word' id='word_1_470' title='bbox 994 2438 1062 2470; x_wconf 91' lang='lat' dir='ltr'>quo</span> <span class='ocrx_word' id='word_1_471' title='bbox 1088 2426 1220 2461; x_wconf 88' lang='lat' dir='ltr'>iudicio</span> <span class='ocrx_word' id='word_1_472' title='bbox 1246 2427 1340 2462; x_wconf 89' lang='lat' dir='ltr'>haud</span> <span class='ocrx_word' id='word_1_473' title='bbox 1367 2428 1520 2462; x_wconf 88' lang='lat' dir='ltr'>multum</span> <span class='ocrx_word' id='word_1_474' title='bbox 1547 2428 1739 2473; x_wconf 86' lang='lat' dir='ltr'>discrepat,</span> <span class='ocrx_word' id='word_1_475' title='bbox 1766 2429 1860 2473; x_wconf 86' lang='lat' dir='ltr'>quod</span> 
     </span>
     <span class='ocr_line' id='line_1_43' title="bbox 83 2480 1861 2525; baseline 0.001 -11"><span class='ocrx_word' id='word_1_476' title='bbox 83 2480 276 2515; x_wconf 88' lang='lat' dir='ltr'>cardinalis</span> <span class='ocrx_word' id='word_1_477' title='bbox 302 2481 470 2525; x_wconf 75' lang='lat' dir='ltr'>Iosephus</span> <span class='ocrx_word' id='word_1_478' title='bbox 490 2481 754 2525; x_wconf 72' lang='lat' dir='ltr'>He7·9em·6the7·</span> <span class='ocrx_word' id='word_1_479' title='bbox 778 2480 889 2514; x_wconf 87' lang='lat' dir='ltr'>sentit</span> <span class='ocrx_word' id='word_1_480' title='bbox 914 2480 957 2514; x_wconf 89' lang='lat' dir='ltr'>de</span> <span class='ocrx_word' id='word_1_481' title='bbox 976 2480 1135 2522; x_wconf 89' lang='lat' dir='ltr'>Erasmo,</span> <span class='ocrx_word' id='word_1_482' title='bbox 1168 2481 1249 2523; x_wconf 86' lang='lat' dir='ltr'>„der</span> <span class='ocrx_word' id='word_1_483' title='bbox 1275 2481 1386 2516; x_wconf 90' lang='lat' dir='ltr'>durch</span> <span class='ocrx_word' id='word_1_484' title='bbox 1405 2481 1480 2516; x_wconf 91' lang='lat' dir='ltr'>Ton</span> <span class='ocrx_word' id='word_1_485' title='bbox 1506 2483 1579 2516; x_wconf 90' lang='lat' dir='ltr'>und</span> <span class='ocrx_word' id='word_1_486' title='bbox 1597 2481 1717 2516; x_wconf 89' lang='lat' dir='ltr'>Inhalt</span> <span class='ocrx_word' id='word_1_487' title='bbox 1743 2483 1861 2516; x_wconf 89' lang='lat' dir='ltr'>seiner</span> 
     </span>
     <span class='ocr_line' id='line_1_44' title="bbox 84 2533 1861 2579; baseline 0.001 -11"><span class='ocrx_word' id='word_1_488' title='bbox 84 2533 283 2576; x_wconf 87' lang='lat' dir='ltr'>Schriften,</span> <span class='ocrx_word' id='word_1_489' title='bbox 322 2534 545 2569; x_wconf 86' lang='lat' dir='ltr'>namentlich</span> <span class='ocrx_word' id='word_1_490' title='bbox 585 2534 695 2569; x_wconf 89' lang='lat' dir='ltr'>durch</span> <span class='ocrx_word' id='word_1_491' title='bbox 731 2534 830 2568; x_wconf 89' lang='lat' dir='ltr'>seine</span> <span class='ocrx_word' id='word_1_492' title='bbox 865 2533 1053 2568; x_wconf 88' lang='lat' dir='ltr'>beissende</span> <span class='ocrx_word' id='word_1_493' title='bbox 1089 2533 1206 2568; x_wconf 88' lang='lat' dir='ltr'>Satire</span> <span class='ocrx_word' id='word_1_494' title='bbox 1243 2535 1315 2568; x_wconf 91' lang='lat' dir='ltr'>und</span> <span class='ocrx_word' id='word_1_495' title='bbox 1349 2535 1406 2569; x_wconf 90' lang='lat' dir='ltr'>die</span> <span class='ocrx_word' id='word_1_496' title='bbox 1441 2547 1512 2570; x_wconf 92' lang='lat' dir='ltr'>von</span> <span class='ocrx_word' id='word_1_497' title='bbox 1549 2535 1622 2569; x_wconf 89' lang='lat' dir='ltr'>ihm</span> <span class='ocrx_word' id='word_1_498' title='bbox 1662 2538 1861 2579; x_wconf 86' lang='lat' dir='ltr'>angeregte</span> 
     </span>
     <span class='ocr_line' id='line_1_45' title="bbox 83 2586 1860 2632; baseline 0.001 -11"><span class='ocrx_word' id='word_1_499' title='bbox 83 2587 356 2630; x_wconf 83' lang='lat' dir='ltr'>Zweifelsucht,</span> <span class='ocrx_word' id='word_1_500' title='bbox 393 2588 471 2622; x_wconf 89' lang='lat' dir='ltr'>dem</span> <span class='ocrx_word' id='word_1_501' title='bbox 498 2588 635 2622; x_wconf 90' lang='lat' dir='ltr'>Luther</span> <span class='ocrx_word' id='word_1_502' title='bbox 667 2587 723 2621; x_wconf 91' lang='lat' dir='ltr'>die</span> <span class='ocrx_word' id='word_1_503' title='bbox 750 2586 866 2631; x_wconf 88' lang='lat' dir='ltr'>Wege</span> <span class='ocrx_word' id='word_1_504' title='bbox 901 2587 1048 2621; x_wconf 82' lang='lat' dir='ltr'>ebnete“</span> <span class='ocrx_word' id='word_1_505' title='bbox 1080 2587 1297 2632; x_wconf 88' lang='lat' dir='ltr'>(Handbuch</span> <span class='ocrx_word' id='word_1_506' title='bbox 1325 2589 1387 2622; x_wconf 89' lang='lat' dir='ltr'>der</span> <span class='ocrx_word' id='word_1_507' title='bbox 1421 2588 1661 2632; x_wconf 88' lang='lat' dir='ltr'>allgemeinen</span> <span class='ocrx_word' id='word_1_508' title='bbox 1687 2589 1860 2623; x_wconf 85' lang='lat' dir='ltr'>Kirchen-</span> 
     </span>
     <span class='ocr_line' id='line_1_46' title="bbox 84 2640 1181 2686; baseline 0.002 -11"><span class='ocrx_word' id='word_1_509' title='bbox 84 2640 293 2685; x_wconf 86' lang='lat' dir='ltr'>geschichte</span> <span class='ocrx_word' id='word_1_510' title='bbox 319 2642 372 2676; x_wconf 80' lang='lat' dir='ltr'>HI</span> <span class='ocrx_word' id='word_1_511' title='bbox 400 2641 446 2686; x_wconf 85' lang='lat'>[3.</span> <span class='ocrx_word' id='word_1_512' title='bbox 473 2642 580 2684; x_wconf 87' lang='lat' dir='ltr'>Aufl.,</span> <span class='ocrx_word' id='word_1_513' title='bbox 608 2641 784 2685; x_wconf 88' lang='lat' dir='ltr'>Freiburg</span> <span class='ocrx_word' id='word_1_514' title='bbox 809 2641 831 2676; x_wconf 91' lang='lat' dir='ltr'>i.</span> <span class='ocrx_word' id='word_1_515' title='bbox 858 2640 917 2675; x_wconf 90' lang='lat' dir='ltr'>Br.</span> <span class='ocrx_word' id='word_1_516' title='bbox 949 2640 1063 2685; x_wconf 81' lang='lat'>1886]‚</span> <span class='ocrx_word' id='word_1_517' title='bbox 1091 2641 1181 2686; x_wconf 85' lang='lat'>21³).</span> 
     </span>
    </p>

    <p class='ocr_par' dir='ltr' id='par_1_5' title="bbox 83 2693 1861 3061">
     <span class='ocr_line' id='line_1_47' title="bbox 202 2693 1860 2740; baseline 0.001 -11"><span class='ocrx_word' id='word_1_518' title='bbox 202 2695 280 2729; x_wconf 90' lang='lat' dir='ltr'>Iam</span> <span class='ocrx_word' id='word_1_519' title='bbox 315 2695 409 2740; x_wconf 88' lang='lat' dir='ltr'>quod</span> <span class='ocrx_word' id='word_1_520' title='bbox 444 2696 489 2730; x_wconf 89' lang='lat' dir='ltr'>ad</span> <span class='ocrx_word' id='word_1_521' title='bbox 515 2695 726 2740; x_wconf 85' lang='lat' dir='ltr'>Hieronymi</span> <span class='ocrx_word' id='word_1_522' title='bbox 762 2693 936 2739; x_wconf 85' lang='lat' dir='ltr'>epistulas</span> <span class='ocrx_word' id='word_1_523' title='bbox 971 2694 1133 2739; x_wconf 90' lang='lat' dir='ltr'>aliosque</span> <span class='ocrx_word' id='word_1_524' title='bbox 1168 2695 1278 2730; x_wconf 89' lang='lat' dir='ltr'>libros</span> <span class='ocrx_word' id='word_1_525' title='bbox 1313 2696 1357 2729; x_wconf 89' lang='lat' dir='ltr'>ab</span> <span class='ocrx_word' id='word_1_526' title='bbox 1384 2695 1533 2730; x_wconf 84' lang='lat' dir='ltr'>Erasmo</span> <span class='ocrx_word' id='word_1_527' title='bbox 1569 2696 1684 2730; x_wconf 90' lang='lat' dir='ltr'>editos</span> <span class='ocrx_word' id='word_1_528' title='bbox 1718 2696 1860 2738; x_wconf 85' lang='lat' dir='ltr'>attinet,</span> 
     </span>
     <span class='ocr_line' id='line_1_48' title="bbox 84 2748 1860 2794; baseline 0.001 -12"><span class='ocrx_word' id='word_1_529' title='bbox 84 2748 231 2783; x_wconf 68' lang='lat' dir='ltr'>Marsus</span> <span class='ocrx_word' id='word_1_530' title='bbox 261 2750 440 2783; x_wconf 75' lang='lat' dir='ltr'>Victorius</span> <span class='ocrx_word' id='word_1_531' title='bbox 465 2750 658 2793; x_wconf 73' lang='lat' dir='ltr'>Reatinus,</span> <span class='ocrx_word' id='word_1_532' title='bbox 695 2759 775 2782; x_wconf 86' lang='lat' dir='ltr'>cum</span> <span class='ocrx_word' id='word_1_533' title='bbox 812 2759 871 2782; x_wconf 89' lang='lat' dir='ltr'>eos</span> <span class='ocrx_word' id='word_1_534' title='bbox 907 2760 938 2782; x_wconf 93' lang='lat' dir='ltr'>a.</span> <span class='ocrx_word' id='word_1_535' title='bbox 975 2748 1064 2782; x_wconf 88' lang='lat'>1565</span> <span class='ocrx_word' id='word_1_536' title='bbox 1099 2748 1233 2782; x_wconf 86' lang='lat' dir='ltr'>Romae</span> <span class='ocrx_word' id='word_1_537' title='bbox 1267 2749 1366 2794; x_wconf 80' lang='lat' dir='ltr'>typis</span> <span class='ocrx_word' id='word_1_538' title='bbox 1403 2749 1506 2783; x_wconf 90' lang='lat' dir='ltr'>Pauli</span> <span class='ocrx_word' id='word_1_539' title='bbox 1539 2749 1693 2783; x_wconf 88' lang='lat' dir='ltr'>Manutii</span> <span class='ocrx_word' id='word_1_540' title='bbox 1729 2750 1860 2784; x_wconf 90' lang='lat' dir='ltr'>iterum</span> 
     </span>
     <span class='ocr_line' id='line_1_49' title="bbox 85 2801 1860 2847; baseline 0.001 -12"><span class='ocrx_word' id='word_1_541' title='bbox 85 2801 226 2843; x_wconf 88' lang='lat' dir='ltr'>ederet,</span> <span class='ocrx_word' id='word_1_542' title='bbox 267 2804 339 2845; x_wconf 87' lang='lat' dir='ltr'>„tot</span> <span class='ocrx_word' id='word_1_543' title='bbox 364 2802 512 2843; x_wconf 90' lang='lat' dir='ltr'>menda,</span> <span class='ocrx_word' id='word_1_544' title='bbox 548 2804 673 2846; x_wconf 89' lang='lat' dir='ltr'>totque</span> <span class='ocrx_word' id='word_1_545' title='bbox 700 2801 1017 2843; x_wconf 84' lang='lat' dir='ltr'>hallucinationes,</span> <span class='ocrx_word' id='word_1_546' title='bbox 1054 2813 1146 2846; x_wconf 91' lang='lat' dir='ltr'>quae</span> <span class='ocrx_word' id='word_1_547' title='bbox 1172 2801 1304 2847; x_wconf 89' lang='lat' dir='ltr'>partim</span> <span class='ocrx_word' id='word_1_548' title='bbox 1330 2802 1528 2847; x_wconf 89' lang='lat' dir='ltr'>imperitia,</span> <span class='ocrx_word' id='word_1_549' title='bbox 1563 2803 1695 2847; x_wconf 86' lang='lat' dir='ltr'>partim</span> <span class='ocrx_word' id='word_1_550' title='bbox 1722 2803 1860 2837; x_wconf 87' lang='lat' dir='ltr'>incuria</span> 
     </span>
     <span class='ocr_line' id='line_1_50' title="bbox 83 2854 1861 2900; baseline 0 -11"><span class='ocrx_word' id='word_1_551' title='bbox 83 2854 324 2900; x_wconf 87' lang='lat' dir='ltr'>irrepserant,</span> <span class='ocrx_word' id='word_1_552' title='bbox 350 2856 518 2897; x_wconf 88' lang='lat' dir='ltr'>sustulit,</span> <span class='ocrx_word' id='word_1_553' title='bbox 555 2858 595 2890; x_wconf 89' lang='lat' dir='ltr'>ut</span> <span class='ocrx_word' id='word_1_554' title='bbox 621 2854 802 2889; x_wconf 86' lang='lat' dir='ltr'>affirmare</span> <span class='ocrx_word' id='word_1_555' title='bbox 828 2866 898 2888; x_wconf 91' lang='lat' dir='ltr'>non</span> <span class='ocrx_word' id='word_1_556' title='bbox 924 2854 1081 2897; x_wconf 87' lang='lat' dir='ltr'>dubitet,</span> <span class='ocrx_word' id='word_1_557' title='bbox 1117 2867 1155 2889; x_wconf 91' lang='lat' dir='ltr'>se</span> <span class='ocrx_word' id='word_1_558' title='bbox 1181 2855 1260 2890; x_wconf 89' lang='lat' dir='ltr'>loca</span> <span class='ocrx_word' id='word_1_559' title='bbox 1285 2855 1367 2900; x_wconf 91' lang='lat' dir='ltr'>plus</span> <span class='ocrx_word' id='word_1_560' title='bbox 1393 2855 1511 2890; x_wconf 89' lang='lat' dir='ltr'>minus</span> <span class='ocrx_word' id='word_1_561' title='bbox 1537 2855 1634 2890; x_wconf 91' lang='lat' dir='ltr'>mille</span> <span class='ocrx_word' id='word_1_562' title='bbox 1661 2856 1861 2900; x_wconf 87' lang='lat' dir='ltr'>quingenta</span> 
     </span>
     <span class='ocr_line' id='line_1_51' title="bbox 83 2908 1859 2954; baseline 0.001 -12"><span class='ocrx_word' id='word_1_563' title='bbox 83 2909 308 2951; x_wconf 86' lang='lat' dir='ltr'>restituisse,</span> <span class='ocrx_word' id='word_1_564' title='bbox 344 2920 435 2954; x_wconf 87' lang='lat' dir='ltr'>quae</span> <span class='ocrx_word' id='word_1_565' title='bbox 462 2909 521 2944; x_wconf 90' lang='lat' dir='ltr'>vel</span> <span class='ocrx_word' id='word_1_566' title='bbox 547 2920 613 2943; x_wconf 90' lang='lat' dir='ltr'>sua</span> <span class='ocrx_word' id='word_1_567' title='bbox 647 2908 709 2942; x_wconf 90' lang='lat' dir='ltr'>ille</span> <span class='ocrx_word' id='word_1_568' title='bbox 735 2919 843 2942; x_wconf 88' lang='lat' dir='ltr'>manu</span> <span class='ocrx_word' id='word_1_569' title='bbox 869 2908 1136 2951; x_wconf 83' lang='lat' dir='ltr'>maculaverat,</span> <span class='ocrx_word' id='word_1_570' title='bbox 1172 2909 1229 2943; x_wconf 88' lang='lat' dir='ltr'>vel</span> <span class='ocrx_word' id='word_1_571' title='bbox 1256 2911 1417 2954; x_wconf 91' lang='lat' dir='ltr'>tempore</span> <span class='ocrx_word' id='word_1_572' title='bbox 1443 2911 1631 2954; x_wconf 87' lang='lat' dir='ltr'>corrupta,</span> <span class='ocrx_word' id='word_1_573' title='bbox 1666 2910 1859 2944; x_wconf 88' lang='lat' dir='ltr'>restituere</span> 
     </span>
     <span class='ocr_line' id='line_1_52' title="bbox 84 2961 1858 3009; baseline 0.001 -13"><span class='ocrx_word' id='word_1_574' title='bbox 84 2973 131 2996; x_wconf 84' lang='lat' dir='ltr'>ex</span> <span class='ocrx_word' id='word_1_575' title='bbox 155 2974 275 2997; x_wconf 89' lang='lat' dir='ltr'>rerum</span> <span class='ocrx_word' id='word_1_576' title='bbox 301 2962 482 3009; x_wconf 88' lang='lat' dir='ltr'>imperitia</span> <span class='ocrx_word' id='word_1_577' title='bbox 508 2963 603 2996; x_wconf 90' lang='lat' dir='ltr'>haud</span> <span class='ocrx_word' id='word_1_578' title='bbox 630 2962 839 3007; x_wconf 86' lang='lat' dir='ltr'>potuerat“:</span> <span class='ocrx_word' id='word_1_579' title='bbox 866 2961 921 2995; x_wconf 85' lang='lat' dir='ltr'>Ita</span> <span class='ocrx_word' id='word_1_580' title='bbox 947 2962 989 2995; x_wconf 89' lang='lat' dir='ltr'>de</span> <span class='ocrx_word' id='word_1_581' title='bbox 1008 2962 1168 2996; x_wconf 86' lang='lat' dir='ltr'>Victorio</span> <span class='ocrx_word' id='word_1_582' title='bbox 1186 2962 1323 3004; x_wconf 87' lang='lat' dir='ltr'>scribit,</span> <span class='ocrx_word' id='word_1_583' title='bbox 1351 2962 1411 3006; x_wconf 90' lang='lat' dir='ltr'>qui</span> <span class='ocrx_word' id='word_1_584' title='bbox 1428 2962 1464 2996; x_wconf 92' lang='lat' dir='ltr'>in</span> <span class='ocrx_word' id='word_1_585' title='bbox 1483 2962 1703 3008; x_wconf 80' lang='lat' dir='ltr'>Hieronymo</span> <span class='ocrx_word' id='word_1_586' title='bbox 1722 2963 1858 2997; x_wconf 90' lang='lat' dir='ltr'>edendo</span> 
     </span>
     <span class='ocr_line' id='line_1_53' title="bbox 85 3015 1859 3061; baseline 0.001 -11"><span class='ocrx_word' id='word_1_587' title='bbox 85 3027 207 3050; x_wconf 89' lang='lat' dir='ltr'>omnes</span> <span class='ocrx_word' id='word_1_588' title='bbox 234 3018 270 3050; x_wconf 89' lang='lat' dir='ltr'>et</span> <span class='ocrx_word' id='word_1_589' title='bbox 296 3016 484 3061; x_wconf 85' lang='lat' dir='ltr'>diligentia</span> <span class='ocrx_word' id='word_1_590' title='bbox 517 3018 552 3050; x_wconf 89' lang='lat' dir='ltr'>et</span> <span class='ocrx_word' id='word_1_591' title='bbox 578 3015 776 3049; x_wconf 89' lang='lat' dir='ltr'>eruditione</span> <span class='ocrx_word' id='word_1_592' title='bbox 801 3026 992 3058; x_wconf 86' lang='lat' dir='ltr'>superasse</span> <span class='ocrx_word' id='word_1_593' title='bbox 1020 3018 1205 3057; x_wconf 89' lang='lat' dir='ltr'>censetur,</span> <span class='ocrx_word' id='word_1_594' title='bbox 1241 3017 1451 3050; x_wconf 65' lang='lat' dir='ltr'>Dominicccs·</span> <span class='ocrx_word' id='word_1_595' title='bbox 1476 3017 1654 3060; x_wconf 76' lang='lat' dir='ltr'>Vallarsi,</span> <span class='ocrx_word' id='word_1_596' title='bbox 1689 3017 1859 3051; x_wconf 84' lang='lat' dir='ltr'>sacerdos</span> 
     </span>
    </p>
   </div>
   <div class='ocr_carea' id='block_1_3' title="bbox 202 3147 1792 3194">
    <p class='ocr_par' dir='ltr' id='par_1_6' title="bbox 202 3147 1792 3194">
     <span class='ocr_line' id='line_1_54' title="bbox 202 3147 1792 3194; baseline 0.001 -11"><span class='ocrx_word' id='word_1_597' title='bbox 202 3154 217 3169; x_wconf 55' lang='grc' dir='ltr'><strong>ὅ</strong></span> <span class='ocrx_word' id='word_1_598' title='bbox 242 3149 420 3183; x_wconf 88' lang='lat' dir='ltr'>sentiendi</span> <span class='ocrx_word' id='word_1_599' title='bbox 446 3149 526 3183; x_wconf 77' lang='lat' dir='ltr'>Bal.</span> <span class='ocrx_word' id='word_1_600' title='bbox 625 3148 641 3168; x_wconf 75' lang='lat' dir='ltr'>b</span> <span class='ocrx_word' id='word_1_601' title='bbox 666 3147 784 3193; x_wconf 86' lang='lat' dir='ltr'>patria</span> <span class='ocrx_word' id='word_1_602' title='bbox 809 3149 876 3192; x_wconf 83' lang='lat' dir='ltr'>B.‚·</span> <span class='ocrx_word' id='word_1_603' title='bbox 901 3150 939 3182; x_wconf 70' lang='lat' dir='ltr'>id</span> <span class='ocrx_word' id='word_1_604' title='bbox 965 3150 1058 3193; x_wconf 78' lang='lat' dir='ltr'>qnod</span> <span class='ocrx_word' id='word_1_605' title='bbox 1084 3153 1172 3183; x_wconf 78' lang='lat' dir='ltr'>certe</span> <span class='ocrx_word' id='word_1_606' title='bbox 1195 3151 1331 3193; x_wconf 80' lang='lat' dir='ltr'>falsum</span> <span class='ocrx_word' id='word_1_607' title='bbox 1357 3154 1415 3184; x_wconf 77' lang='lat' dir='ltr'>est.</span> <span class='ocrx_word' id='word_1_608' title='bbox 1514 3156 1525 3170; x_wconf 78' lang='lat'><strong>⁰</strong></span> <span class='ocrx_word' id='word_1_609' title='bbox 1550 3153 1723 3194; x_wconf 82' lang='lat' dir='ltr'>tanquam</span> <span class='ocrx_word' id='word_1_610' title='bbox 1750 3151 1792 3184; x_wconf 91' lang='lat' dir='ltr'>B.</span> 
     </span>
    </p>
   </div>
  </div>
 </body>
</html>
