2093 3444
703 208 817 243 Roma
843 209 876 243 4.
904 208 1060 243 Ianuarii
1090 210 1191 244 1561.
1807 214 1832 254 3

179 326 264 368 Per
295 325 439 379 Praga
482 328 525 368 et
566 326 667 368 altri
708 326 856 380 luoghi
889 327 925 368 si
957 341 1142 381 procura
1175 327 1355 369 licencia
1396 327 1468 381 piu
1509 328 1633 381 larga
1671 333 1833 382 quanto

56 391 135 433 alli
167 391 264 433 libri.
297 390 522 445 prohibiti,
558 394 602 433 et
635 392 771 433 anche
804 392 919 434 circa
950 392 980 433 il
1013 392 1181 434 delecto
1216 392 1257 434 di
1291 392 1373 434 ciui
1406 396 1450 435 et
1483 393 1634 444 (11111111,
1669 395 1834 438 faculta

57 455 103 498 di
136 456 362 511 dispensar
395 459 438 498 et
471 470 671 510 speramo
699 457 741 498 di
774 458 999 499 obtenerla
1021 461 1168 511 presto
1199 458 1397 500 bauendo
1421 472 1570 512 presso
1604 460 1835 502 uolontieri

58 521 323 564 1’assumtto
356 521 386 563 il
419 521 620 563 Cardinal
654 522 845 565 Morone.

180 586 266 628 Nel
311 586 493 639 collegio
540 587 590 628 de
636 587 791 628 Poueri
839 587 880 629 di
926 588 1101 641 Pragal
1146 603 1231 629 non
1279 602 1382 642 pare
1431 603 1456 630 a
1501 591 1649 631 nostro
1694 590 1834 632 Padre

58 653 95 693 s'
121 652 339 694 accettino
373 652 398 693 l'
425 651 582 693 Husite
614 652 648 693 si
684 652 808 694 nonsi
840 653 1110 695 riducessero
1144 654 1185 695 al
1220 653 1341 695 uiuer
1379 653 1613 704 catholico,
1658 658 1702 697 et
1734 670 1835 697 6011-

60 717 187 760 1116116
220 717 289 759 far
321 731 481 772 capace
512 717 807 771 l'Jmperator
840 720 883 759 et
917 718 1131 760 Arciduca
1147 720 1176 768 2,
1214 721 1257 761 et
1291 719 1578 772 qualsiuoglia
1611 720 1722 762 altro
1757 720 1835 762 che

57 783 127 825 tal
159 797 261 825 cosa
294 782 519 825 ricercassi
553 782 631 824 che
664 797 748 824 non
782 783 990 825 conuiene
1023 784 1085 826 tal
1118 784 1302 826 mistura
1335 786 1415 827 etc.

182 848 244 890 La
277 844 382 890 cura
414 847 482 890 del
515 847 743 902 Hospitale
777 847 818 889 di
852 848 1020 890 Vienna
1052 849 1095 890 in
1137 848 1434 903 spiritualibus
1468 850 1546 891 che
1578 864 1657 892 sua
1688 850 1746 893 M.
1780 851 1836 892 ha

61 913 212 955 uoluto
246 913 420 967 pigliasi
451 913 481 955 il
514 913 695 966 collegio
729 916 879 956 nostro
913 917 983 956 sta
1017 914 1124 956 bene
1159 914 1236 955 che
1278 914 1343 956 sia
1382 917 1603 958 accettata
1636 916 1678 957 al
1709 916 1835 957 modo

59 979 142 1021 che
175 979 227 1022 V.
262 979 312 1022 R.
347 978 499 1021 scriue.
536 979 716 1021 estando
750 978 793 1020 ui
825 978 868 1020 in
901 979 1042 1032 quello
1076 994 1133 1021 un
1167 980 1400 1034 Capeliano
1434 981 1640 1023 secolare.

184 1044 284 1086 Non
315 1044 351 1086 si
384 1046 406 1086 6
440 1046 641 1086 1116110610
677 1043 715 1085 (11
739 1043 961 1086 11111611(161
992 1044 1020 1086 11
1047 1045 1340 1087 catechismo3
1373 1046 1530 1099 perche
1563 1046 1606 1088 la
1628 1045 1838 1088 Doctrina

60 1109 108 1152 di
146 1110 288 1163 quello
322 1124 408 1152 non
448 1109 635 1164 piaccia,
681 1115 724 1152 et
766 1109 888 1151 1101161
932 1110 1074 1164 reputi
1117 1110 1211 1152 utili
1250 1113 1318 1152 etc
1352 1146 1360 1155 .
1395 1125 1465 1153 ma
1506 1125 1584 1165 per
1623 1111 1662 1153 le
1704 1111 1837 1153 molte

62 1175 325 1230 ocupatione
357 1175 429 1230 piu
463 1175 580 1217 forsa
614 1176 692 1217 6116
725 1175 776 1217 V.
812 1175 861 1217 R.
897 1176 1025 1217 creda
1059 1175 1110 1217 de
1148 1178 1296 1217 nostro
1331 1176 1470 1218 Padre
1504 1176 1728 1230 Preposito
1761 1191 1839 1231 per

62 1241 105 1282 le
138 1240 256 1294 quali
296 1241 352 1283 ha
394 1240 565 1283 diferito
599 1240 737 1282 insino
781 1240 924 1283 afatta
965 1241 1008 1282 la
1040 1241 1243 1295 Epifania
1285 1241 1391 1284 certi
1434 1241 1556 1295 punti
1595 1242 1672 1284 che
1705 1242 1837 1284 lascio

59 1306 234 1350 anotati
266 1306 295 1347 il
328 1306 468 1348 Padre
501 1306 685 1355 Natale,
729 1308 884 1359 questa
916 1306 1151 1348 settimana
1192 1306 1270 1348 che
1313 1306 1436 1348 uiene
1474 1321 1572 1349 sera
1604 1307 1704 1349 facil
1738 1321 1839 1350 cosa

60 1372 102 1414 si
133 1372 334 1426 spedisca
366 1374 410 1414 et
443 1371 479 1413 si
511 1371 708 1413 rimandi.

186 1437 267 1479 Del
300 1451 506 1479 concorso
541 1437 609 1479 del
641 1437 796 1491 popolo
820 1435 1091 1490 Augustano,
1127 1439 1170 1479 61
1203 1437 1432 1479 (16110110116
1462 1438 1546 1480 6116
1579 1437 1839 1480 confessioni

60 1505 110 1545 61
142 1502 410 1557 indulgentie
443 1502 479 1544 si
511 1502 647 1544 siamo
681 1502 992 1556 speciahnente
1026 1502 1237 1544 consolati
1269 1502 1312 1543 in
1345 1502 1527 1545 Domino
1545 1504 1573 1554 4,
1614 1506 1658 1546 et
1690 1506 1839 1546 nostro

65 1567 208 1610 Padre
254 1582 333 1610 con
374 1567 479 1611 tutti
520 1568 576 1620 gl'
598 1567 698 1610 altri
743 1567 778 1609 ci
822 1567 1191 1609 reccomendiamo
1236 1567 1371 1610 molto
1416 1568 1527 1610 nelle
1573 1569 1758 1611 orationi
1799 1569 1841 1611 di

65 1633 120 1676 V.
154 1633 205 1676 R.
271 1633 324 1675 Di
357 1633 496 1675 Roma
527 1633 557 1674 li
591 1634 644 1676 .4.
680 1632 718 1674 di
756 1632 961 1675 Gennaio.
1029 1635 1154 1675 1561.

187 1714 300 1751 Nota:
328 1714 495 1750 Canisius
522 1714 645 1749 Lainio
672 1715 860 1760 rescripsit
888 1715 942 1749 19.
970 1715 1127 1748 Ianuarii
1156 1715 1256 1749 1561.

189 1840 433 1884 pragensibus
460 1842 496 1874 et
522 1839 674 1874 aliorum
700 1839 858 1873 locorum
878 1838 990 1873 Sociis
1010 1838 1052 1872 de
1078 1838 1179 1872 libris
1207 1838 1396 1883 prohibitis
1423 1839 1631 1884 ampliorem
1658 1839 1841 1874 licentiam

64 1895 178 1938 atque
204 1894 313 1928 etiam
339 1893 460 1937 legum
493 1893 653 1929 delectus
690 1893 847 1928 ciborum
875 1894 910 1927 et
944 1892 1066 1926 ieiunii
1098 1892 1375 1926 relaxandarum
1402 1892 1614 1927 facultatem
1650 1893 1842 1938 impetrare

62 1947 275 1989 studemus;
312 1958 419 1992 quam
453 1959 517 1982 nos
553 1947 655 1982 brevi
689 1947 945 1992 impetraturos
982 1957 1060 1980 esse
1094 1957 1300 1990 speramus,
1339 1958 1417 1980 cum
1454 1946 1648 1981 cardinalis
1675 1947 1843 1981 Moronus

63 2013 148 2036 eam
175 2013 298 2036 curam
323 2000 478 2035 libenter
502 2001 539 2035 in
565 2013 603 2035 66
630 2000 843 2045 susceperit.

189 2055 230 2089 In
256 2066 454 2100 pauperum
488 2054 681 2098 collegium
716 2055 919 2099 pragense¹
946 2053 1099 2087 Husitae
1135 2053 1346 2087 admittendi
1382 2065 1460 2087 6666
1486 2053 1582 2098 patri
1617 2055 1739 2087 nostro
1774 2065 1844 2087 non

65 2109 256 2150 videntur,
291 2108 362 2142 nisi
387 2108 563 2143 catholice
591 2108 714 2142 vivere
749 2108 785 2141 in
821 2107 977 2141 animum
1004 2106 1230 2148 induxerint;
1267 2108 1375 2150 atque
1411 2118 1491 2141 cum
1524 2106 1732 2152 imperatori
1766 2108 1843 2141 tum

63 2161 277 2197 arohiduci²
302 2164 380 2196 tum
407 2161 556 2196 cuilibet
581 2161 695 2203 alteri,
722 2161 783 2205 qui
810 2160 984 2195 eiusmodi
1010 2171 1085 2194 rem
1112 2159 1276 2205 petierit,
1304 2160 1434 2205 exponi
1462 2160 1641 2201 convenit,
1670 2160 1844 2195 eiusmodi

68 2215 348 2261 permixtionem
373 2227 445 2249 non
471 2215 663 2249 convenire
690 2217 757 2249 etc.

191 2268 324 2302 Rerum
350 2268 591 2314 spiritualium
618 2267 872 2302 valetudinarii
898 2266 1176 2301 vindobonensis
1204 2278 1336 2306 curam,
1364 2278 1471 2311 quam
1498 2278 1519 2300 a
1546 2266 1697 2310 collegio
1722 2269 1844 2301 nostro

67 2321 207 2367 suscipi
233 2322 406 2356 maiestas
432 2333 498 2356 sua
524 2322 649 2363 voluit,
676 2321 736 2363 ita,
764 2323 805 2355 ut
823 2321 864 2355 R.
883 2320 926 2355 V.
946 2319 1102 2365 scripsit,
1130 2320 1272 2354 admitti
1297 2320 1399 2354 nobis
1418 2320 1600 2365 probatur,
1628 2331 1709 2354 cum
1728 2320 1844 2365 capel-

67 2375 176 2410 lanus
201 2375 398 2410 saecularis
424 2375 499 2410 illic
526 2376 645 2419 degat.

192 2428 485 2463 061661116111111113
511 2429 555 2463 6(1
591 2440 655 2463 νο6
690 2429 874 2463 remittere
909 2439 979 2461 non
1015 2427 1200 2461 omisimus
1236 2439 1276 2461 eo
1303 2427 1396 2471 quod
1433 2427 1595 2461 doctrina
1628 2427 1664 2461 in
1700 2439 1741 2461 eo
1768 2439 1844 2472 pro-

66 2482 188 2528 posita
206 2482 308 2517 nobis
326 2482 534 2528 displiceret
552 2484 588 2517 61
602 2482 731 2516 librum
751 2481 876 2516 utilem
894 2493 964 2515 non
983 2492 1061 2515 6666
1081 2492 1307 2515 censeremus
1326 2483 1405 2522 etc„
1425 2481 1487 2515 sed
1507 2480 1590 2525 quia
1604 2482 1707 2525 pater
1724 2482 1847 2515 noster

70 2536 299 2582 praepositus
324 2536 430 2570 valde
458 2547 500 2570 ac
525 2536 678 2570 fortasse
705 2536 821 2579 magis
849 2546 956 2579 quam
984 2534 1025 2568 R.
1053 2534 1096 2569 V.
1124 2534 1276 2568 forsitan
1309 2533 1494 2568 existimet
1525 2537 1721 2579 occupatus
1749 2537 1845 2575 erat;

68 2601 183 2635 quare
210 2590 287 2635 ipse
314 2591 471 2634 capitum
498 2589 741 2634 quorundam,
773 2600 864 2633 quae
891 2589 994 2633 pater
1018 2587 1159 2622 Natalis
1186 2587 1356 2621 adnotata
1382 2587 1538 2631 reliquit,
1565 2588 1845 2631 recognitionem

67 2645 155 2688 post
172 2642 411 2688 Epiphaniam
430 2643 589 2683 distulit3
617 2643 781 2688 proxima
807 2643 926 2676 autem
953 2641 1021 2676 hac
1047 2641 1267 2675 hebdomade
1294 2640 1400 2675 facile
1426 2641 1504 2674 fieri
1530 2641 1673 2685 poterit,
1699 2643 1740 2675 ut
1756 2641 1847 2676 liber

68 2696 285 2731 absolvatur
313 2699 349 2731 et
374 2696 592 2731 remittatur.

192 2749 293 2792 Quod
318 2749 471 2795 populus
497 2751 722 2793 augustanus
748 2750 851 2783 tanta
877 2748 1080 2792 frequentia
1107 2749 1142 2781 et
1166 2748 1301 2793 pietate
1328 2747 1372 2781 ad
1391 2758 1514 2781 sacras
1541 2747 1784 2781 confessiones
1811 2749 1848 2781 et

69 2803 316 2847 indulgentias
352 2803 526 2845 accessit,
562 2802 739 2846 singulari
774 2802 809 2836 in
845 2801 985 2835 domino
1021 2801 1153 2835 solacio
1198 2800 1317 2835 affecti
1352 2802 1513 2835 6111111164.
1577 2801 1683 2834 Pater
1726 2802 1848 2834 noster

68 2857 256 2901 ceterique
275 2868 398 2891 omnes
417 2856 459 2890 R.
477 2857 521 2891 V.
540 2856 706 2902 precibus
725 2866 942 2900 magnopere
960 2866 1025 2889 nos
1044 2854 1347 2889 commendamus.
1383 2854 1497 2887 Roma
1515 2855 1548 2888 4.
1567 2853 1724 2887 Ianuarii
1745 2854 1847 2888 1561.

198 2979 208 2999 ¹
234 2979 286 3013 De
311 2978 379 3013 hoc
404 2991 439 3014 v.
470 2980 557 3014 Can.
585 2979 674 3024 Epp.
702 2978 745 3020 ΙΙ,
773 2978 852 3012 365.
882 2979 961 3012 716.

195 3032 209 3053 ²
234 3032 480 3067 Ferdinandus
506 3032 692 3074 archidux,
720 3031 935 3065 Ferdinandi
954 3031 980 3065 I.
1009 3031 1165 3065 caesaris
1192 3030 1299 3071 filius,
1326 3029 1536 3064 Bohemiam
1560 3029 1846 3065 administrabat.

196 3086 210 3107 ³
236 3086 370 3121 canisii
402 3086 578 3129 „Parvum
616 3085 875 3119 catechismum
914 3084 1225 3124 Catholicoruni“;
1262 3096 1296 3118 v.
1328 3084 1413 3118 Can.
1442 3083 1529 3128 Epp.
1561 3083 1614 3122 II,
1651 3083 1730 3117 606.
1768 3084 1848 3117 677.

69 3138 156 3173 778.
185 3139 436 3227 8⁴9OT1·it?‹?112tini
462 3186 602 3227 concilii
629 3191 747 3236 gratia
783 3191 1008 3235 indulgentia
1048 3191 1231 3234 „iubilaei“
1274 3201 1381 3235 quam
1420 3189 1543 3224 dicunt
1581 3201 1625 3223 m.
1654 3189 1851 3224 Novembri

1526 3253 1538 3281 l
1554 3250 1570 3266 *
