2093 3444
418 233 575 268 Monum.
606 233 841 278 (augustana)
871 234 949 268 268.
981 233 1069 278 (Sub
1096 233 1278 267 ineuntem
1305 244 1334 266 a.
1365 233 1481 275 1561.)
1569 253 1573 256 -
1751 235 1834 275 653

69 349 144 384 fieri
179 349 312 394 poterit
352 349 487 393 (aliqua
523 350 634 391 enim,
674 353 714 384 ut
749 351 842 391 dixi,
882 349 1048 393 desunt),
1087 349 1122 382 in
1158 348 1276 393 operis
1311 347 1491 381 volumine
1527 349 1706 391 postremo
1742 347 1835 381 inter

73 402 360 448 „supplementa“
404 402 603 443 collocabo;
646 415 710 438 nec
753 406 874 437 tamen
912 406 1113 448 temperare
1155 401 1241 435 mihi
1279 411 1444 445 possum,
1487 400 1571 444 quin
1610 412 1703 434 nunc
1741 400 1834 434 inter

73 456 340 498 „monumenta“
372 455 530 499 aliquam
556 468 678 490 earum
706 459 845 501 partem
872 468 1081 501 proponam,
1110 455 1240 500 quippe
1267 465 1358 499 quae
1385 454 1429 487 ad
1457 465 1514 494 ea,
1542 465 1633 497 quae
1660 454 1702 487 de
1729 454 1834 488 comi-

68 509 168 543 tissis
194 508 392 552 fuggericis
419 520 449 543 a.
480 510 567 543 1561
596 521 616 543 a
645 510 786 544 Canisio
813 509 965 554 aliisque
991 509 1126 553 scripta
1153 510 1255 549 sunt,
1287 507 1531 549 intellegenda
1557 509 1594 540 et
1618 506 1834 541 illustranda

68 562 259 607 plurimum
287 562 435 596 confert.

188 634 317 667 Ursulo
343 634 384 666 de.
401 633 650 677 Lichtenstein,
681 634 826 677 Georyii
843 635 1001 677 Ftcgsgserl
1028 644 1131 677 emor,
1158 633 1338 666 catholicis
1364 636 1467 665 antea
1496 632 1634 675 infesta,
1663 633 1734 664 iam
1763 642 1834 664 (ma

68 697 146 720 cum
181 687 301 720 liberis
327 687 530 720 Societatem
566 690 680 730 (meat,
716 688 881 730 templum
916 691 945 720 et
978 691 1201 720 sacramenta
1231 687 1452 729 frequentat,
1489 688 1695 718 ornamenta
1729 696 1834 718 sacra

63 745 194 783 parat,
232 740 343 773 libros
370 741 452 783 pios
487 740 637 782 colliylt,
677 745 838 773 errantes
872 742 1027 784 reducit,
1064 740 1281 783 pauperibus
1306 740 1589 782 beniqnlssimam
1625 749 1658 771 se
1678 739 1833 780 praebet.

68 794 159 826 Eius
184 794 309 826 domus
331 794 407 836 fere
432 795 686 826 monasterinm
712 798 770 827 est.

189 876 388 918 Conislus
429 878 621 932 Augyzcsta
655 878 963 918 Vindelicorzme
999 881 1069 919 20.
1104 877 1356 932 Septembris
1391 878 1505 917 1560
1548 877 1605 917 ad
1649 876 1834 917 Ottonem

69 942 121 983 (le
158 942 396 991 Trzlclzsess,
430 942 695 984 cardinalem
731 948 765 983 et
799 944 1031 997 episcopum
1066 947 1362 996 auqzcstamlm,
1398 942 1557 982 Itomae
1590 946 1832 994 morantem,

70 1008 288 1061 epistulam
324 1008 452 1061 dedit,
486 1009 532 1048 in
565 1022 648 1062 qua
680 1008 793 1057 liaeo,
821 1013 996 1062 praeter
1027 1009 1127 1059 alia,
1162 1008 1352 1061 scripsit:
1383 1005 1484 1047 Fuit
1506 1005 1737 1047 Catholicis
1768 1005 1833 1047 in-

67 1070 182 1114 festa
208 1071 326 1125 prius
348 1086 459 1113 uxor
480 1072 531 1114 D.
558 1072 730 1126 Georgij
756 1072 945 1125 Fuggeri
964 1074 990 1121 1,
1026 1086 1135 1125 quae
1159 1086 1270 1113 nunc
1296 1073 1395 1125 post
1418 1070 1581 1124 aliquot
1604 1070 1834 1112 familiaria

68 1150 163 1178 cum
195 1136 270 1178 1113
303 1136 517 1190 colloquia
549 1152 633 1179 non
666 1138 804 1179 solum
837 1152 915 1179 1105
949 1139 1068 1179 amat
1098 1137 1313 1190 impense,
1349 1150 1499 1177 uerum
1532 1135 1663 1178 etiam
1694 1138 1834 1178 totam

67 1201 274 1243 familiam
309 1202 561 1255 frequenter
593 1202 647 1245 ad
680 1205 1053 1244 sacramentorum
1085 1216 1209 1243 usum
1242 1201 1430 1251 adducit,
1468 1203 1511 1242 et
1544 1214 1700 1254 magno
1733 1200 1834 1242 Zelo

68 1270 265 1309 errantes
286 1270 465 1310 reuocat
494 1282 544 1310 ac
576 1268 806 1310 redeuntes
831 1269 1069 1317 confirmat,
1105 1267 1194 1317 alit,
1229 1267 1490 1308 consolatur.
1536 1265 1640 1307 Eius
1663 1265 1834 1307 domum

67 1346 148 1385 ego
171 1332 354 1374 dixerim
376 1333 687 1376 monasterium
722 1334 774 1375 ob
797 1333 1049 1386 frequentes
1081 1332 1123 1373 111
1147 1346 1198 1374 03
1221 1345 1384 1386 preces,
1419 1331 1473 1372 ad
1497 1345 1603 1384 quas
1626 1330 1834 1372 familiam

68 1401 290 1440 conuocat.
335 1398 435 1440 Non
467 1398 663 1441 meminit
696 1413 742 1440 se
769 1398 1041 1440 Comitissam
1074 1411 1181 1447 esse,
1217 1396 1382 1449 colligit
1415 1395 1697 1437 eleemosinas
1730 1409 1835 1449 pau-

66 1462 240 1516 peribus
264 1462 557 1517 applicandas,
586 1467 715 1518 parat
738 1463 969 1516 diligenter
992 1464 1246 1504 ornamenta
1269 1461 1527 1515 templorum
1552 1463 1595 1503 et
1617 1460 1832 1509 altarium,

67 1527 155 1568 suis
187 1527 281 1581 ipsa
313 1528 511 1570 manibus
545 1542 655 1582 quae
698 1529 752 1570 ad
794 1529 1074 1570 decorema
1115 1527 1301 1568 domus
1334 1525 1464 1568 1)012
1502 1527 1703 1579 spectant
1735 1539 1835 1567 con—

6 1591 10 1596 ’
66 1593 169 1643 ficit,
203 1593 314 1635 filias
330 1594 346 1620 3
377 1593 497 1635 iubet
519 1594 631 1635 idem
654 1593 813 1642 facere,
849 1608 898 1635 ac
921 1595 1150 1647 praeterea
1174 1591 1322 1645 egenis
1343 1590 1514 1632 indusia
1543 1592 1587 1632 et
1609 1590 1835 1643 egentibus

65 1657 208 1700 lineab
242 1656 302 1713 [Ρ]
338 1659 549 1711 quaedam
583 1662 724 1713 parat.
789 1659 892 1701 Cum
926 1660 1056 1700 antea
1089 1657 1163 1699 uix
1195 1657 1327 1698 semel
1361 1656 1416 1698 ad
1447 1656 1654 1709 templum
1688 1654 1835 1697 multis

67 1724 348 1776 egrederetur
394 1724 755 1775 hebdomadibus,
805 1738 917 1765 nunc
964 1723 1111 1764 multis
1159 1722 1275 1764 horis
1322 1721 1365 1762 in
1409 1721 1571 1775 templo
1620 1723 1832 1771 uersatur,

67 1789 258 1842 quotidie
298 1789 412 1840 fere,
456 1803 506 1831 ac
538 1789 768 1843 presertim
810 1789 892 1832 etsi
935 1789 1065 1841 longa
1106 1788 1176 1829 uia
1209 1787 1265 1829 sit
1307 1787 1360 1828 ad
1393 1786 1444 1828 D.
1479 1785 1693 1828 1111311311]4
1735 1799 1834 1839 pro-

66 1856 193 1908 perat
224 1855 387 1896 nullam
410 1854 477 1896 die
500 1854 613 1897 festo
637 1854 886 1897 concionem
918 1853 1230 1895 inter-missura.
1275 1851 1375 1893 Non
1399 1851 1537 1893 dicam
1568 1851 1619 1892 de
1651 1850 1834 1904 priuatis

67 1919 466 1969 exhortationibus,
521 1934 629 1974 quas
682 1920 735 1962 ad
783 1920 944 1962 multos
991 1919 1122 1961 habet
1169 1918 1442 1970 frequenter:
1501 1915 1573 1970 filij
1622 1918 1713 1958 tres
1760 1918 1836 1957 aut

67 1987 281 2038 quatum-⁵
322 1988 366 2027 et
405 1985 520 2027 filiae
564 1985 673 2027 duae
714 1987 956 2027 maternam
989 1984 1197 2038 pietatem
1239 1996 1415 2036 prorsus
1450 1984 1694 2030 sectantur,
1739 1995 1833 2022 cum

66 2053 196 2093 antea
240 2051 368 2104 longe
409 2065 533 2092 secus
578 2054 725 2093 essent
766 2049 968 2092 instituti.
1039 2049 1199 2090 Diebus
1240 2047 1366 2089 festis
1407 2046 1688 2101 pedissequas
1725 2045 1834 2087 filios

66 2119 110 2158 et
141 2115 252 2158 filias
285 2116 451 2169 colligit
491 2118 539 2158 ut
572 2130 668 2158 cum
701 2115 761 2158 eis
801 2117 965 2158 tractet
1007 2114 1059 2155 de
1096 2112 1392 2168 spiritualibus
1434 2111 1588 2166 studijs
1630 2111 1701 2153 ubi
1733 2124 1834 2152 suas

67 2181 196 2224 etiam
243 2181 422 2235 quisque
462 2181 728 2224 tentationes
767 2180 967 2235 exponit,
1012 2182 1055 2221 et
1095 2178 1273 2220 insidias
1305 2176 1539 2219 Daemonis
1579 2179 1672 2219 tum
1714 2175 1834 2218 audit

66 2249 159 2288 tum
189 2246 409 2300 intelligit.
453 2247 511 2289 Jn
532 2246 653 2288 libris
686 2246 847 2289 ueteris
870 2244 1046 2300 pietatis
1070 2243 1321 2297 colligendis
1354 2244 1421 2284 est
1453 2242 1644 2291 sedulass,
1676 2242 1833 2283 Catho-

185 2362 200 2377 a
224 2358 281 2390 Ita
308 2362 337 2390 et
363 2368 406 2390 ex
431 2359 608 2390 coamncml
634 2368 729 2390 more
755 2357 939 2390 verbormn
966 2360 995 2389 et
1022 2367 1064 2388 ex
1091 2356 1147 2388 Ps.
1175 2355 1425 2396 com-mendum
1451 2363 1520 2386 esse
1546 2354 1689 2385 omnino
1717 2362 1832 2385 censeo

67 2410 247 2454 decorum,
274 2411 368 2454 quod
393 2415 440 2444 est
466 2412 504 2443 ln
531 2422 588 2453 ap.
616 2422 683 2444 reo.
830 2410 844 2429 ‘³
871 2411 931 2443 Sefc
958 2420 1014 2452 (Q)-
1041 2420 1134 2450 ·rec.,·
1158 2407 1299 2441 lintea?

189 2523 199 2543 ¹
226 2521 358 2556 Ursula
385 2521 427 2555 de
453 2521 718 2561 Lichtenstein;
755 2521 797 2554 de
824 2531 894 2564 qua
920 2519 1021 2559 vide,
1057 2530 1148 2563 quae
1175 2518 1240 2552 sub
1267 2517 1365 2562 ipsas
1391 2517 1457 2551 has
1483 2516 1624 2550 litteras
1660 2515 1832 2549 dicentur.

188 2629 200 2649 ³
226 2574 502 2662 1115021508111110
536 2628 604 2661 hae
639 2630 743 2661 erant
776 2626 889 2660 filiae:
926 2625 1070 2659 Sidonia
1096 2624 1250 2659 isabella
1280 2625 1381 2666 (nata
1409 2622 1537 2666 1543),
1577 2623 1681 2656 Α11113
1706 2621 1833 2655 1300110

71 2683 120 2727 (n.
149 2682 267 2725 1547),
294 2681 409 2715 Maria
437 2680 600 2724 Virginia
630 2680 679 2724 (n.
710 2680 827 2723 1555),
854 2678 1062 2713 Mechtildis
1092 2678 1139 2721 (n.
1169 2677 1288 2720 1558),
1315 2676 1431 2710 Maria
1459 2675 1507 2719 (n.
1538 2675 1590 2709 11.
1615 2675 1690 2709 Ian.
1712 2674 1831 2718 1560).

66 2737 122 2771 Ita
149 2735 292 2780 quidem
317 2735 432 2768 Nicol.
459 2734 734 2777 Rittershustus,
762 2732 1001 2775 Genealogiae
1028 2732 1305 2776 Imperatorum,
1335 2730 1475 2773 Regum
1501 2730 1567 2762 etc.
1599 2728 1668 2772 (ed.
1696 2728 1736 2769 2,
1763 2727 1833 2761 Tu-

67 2789 198 2832 bingae
227 2788 346 2831 1658),
373 2787 487 2830 Fugg.
515 2787 640 2821 tabula
666 2787 705 2820 B.

187 2844 200 2862 4
227 2842 280 2875 Ad
308 2840 497 2875 ecclesiam
525 2840 778 2880 cathedralem,
807 2840 939 2873 Beatae
966 2838 1103 2872 Mariae
1129 2836 1271 2880 Virgini
1297 2847 1448 2870 sacram.

187 2896 200 2916 ⁵
225 2894 407 2929 Vivebant
440 2895 526 2927 tunc
563 2893 598 2927 hi
633 2893 710 2927 eius
744 2892 827 2926 filii:
863 2891 1052 2936 Philippus
1079 2891 1266 2924 Eduardus
1295 2889 1418 2933 (natus
1448 2888 1573 2931 1546),
1610 2886 1832 2921 Octavianus

68 2949 253 2985 Secundus
283 2948 330 2991 (n.
361 2947 479 2990 1549),
506 2946 619 2980 Iulius
645 2946 915 2980 Maximilianus
944 2946 991 2988 (n.
1023 2945 1141 2988 1550),
1168 2943 1346 2978 Antonius
1375 2942 1423 2985 (n.
1453 2941 1571 2984 1552),
1598 2940 1833 2985 Raymundus

71 3003 120 3047 (n.
143 3001 260 3045 1553),
288 3000 529 3044 Α110011ῑι15(11.
552 2999 671 3043 1557).
708 3000 761 3033 Ita
789 2999 932 3043 quidem
959 2999 1140 3033 *Stemma
1167 2997 1345 3041 quoddam
1370 2995 1429 3029 vel
1456 2993 1648 3039 descriptio
1674 2993 1832 3027 familiae

67 3056 314 3100 Fuggerorum
340 3065 448 3088 manu
475 3054 628 3098 scripta,
665 3064 757 3097 quae
783 3053 971 3096 Augustae
997 3051 1031 3085 in
1059 3050 1205 3085 archivo
1237 3049 1424 3093 suggerico
1461 3049 1679 3082 asservatur.
1731 3046 1832 3081 Simi-

68 3110 151 3144 liter
176 3109 436 3144 Rv'ttershusius
461 3107 483 3141 l.
512 3118 540 3141 c.

188 3164 201 3183 ⁶
228 3161 377 3202 Confer,
414 3172 504 3205 quae
540 3160 582 3194 de
614 3159 810 3201 „pharetra
844 3159 956 3193 divini
991 3158 1141 3192 311101151ι
1181 3157 1247 3191 sub
1282 3157 1397 3201 ipsam
1434 3155 1524 3189 hanc
1557 3153 1748 3200 epistulam
1774 3165 1831 3198 po-

68 3219 209 3257 nentur,
236 3217 272 3250 et
298 3226 389 3259 quae
416 3214 580 3248 dicentur
604 3212 709 3254 infra,
735 3224 890 3246 monum.
918 3211 997 3246 394.
1026 3211 1104 3246 399.
