2093 3444
221 225 305 266 644
359 223 515 257 Monuni.
547 222 721 266 (august.)
751 223 829 257 260.
861 222 948 266 (Sub
974 222 1066 256 med.
1093 234 1138 256 m.
1167 222 1262 267 Sept.
1292 222 1409 267 1562.)
1439 224 1518 258 261.
1548 223 1610 267 (M.
1638 223 1734 269 Sept.
1764 224 1882 268 1562.)

1037 339 1168 381 260.

739 428 810 464 Sub
836 427 994 464 medium
1019 438 1065 464 m.
1092 428 1341 475 Septembrem
1368 428 1462 465 1562.

217 562 249 596 X
336 511 391 545 Ex
418 511 672 545 commentario
708 512 752 546 ab
778 512 921 546 Andrea
948 511 1029 546 St‘o'r
1061 507 1194 556 scripto
1231 513 1266 545 et
1292 523 1313 545 a
1340 511 1482 546 Canisio
1514 513 1710 557 recognito.
1762 514 1844 548 Cod.
1877 514 1980 556 „Cau

253 591 260 597 .
286 564 338 598 U“
369 564 393 598 f.
422 564 499 598 502.

339 635 506 669 Canuleius
532 647 548 668 e
571 640 732 678 sussyestaec
758 636 880 668 dirites
907 637 1135 679 Awustanos
1160 639 1294 678 monet,
1326 641 1365 669 ut
1392 647 1568 679 pauperes
1594 638 1780 671 catholicos
1805 639 1980 671 adiuvent.

337 719 537 760 Canisessus
570 721 614 760 in
637 720 822 760 contione
855 719 929 759 sub
958 720 1142 760 medium
1176 734 1226 761 m.
1252 719 1530 773 Septembrem
1564 735 1602 762 α.
1626 722 1742 762 1562
1765 722 1983 776 Alcyustae

217 785 259 824 in
294 785 397 825 aede
429 786 617 825 mamma
651 785 701 825 cle
735 785 889 825 ieiunio
922 784 1091 825 habita:
1132 784 1308 832 Moneo,
1345 786 1492 839 inquit,
1532 787 1576 826 et
1607 799 1713 838 rogo
1747 785 1902 828 diuites
1935 789 1983 829 ut

215 847 296 889 hoc
336 850 532 902 tempore
573 848 738 903 seipsos
780 849 1062 899 admoneant,
1108 851 1155 890 ut
1201 849 1432 891 ostendant
1476 863 1598 891 suam
1640 850 1895 893 charitatem
1939 854 1983 894 et

214 912 552 955 misericordiam
586 928 691 967 erga
723 928 936 967 pauperes
969 918 1012 956 et
1035 916 1210 967 praeter
1238 914 1413 956 solitum
1445 914 1487 955 in
1519 915 1624 957 hac‘²
1645 915 1871 968 Angarial
1904 916 1982 958 ali-

215 978 316 1031 quid
349 982 531 1032 erogent
571 979 614 1020 in
656 979 890 1021 subsidium
932 993 1171 1033 pauperum
1205 979 1522 1021 Catholicorum
1557 1013 1565 1029 ‚
1600 980 1671 1032 qui
1710 984 1886 1034 propter
1916 982 1981 1023 in-

215 1045 406 1086 stantem
439 1044 637 1097 hyemem
680 1044 828 1086 multis
861 1046 991 1097 egent
1024 1044 1224 1097 subsidijs
1259 1078 1267 1093 ,
1302 1047 1349 1086 ut
1381 1043 1481 1097 quia
1523 1045 1681 1087 debent
1717 1045 1906 1099 migrare
1938 1050 1983 1090 et

214 1123 349 1150 nouas
382 1109 511 1151 aedes
545 1123 756 1163 occupare
791 1112 835 1150 25³
868 1109 987 1162 ligna
1029 1109 1106 1151 sibi
1142 1109 1367 1162 prouidere
1403 1142 1410 1159 ,
1446 1111 1492 1151 3⁴?
1524 1123 1571 1151 se
1604 1112 1647 1152 et
1689 1124 1789 1152 suos
1821 1111 1982 1154 uestire

214 1176 258 1216 et
300 1174 442 1216 cibare
484 1175 563 1216 hoc
606 1174 767 1216 difficili
808 1178 1016 1228 tempore.
1088 1175 1255 1216 Vellem
1297 1174 1430 1227 igitur
1474 1178 1522 1218 ut
1566 1175 1773 1229 pecuniae
1814 1190 1981 1218 summa

214 1239 354 1281 bonab
397 1239 674 1293 colligeretur
708 1273 715 1290 ,
751 1243 795 1282 et
837 1240 1009 1282 dabitur
1051 1240 1154 1281 ordo
1188 1242 1235 1282 ut
1277 1240 1549 1293 expendat-ur
1590 1240 1755 1282 utiliter
1793 1241 1847 1282 ad
1880 1256 1980 1283 con-

213 1304 470 1347 solationem
510 1308 553 1347 et
595 1319 719 1359 opem
762 1318 908 1346 eorum
943 1305 1014 1357 qui
1056 1305 1196 1358 magis
1239 1308 1367 1358 egent
1409 1307 1453 1346 et
1495 1308 1669 1347 nostrae
1711 1309 1811 1348 sunt
1844 1306 1978 1359 fidej

213 1369 505 1424 domesticj
522 1371 551 1412 2.

331 1451 536 1495 Augustani
564 1451 746 1485 Canisium
774 1451 823 1485 ita
851 1453 1052 1485 monentem
1080 1463 1148 1484 non
1176 1451 1432 1495 noglexerunt;
1469 1451 1551 1485 vide
1577 1451 1690 1493 infra,
1716 1463 1871 1486 monum.
1898 1452 1977 1486 267.

332 1533 497 1567 Ceterum
526 1533 631 1577 longe
667 1533 809 1572 aberat,
846 1535 886 1567 ut
915 1534 1081 1567 Canisffls
1113 1544 1176 1577 pro
1208 1533 1269 1573 iis,
1307 1532 1366 1576 qui
1393 1532 1586 1566 laborando
1612 1533 1748 1567 vietum
1783 1533 1850 1567 sibi
1887 1545 1977 1568 com-

211 1597 339 1630 parare
366 1589 541 1631 poterant,
570 1586 698 1631 stipem
726 1589 883 1632 peteret;
912 1598 1004 1627 nam,
1032 1589 1071 1620 ut
1098 1598 1205 1620 unum
1234 1585 1436 1630 exemplum
1455 1598 1594 1631 ponam,
1620 1585 1656 1620 in
1683 1586 1845 1620 contione
1871 1587 1979 1621 tertia

212 1640 255 1673 de
289 1639 396 1673 tertio
423 1639 593 1683 Decalogi
622 1643 812 1685 praecepto
850 1640 921 1684 (30.
948 1639 1125 1683 Augusti,
1161 1641 1201 1673 ut
1226 1638 1385 1682 videtur)
1424 1651 1454 1673 a.
1485 1639 1574 1673 1562
1608 1638 1750 1681 habita,
1786 1641 1977 1684 postquam

213 1703 338 1727 sacrae
366 1693 572 1738 Scripturae
599 1693 714 1734 locos,
743 1693 872 1737 quibus
898 1693 1060 1727 laborare
1088 1693 1268 1733 iubemur,
1295 1692 1481 1734 recitavit,
1508 1692 1661 1737 primum
1689 1693 1850 1737 quidem:
1891 1693 1977 1735 „Hic

213 1748 449 1790 arguuntur‘,
486 1746 622 1790 inquit,
664 1747 833 1788 „diuites,
866 1747 926 1790 qui
953 1758 1033 1780 raro
1061 1749 1123 1780 aut
1148 1758 1330 1790 nunquam
1358 1748 1570 1790 operantur,
1602 1758 1716 1790 neque
1742 1746 1835 1781 festo
1861 1758 1977 1791 neque

211 1811 274 1844 per
301 1800 558 1834 hebdomadam
571 1807 592 1837 ⁰,
624 1801 682 1834 diu
709 1801 907 1842 dormiunt,
932 1800 1030 1834 laute
1058 1800 1204 1843 viuunt,
1240 1811 1408 1842 magnam
1436 1799 1504 1833 diei
1530 1802 1669 1844 partem
1696 1800 1902 1844 transigunt
1927 1800 1976 1834 in-

211 1853 350 1887 duendo
387 1855 423 1887 et
459 1853 634 1890 ornando.
675 1853 694 1887 3
731 1853 886 1887 sedendo
922 1853 957 1887 in
993 1864 1116 1887 mensa
1150 1854 1172 1887 4
1198 1853 1351 1887 ludendo
1387 1855 1423 1886 et
1457 1852 1650 1887 fabulando
1687 1854 1717 1887 6.
1744 1853 1975 1887 banchetiren

212 1906 243 1939 ‚7
270 1907 517 1951 tripudiando,
553 1908 589 1940 et
616 1906 681 1940 hoc
717 1907 872 1941 maxime
908 1906 943 1940 in
970 1906 1082 1947 festo,
1118 1917 1234 1950 neque
1261 1906 1384 1940 uident
1409 1909 1544 1950 quanta
1578 1906 1673 1940 mala
1698 1909 1895 1950 sequantur
1931 1917 1975 1940 ex

210 1959 415 2002 ociositate,
451 1962 491 1994 ut
517 1960 624 1994 etiam
652 1959 803 1994 Sodoma
839 1960 886 1994 sit
912 1960 1087 1994 subuersa
1113 1962 1258 2005 propter
1284 1959 1431 1994 ocium.“
1449 1961 1462 1979 ⁸
1511 1959 1647 1994 Deinde
1673 1961 1793 1994 autem
1820 1959 1865 1993 ad
1891 1971 1975 2004 pau-

209 2025 314 2058 peres
348 2025 547 2048 sermonem
583 2014 782 2055 convertit;
818 2025 899 2047 nam
933 2013 1108 2047 contionis
1135 2013 1408 2051 commentario.
1444 2013 1538 2057 quod
1572 2013 1738 2058 scriptori
1765 2013 1974 2055 dictaverat,

209 2077 275 2100 sua
311 2078 418 2100 manu
452 2067 489 2100 in
521 2067 683 2110 margine
719 2067 926 2101 adnotavit:
970 2066 1194 2111 ‚Applicatio
1230 2066 1273 2100 ad
1310 2077 1486 2111 pauperes
1518 2066 1639 2111 pigros
1675 2068 1711 2100 et
1745 2066 1878 2100 otiosos
1913 2067 1974 2110 qui

209 2120 349 2154 malunt-
374 2119 577 2154 mendicare
596 2123 672 2155 tota
690 2120 911 2154 hebdomada
941 2124 974 2153 et
1003 2132 1150 2154 onerare
1176 2119 1266 2153 alios
1284 2131 1391 2163 quam
1418 2122 1457 2153 ut
1475 2119 1659 2153 lucrentur
1685 2119 1814 2153 manib.
1833 2131 1973 2164 panem.

209 2173 286 2207 Non
323 2173 450 2217 loquor
485 2174 527 2207 de
563 2174 673 2208 senib.
698 2173 880 2214 infirmis,
915 2173 1186 2216 brestafftigen,
1223 2172 1364 2207 miseris
1399 2172 1576 2207 debilibus
1611 2173 1772 2216 personis
1800 2200 1806 2206 .
1833 2172 1896 2206 sed
1931 2172 1974 2206 de

208 2227 372 2261 iuniorib.
401 2227 519 2261 fortib.
539 2227 710 2261 valentib.
738 2226 896 2272 operari“
931 2227 992 2269 (ex
1019 2227 1195 2261 contionis
1221 2225 1503 2260 *commentario
1521 2226 1728 2271 archetypo.
1760 2225 1843 2260 Cod.
1867 2225 1973 2268 „Cam

210 2281 253 2315 X.
280 2281 342 2315 Cf
374 2280 398 2314 f.
429 2280 539 2319 1811‘).

1026 2357 1146 2399 261.

896 2446 938 2482 M.
965 2445 1173 2493 Septembri
1199 2445 1292 2482 1562.

328 2530 383 2564 Ex
410 2530 586 2565 contionis
612 2531 877 2572 commentarit),
905 2543 925 2565 a
953 2531 1095 2565 Canisio
1121 2531 1316 2574 recognito.
1368 2530 1451 2564 Cod.
1483 2529 1588 2572 „Can
1615 2529 1659 2564 X.
1687 2529 1738 2564 U¹‘
1769 2530 1792 2563 f.
1819 2530 1874 2564 49.

331 2601 498 2635 Cam'sc'us
528 2602 723 2635 Germanos
756 2603 831 2643 fere
865 2602 978 2645 mayc's
1003 2613 1110 2645 quam
1145 2602 1234 2634 alios
1267 2603 1394 2634 ceizmii
1427 2602 1497 2644 lesse
1521 2603 1634 2634 teneri
1657 2612 1674 2634 e
1697 2605 1857 2644 schyestaec
1885 2612 1970 2644 pro-

207 2655 361 2688 nuntiat.

330 2739 528 2780 Canisius
577 2740 619 2779 in
664 2740 848 2779 contione
890 2739 1107 2792 Amyn-stae
1154 2753 1205 2780 m.
1250 2738 1480 2792 Septembri
1521 2740 1636 2779 1562
1685 2752 1734 2779 ex
1781 2739 1972 2780 ecclesiae

208 2804 467 2845 cathedrales
499 2808 691 2858 suyyestzc
723 2804 867 2845 habita
900 2809 1142 2859 conquestus
1176 2808 1252 2854 est,
1293 2804 1403 2858 quod
1435 2804 1585 2844 ieiunii
1617 2804 1682 2844 lex
1713 2817 1795 2844 non
1829 2816 1969 2844 serm-

326 2931 340 2945 ³
365 2925 457 2958 hanc
485 2925 533 2958 St.
635 2925 648 2945 b
675 2925 724 2959 St.
752 2926 906 2958 correxit
936 2935 1075 2958 summa
1102 2923 1192 2957 bona
1218 2936 1261 2957 esc
1286 2923 1472 2968 quaedam.

330 2985 341 2999 ’ν’
371 2979 466 3020 Quae
490 2982 705 3022 sequnntur,
745 2989 851 3022 nsque
876 2979 924 3011 ad
958 2977 994 3011 in
1020 2978 1112 3011 festo
1145 2978 1247 3021 incl„
1287 2978 1321 3010 C.
1351 2979 1387 3010 in¹
1415 2978 1587 3010 contionis
1621 2978 1870 3010 commentario
1902 2987 1968 3010 sua

207 3043 318 3064 manin]
344 3032 493 3065 addidit.

331 3143 339 3162 ¹
369 3142 464 3176 Haec
496 3142 873 3186 „quatuoraetemporff
905 3152 944 3175 eo
971 3152 1062 3174 anno
1089 3142 1191 3174 erant
1220 3141 1284 3181 16„
1314 3141 1378 3179 18„
1408 3141 1461 3175 19.
1489 3140 1718 3185 Septembris.

327 3194 340 3214 ²
366 3194 444 3229 Gal.
473 3195 504 3235 6,
534 3195 586 3230 10.
688 3196 700 3215 ³
727 3195 780 3229 Cf.
808 3194 868 3229 ΕΖ.
898 3194 949 3235 16,
976 3194 1032 3228 49.
