2093 3444
246 178 330 219 336
422 176 501 210 646.
538 175 703 210 Canisius
729 176 853 211 Franc.
882 177 1112 211 Petrarchae.
1155 177 1248 221 Aug.
1275 177 1381 212 Vind.
1409 177 1464 212 21.
1492 177 1702 213 Decembris
1730 180 1832 214 1561.

364 293 491 335 Nunc
538 297 694 347 parata
741 297 808 336 est
855 308 1023 336 summa
1068 297 1152 337 500
1200 294 1262 346 (ni
1302 294 1449 348 fallor)
1498 298 1855 348 coronatorum1‚
1909 312 2015 351 quos

245 359 296 401 D.
332 359 500 401 Velseri
531 359 646 401 illico
679 360 967 401 numerandos
998 359 1128 401 isthic
1161 361 1386 402 curabunt.
1433 360 1676 413 Moguntini
1708 361 1813 403 nihil
1845 363 2014 406 misere.

244 425 339 466 Hoc
372 424 572 478 quicquid
606 428 673 467 est
706 439 760 467 ex
786 424 983 466 Caesaris
1015 425 1280 467 liberalitate
1313 428 1357 467 et
1388 425 1514 466 huius
1543 426 1799 469 Prouinciae
1822 427 2014 471 Collecta

245 489 446 532 mittitur.
521 490 728 540 Oramus,
775 493 823 533 ut
867 489 967 531 boni
1012 490 1276 540 consulatur,
1325 491 1439 543 quod
1483 505 1559 544 pro
1605 493 1755 534 nostra
1798 493 2015 536 tenuitate

246 555 465 597 offerimus
498 555 675 597 chariss.
710 555 950 598 Fratribus,

364 621 592 674 Augustae
632 634 817 673 magnus
860 620 1079 673 colligitur
1119 620 1286 662 fructus
1327 634 1382 662 ex
1423 621 1772 676 Jndulgentijs2‚
1814 626 1863 665 ut
1903 638 2016 666 nunc

244 685 378 728 simus
411 685 744 740 occupatissimi.
788 686 940 727 Plures
973 685 1084 727 enim
1118 685 1245 727 solito
1278 686 1333 727 ad
1362 686 1603 728 Ecclesiam
1627 686 1785 741 Christj
1816 689 2013 739 redeunt,

243 751 389 806 plures
423 751 555 793 etiam
588 750 872 792 confessionis
903 753 1058 805 petunt
1091 750 1432 794 Sacramentum.
1486 752 1747 795 Benedictus
1779 753 1909 804 Deus,
1945 754 2015 807 qui

245 831 368 858 suam
424 816 546 858 nobis
590 816 779 869 gratiam
827 819 1010 869 augeat,
1068 830 1145 870 per
1188 831 1220 858 s.
1267 816 1486 858 orationes
1528 819 1572 859 et
1615 817 1827 860 sacrificia
1870 819 1920 862 R.
1965 819 2012 862 Τ.

245 882 312 924 cui
344 896 423 923 nos
465 884 509 924 et
542 881 890 935 Oenipontanum
923 881 1160 935 Collegium
1200 882 1324 923 unice
1363 882 1724 925 commendamus.
1787 882 2014 937 Augustae

246 949 300 989 20
334 948 536 989 Decemb.
575 948 699 990 1561.
1275 947 1434 989 Seruus
1466 947 1509 988 in
1542 947 1711 990 Christo
1744 948 1953 992 Canisius.

364 1029 597 1071 Pecuniam
630 1032 715 1071 500
749 1033 1052 1071 coronatorum
1096 1030 1341 1072 numerabit
1373 1030 1610 1072 Baltliasar
1643 1030 1807 1084 Olgiati
1843 1031 2014 1074 nomine

243 1094 295 1137 D.
330 1095 624 1144 Velserorum,
659 1093 729 1147 qui
762 1107 863 1135 suas
896 1093 1134 1147 adiungent
1166 1094 1221 1136 ad
1253 1094 1435 1136 eundem
1469 1098 1808 1149 procuratorem.

363 1179 390 1227 ’ἷ-
422 1177 677 1219 Reuerendo
711 1176 941 1218 admodum
972 1177 1015 1218 in
1039 1176 1208 1219 Christo
1234 1177 1353 1231 Patrj
1376 1177 1402 1219 J
1406 1178 1539 1219 acobo
1562 1177 1736 1232 Laynez
1759 1177 2013 1232 Praeposito

243 1244 436 1297 generalj
472 1242 700 1285 Societatis
733 1242 851 1292 Jesu,
885 1242 1003 1284 Patri
1040 1242 1216 1294 digniss.
1775 1243 1952 1286 Romae.

364 1318 548 1353 Salinerou
577 1317 719 1352 Canisio
746 1317 976 1361 rescripsisse
1003 1317 1147 1351 videtur
1175 1318 1228 1352 10.
1257 1318 1413 1352 Ianuarii
1442 1319 1552 1359 1562;
1580 1318 1663 1353 vide
1688 1319 1781 1353 infra
1807 1331 1840 1364 p.
1869 1319 1947 1354 353.

1063 1431 1194 1472 646.

982 1518 1278 1567 CANISIUS

530 1611 591 1652 P.
624 1610 1033 1654 FRANCISCO
1066 1611 1522 1654 PETRARCHA
1555 1612 1611 1655 S.
1644 1613 1720 1666 J„

710 1692 894 1726 secretarii
924 1694 959 1726 et
984 1693 1228 1737 procuratoris
1255 1692 1287 1727 S.
1316 1693 1348 1727 J.
1376 1692 1541 1727 adiutori.

679 1773 849 1819 Augusta
875 1772 1152 1810 vindelicorum
1180 1773 1228 1810 21.
1256 1772 1465 1810 Decembris
1492 1772 1578 1809 1561.

362 1852 416 1886 Ex
443 1851 650 1897 apographo
676 1852 810 1886 recenti
839 1851 923 1895 (A),
959 1852 1052 1896 quod
1088 1864 1131 1886 ex
1159 1852 1355 1897 archetypo
1382 1871 1427 1875 —
1455 1851 1620 1886 Canisius
1653 1863 1720 1886 sua
1750 1864 1858 1887 manu
1883 1865 2011 1888 nomen

245 1906 424 1950 („Pietro‘
448 1905 532 1948 etc.)
561 1905 773 1950 subscripsit
799 1924 843 1928 —-
871 1905 906 1939 in
933 1905 1008 1939 cod.
1031 1905 1090 1947 „E.
1111 1905 1147 1940 C.
1168 1905 1202 1939 I‘
1234 1906 1257 1939 f.
1280 1904 1345 1939 148
1375 1905 1423 1949 (n.
1446 1905 1527 1948 102)
1556 1905 1672 1950 posito
1698 1906 1918 1951 exscriptum
1945 1909 2010 1941 est.

362 1959 493 1993 Exstat
519 1958 627 1992 etiam
660 1958 813 1992 alterum
847 1959 1093 2003 apographum
1121 1959 1204 2002 (Β),
1240 1959 1306 1993 sub
1342 1970 1372 1992 a.
1403 1958 1493 1993 1860
1528 1970 1549 1992 a
1576 1958 1614 1993 P.
1642 1960 1677 1993 J.
1704 1960 1819 1993 Boero
1845 1959 1878 1994 S.
1906 1960 1937 1994 J.
1966 1972 2011 1994 ex

241 2013 364 2048 eodem
391 2013 587 2058 archetypo
612 2012 880 2057 transcriptum.

361 2084 516 2117 Per-mua
545 2084 691 2117 Romam
717 2085 834 2116 missa.
889 2084 1074 2117 Oramlum
1094 2094 1167 2126 pro
1193 2084 1308 2117 Sociis
1330 2084 1523 2126 yermanis.

1113 2160 1141 2213 †

849 2236 944 2278 Pax
977 2236 1135 2279 Christi
1168 2237 1402 2279 nobiscum.

359 2313 618 2355 Charissimo
652 2312 840 2355 fratello.
885 2313 940 2355 Se
971 2312 1174 2355 mandino
1199 2314 1283 2355 500
1315 2313 1510 2355 coronati
1541 2291 1682 2367 pern
1716 2313 1853 2356 nostri
1886 2328 2007 2357 come

239 2379 280 2420 io
303 2379 445 2421 scriuo
468 2378 510 2419 al
532 2377 786 2419 Reuerendo
810 2377 950 2419 Padre
972 2381 1120 2420 nostro
1134 2379 1162 2421 3.
1215 2378 1335 2420 Onde
1367 2392 1501 2432 prego
1539 2378 1617 2420 che
1648 2378 1842 2432 vogliate
1873 2379 2008 2422 hauer

241 2458 345 2486 cura
377 2444 429 2485 de
461 2443 618 2497 pigliar
650 2442 792 2496 questi
824 2443 1023 2496 quadrini
1045 2443 1097 2485 de
1119 2444 1176 2486 M.
1201 2443 1405 2486 Baltasar
1428 2443 1646 2486 Oliuati⁸4
1673 2441 1749 2498 [?]‚
1783 2447 1828 2487 et
1848 2458 2008 2498 pregar

359 2578 380 2618 †
411 2576 489 2610 Pax
517 2576 649 2611 Christi
675 2576 869 2611 nobiscum.
914 2576 1107 2611 Carissime
1133 2576 1257 2611 frater.
1309 2575 1476 2611 Coronati
1501 2576 1570 2611 500
1595 2576 1633 2610 in
1664 2588 1768 2611 usum
1802 2579 2007 2612 nostrorum

239 2630 335 2665 istuc
352 2630 555 2671 mittuntur,
582 2632 623 2663 ut
647 2630 843 2664 reverendo
861 2630 954 2675 patri
973 2631 1120 2664 nostro³
1145 2630 1272 2664 scribo.
1309 2629 1425 2671 Quare
1444 2629 1562 2671 facite,
1589 2641 1734 2674 quaeso,
1760 2632 1801 2664 ut
1817 2631 2005 2676 pecuniam

238 2684 345 2718 istam
373 2695 393 2717 a
419 2683 560 2717 domino
586 2682 800 2717 Balthasare
825 2682 987 2718 Olivati⁴
1013 2683 1200 2728 accipiatis
1225 2685 1261 2717 et
1286 2694 1349 2728 pro
1375 2683 1518 2724 nostris,
1545 2684 1606 2728 qui
1632 2683 1668 2717 iu
1692 2682 1885 2718 Germania
1909 2685 2004 2725 sunt,

357 2790 371 2804 a
397 2785 453 2817 Ita
479 2784 535 2826 A;
561 2782 698 2817 Olivati
723 2783 765 2816 B.
820 2784 874 2825 Cf.
903 2785 1015 2827 infra,
1042 2784 1125 2817 adn.
1154 2785 1175 2816 4
1200 2783 1307 2816 huius
1328 2793 1411 2826 pay.

360 2894 370 2914 ¹
397 2894 466 2928 500
493 2893 653 2928 Coronae
684 2893 925 2939 „pontificiae“
958 2893 1176 2939 (pontificias
1201 2893 1280 2928 sive
1305 2905 1472 2928 romanas
1497 2893 1694 2937 significari
1729 2905 1773 2927 ex
1810 2892 2003 2938 postremis

238 2946 344 2981 huius
371 2946 548 2991 epistulae
573 2947 695 2982 verbis
721 2946 925 2991 collegeris)
952 2950 1038 2982 tunc
1061 2947 1154 2982 8849
1172 2947 1248 2981 fere
1265 2958 1406 2981 marcas
1423 2947 1501 2981 sive
1521 2947 1564 2981 10
1579 2947 1647 2981 928
1664 2947 1809 2980 francos
1826 2956 2002 2990 aequasse

236 2999 406 3034 videntur
434 2999 636 3043 (Steinherz
660 3000 683 3034 1.
710 3012 740 3034 c.
766 3012 800 3045 p.
827 3000 949 3043 6—7).
1047 3001 1061 3021 2
1085 2999 1253 3041 Iubilaei;
1280 3012 1315 3035 v.
1342 3011 1452 3045 supra
1477 3011 1510 3045 p.
1537 2999 1640 3035 328⁴.

357 3055 370 3074 3
396 3052 594 3087 Salmeroni
620 3053 755 3088 vicario
780 3053 951 3097 generali.

357 3107 369 3126 ⁴
396 3106 451 3140 Ex
478 3106 612 3140 Canisii
636 3106 770 3141 litteris
795 3107 1040 3152 superioribus
1064 3106 1180 3151 liquet
1205 3106 1388 3150 Olgiatum
1414 3105 1630 3149 significari3
1657 3104 1719 3149 qui
1743 3106 1866 3139 utrum
1891 3103 2000 3139 etiam

241 3158 448 3201 „Olivatus“
479 3162 631 3194 vocatus
656 3159 704 3194 sit
729 3171 842 3194 necne
866 3159 998 3194 nescio.
1050 3158 1104 3193 Cf.
1130 3170 1239 3204 supra
1264 3170 1298 3204 p.
1325 3159 1404 3194 200.
