2093 3444
567 183 736 225 Augusta
762 182 1030 217 Vindelicorum
1062 183 1090 217 1.
1118 183 1304 218 Februarii
1335 185 1435 218 1561.
1834 189 1887 230 37

112 314 219 354 quas
260 314 517 353 magnorum
556 300 874 354 Theologorum
917 301 1057 354 magis
1100 316 1228 355 quam
1272 302 1314 343 in
1356 303 1515 345 scholis
1557 308 1889 359 praeceptorum

110 367 367 420 praesentes
411 379 567 419 operas
609 366 922 409 desiderarent.
990 367 1169 408 Talibus
1210 367 1371 409 morbis
1412 368 1589 410 idoneos
1632 383 1686 411 ex
1728 372 1889 414 nostris

111 431 328 473 medicos³
369 431 574 473 adhibere
608 431 908 473 difficillimum
941 432 1045 473 mihi
1077 432 1251 475 uidetur
1293 435 1340 474 ut
1374 433 1571 476 omittam
1611 436 1755 487 gentis
1788 437 1888 478 bar-

111 497 296 547 bariem,
340 509 452 549 quae
485 499 658 539 nostros
691 497 805 538 haud
840 511 990 551 parum
1027 499 1267 548 exercebit,
1308 498 1389 540 nisi
1423 499 1509 541 sint
1542 500 1668 542 ualde
1701 502 1886 556 probatj.

230 562 294 603 De
311 561 617 615 oybinensibus
632 562 760 604 rebus
777 562 829 603 ad
846 563 896 604 D.
914 563 1156 605 Victoriam
1173 563 1327 617 scripsi
1343 567 1387 606 et
1402 564 1601 615 scribam,
1621 569 1668 608 ut
1683 567 1888 610 admonet

110 627 161 670 R.
185 627 234 670 T.
279 627 337 670 Et
359 627 433 669 uix
457 627 547 669 abit
569 627 854 677 hebdomada,
880 627 981 681 quin
1004 628 1222 682 accipiant
1245 643 1270 670 a
1293 643 1361 671 me
1385 629 1654 671 Viennenses
1677 631 1839 685 aliquid
1858 634 1884 674 1.

228 692 608 746 Jngolstadienses
635 692 792 734 Patres
824 707 909 734 non
937 693 1138 747 probant,
1172 693 1342 747 Pragae
1376 697 1452 736 aut
1474 694 1754 748 Tyrnauiae2
1785 712 1887 751 pro-

109 757 346 800 motionum
380 757 543 812 gradus
584 772 610 799 a
643 756 804 799 nostris
837 757 929 799 dari
964 758 1033 800 uel
1066 758 1225 813 accipi,
1269 759 1343 801 sed
1384 760 1529 814 potius
1562 760 1757 804 Viennae
1790 768 1886 805 ten—

109 823 287 865 tandum
322 823 365 865 id
396 826 555 878 putant
587 823 701 877 apud
736 823 1073 877 Gymnasiumss,
1117 839 1245 877 quam
1288 824 1332 866 in
1365 825 1554 879 Collegio
1589 829 1738 869 nostro
1772 828 1886 870 eius-

108 888 225 930 modi
258 888 487 943 quicquam
520 888 887 939 instituendum4,
932 888 1103 931 etiamsi
1136 890 1299 931 nummi
1341 890 1506 944 aliquot
1546 892 1884 946 negligerentur,

109 968 216 1007 quos
259 954 390 997 etiam
424 954 689 1007 Jngolstadij
724 968 819 995 cum
859 958 1221 1008 promouerentur
1252 956 1309 998 M.
1345 956 1550 1010 Dyrsius,
1593 958 1650 1000 M.
1687 958 1883 1011 Hermes,

108 1022 152 1063 et
187 1020 241 1063 M.
276 1020 504 1070 Henricus,
538 1019 822 1073 negligendos
854 1019 1101 1063 iudicarunt
1118 1021 1146 1062 5.
1209 1020 1259 1062 In
1292 1022 1473 1063 eandem
1508 1023 1770 1065 sententiam
1804 1038 1884 1078 ego

108 1085 319 1137 concedo,
362 1086 574 1139 simulque
607 1085 877 1127 Viennenses
910 1099 1086 1136 moneo,
1130 1089 1178 1129 ut
1210 1086 1416 1129 mittantb
1449 1087 1772 1142 Jngolstadium
1805 1090 1885 1132 hoc

106 1153 303 1205 tempore
336 1151 393 1194 M.
429 1151 623 1201 Seide16‚
668 1150 704 1192 si
746 1151 860 1205 apud
894 1151 1138 1204 Theologos
1171 1151 1463 1204 Viennenses,
1506 1153 1567 1195 illi
1610 1154 1667 1197 sit
1709 1154 1884 1198 difficile

107 1216 302 1258 lauream
342 1216 595 1271 impetrare.
666 1216 769 1258 Cum
813 1219 958 1259 autem
1006 1231 1119 1259 nunc
1161 1217 1275 1260 absit
1317 1218 1486 1260 Vienna
1520 1219 1571 1262 D.
1611 1219 1883 1271 Lambertus,

107 1282 180 1335 qui
213 1282 425 1324 coloniam
457 1285 505 1325 ut
537 1282 711 1337 scripsi,
761 1296 856 1324 cum
899 1282 1046 1335 legato
1080 1283 1356 1337 profecturus
1389 1284 1600 1336 creditur,
1645 1286 1884 1329 consultius

107 1347 200 1389 fore
232 1348 408 1403 scripsi,
443 1350 493 1390 ut
524 1348 708 1390 eundem
740 1348 798 1390 M.
834 1347 975 1390 Seidel
1008 1348 1249 1399 retineant,
1293 1363 1433 1402 neque
1465 1364 1594 1404 porro
1627 1351 1808 1394 mittant
1839 1351 1883 1394 in

106 1413 392 1467 Hungariam,
432 1414 574 1468 quoad
607 1413 698 1456 eius
730 1413 823 1455 fieri
855 1415 1023 1468 potest,
1067 1414 1271 1467 quamdiu
1303 1415 1428 1458 Doct.
1463 1416 1685 1459 Lamberti
1717 1417 1883 1460 reditus

107 1479 393 1523 desideratur.

226 1545 284 1587 Et
327 1544 529 1598 quoniam
573 1547 621 1587 ut
662 1544 877 1595 scribunt,
921 1544 1228 1587 Sacerdotibus
1270 1549 1402 1599 egent
1442 1546 1659 1599 Viennae,
1704 1548 1883 1602 cupiunt

106 1610 242 1652 sacris
276 1610 439 1653 initiari
470 1610 622 1653 statim
653 1610 881 1661 Adamum,
917 1612 962 1653 et
983 1611 1040 1653 M.
1067 1610 1338 1664 Gregorium,
1371 1626 1484 1654 nunc
1510 1613 1635 1656 Doct.
1660 1613 1880 1657 Lamberti

104 1676 199 1732 loco
233 1676 574 1720 concionantem.
638 1676 687 1717 Id
720 1675 848 1718 credo
881 1675 973 1717 fieri
1005 1690 1133 1730 posse
1165 1680 1385 1720 annuente
1417 1678 1468 1721 R.
1503 1678 1598 1721 T.7.

224 1741 488 1796 Jngolstadij
523 1742 771 1784 conclusum
807 1744 887 1792 est,
921 1741 1157 1785 accedente
1190 1742 1317 1784 simul
1352 1743 1564 1798 Principis
1597 1744 1879 1796 authoritate,

105 1810 153 1850 ut
184 1808 227 1850 in
259 1821 486 1850 numerum
517 1807 818 1850 Professorum
861 1810 1142 1862 cooptaretur
1173 1809 1230 1851 M.
1266 1809 1482 1851 Hermes8
1520 1809 1692 1852 futurus
1726 1811 1881 1853 Lector

105 1873 306 1928 physices
322 1875 351 1916 9.
416 1873 529 1915 Hinc
570 1873 708 1915 nostri
753 1873 919 1915 aditum
960 1872 1040 1914 sibi
1073 1873 1332 1928 pollicentur
1373 1875 1427 1916 ad
1469 1874 1724 1918 facultatem
1762 1875 1879 1918 illam

223 2019 238 2033 α
263 2013 422 2047 modicos
449 2015 493 2048 Α.
593 2013 608 2033 ¹³
634 2013 769 2047 nittant
796 2015 840 2047 Α.

227 2154 236 2174 ¹
264 2153 355 2188 Vide
382 2165 493 2198 supra
519 2165 552 2198 p.
582 2154 636 2188 18.

225 2208 238 2228 ²
264 2207 471 2252 Tyrnaviae
500 2206 824 2252 (Nagy-Szombat)
854 2207 889 2240 in
910 2206 1098 2250 Hungaria
1124 2206 1202 2252 ipso
1227 2207 1295 2241 hoc
1322 2219 1414 2241 anno
1436 2208 1523 2242 1561
1554 2207 1751 2242 Societatis-
1774 2208 1879 2242 colle-

103 2260 203 2305 gium
230 2273 251 2295 a
276 2260 425 2295 Nicolao
451 2259 587 2302 Olaho,
615 2260 886 2305 archiepiscopo
913 2260 1157 2303 strigoniensi,
1184 2260 1390 2295 incohatum
1419 2272 1518 2303 esse,
1544 2261 1639 2295 infra
1665 2261 1878 2297 videbimus.

224 2316 237 2335 ³
262 2315 289 2348 I.
318 2326 346 2348 e.
373 2313 665 2348 universitatem.
764 2315 776 2334 4
804 2314 858 2348 Of.
889 2315 978 2348 Can.
1004 2313 1092 2359 Epp.
1121 2314 1165 2354 II,
1193 2314 1272 2348 779.

224 2369 237 2388 ⁵
264 2368 303 2403 P.
338 2368 507 2402 Ioannem
543 2368 716 2413 Dyrsium
757 2367 814 2412 (de
849 2379 919 2411 quo
954 2368 1037 2402 vide
1071 2379 1182 2413 supra
1218 2380 1251 2413 p.
1285 2368 1320 2411 9)
1359 2367 1572 2411 ingolstadii
1605 2370 1693 2402 tunc
1733 2368 1877 2411 „bacca-

102 2421 266 2456 laureum
292 2420 516 2465 theologiae⁴⁴
548 2424 707 2455 creatum
736 2432 816 2455 esse
843 2433 887 2455 ex
923 2421 1086 2455 *litteris
1113 2421 1328 2465 quibusdam
1356 2421 1395 2455 Ρ.
1423 2423 1575 2455 Henrici
1601 2423 1756 2456 Arborei·
1782 2421 1816 2456 S.
1843 2422 1878 2457 J.

106 2474 347 2520 (archetypis)
377 2475 600 2518 ingolstadio
625 2475 704 2520 ipso
729 2474 797 2509 hoc
824 2486 916 2509 anno
947 2475 1034 2509 1561
1064 2475 1158 2509 datis
1188 2475 1429 2518 cognoscitur.
1464 2475 1673 2509 Hermetem
1691 2475 1879 2520 Halbpaur

107 2529 165 2573 (de
191 2540 261 2573 quo
292 2529 377 2562 Can.
396 2528 486 2573 Epp.
506 2528 551 2569 H,
579 2528 684 2572 390²)
715 2529 751 2562 et
774 2528 812 2563 P.
832 2528 1030 2563 Henricum
1049 2529 1248 2563 Arboreum
1279 2529 1338 2573 (de
1365 2540 1434 2572 quo
1461 2528 1544 2563 ibid.
1565 2529 1608 2569 II,
1635 2529 1743 2572 454¹)
1773 2529 1804 2563 2.
1823 2529 1878 2563 Ia·

103 2582 220 2616 nuarii
249 2582 336 2616 1561
365 2581 579 2626 Ingolstadii
618 2593 809 2627 „suprema
843 2581 968 2616 laurea
1005 2580 1280 2627 [philosophica]
1317 2582 1591 2616 condecoratos“
1633 2593 1711 2616 esse
1747 2582 1879 2616 asserit

105 2637 155 2670 Io.
182 2637 270 2679 Nep.
298 2636 473 2680 Mederer,
500 2635 659 2669 Annales
685 2635 986 2679 Ingolstadiensis
1013 2635 1230 2670 Academiae
1257 2635 1271 2669 Ι
1301 2635 1529 2679 (Ingolstadii
1559 2635 1679 2678 1782),
1706 2636 1787 2670 267.

224 2689 238 2709 ⁶
264 2689 303 2723 Ρ.
331 2689 499 2722 Ioannem
526 2688 644 2722 Seidel
673 2688 859 2734 (Zeydel);
886 2689 970 2723 vide
1001 2689 1087 2723 Can.
1115 2689 1203 2734 Epp.
1231 2689 1275 2731 11,
1303 2688 1404 2723 3532.
1433 2688 1512 2723 728.

112 2769 115 2774 .
225 2743 237 2762 '¹
268 2741 466 2784 „Adamum
492 2741 699 2776 Holleruni“
740 2745 776 2777 et
805 2742 1040 2786 „Gregorium
1067 2742 1284 2777 Roseffium²
1329 2742 1387 2786 (de
1424 2742 1553 2786 quibus
1590 2742 1678 2776 Can.
1716 2742 1804 2787 Epp.
1831 2742 1875 2784 ΙΙ,

105 2797 185 2831 559.
212 2796 318 2838 596²)
351 2795 585 2829 Vindobonae
621 2807 652 2829 a.
683 2796 769 2830 1561
807 2796 1011 2830 sacerdotio
1046 2796 1208 2830 initiatos
1245 2807 1325 2830 esse
1361 2795 1505 2839 collegii
1539 2795 1648 2830 huius
1684 2797 1877 2830 *Annales

102 2851 287 2885 testantur
315 2848 416 2893 (Cod.
449 2848 599 2891 „Annal.
625 2848 775 2883 Vienn.“
806 2849 840 2883 in
869 2861 900 2884 a.
930 2850 1018 2884 1561
1046 2849 1311 2893 f.11b—122);
1339 2851 1449 2893 atque
1476 2861 1522 2883 ex
1548 2849 1705 2883 eiusdem
1734 2848 1876 2893 collegii

104 2905 121 2924 *
137 2902 312 2947 Catalogo
337 2914 370 2937 a.
392 2902 482 2937 1560
508 2913 528 2936 a
546 2902 587 2936 P.
609 2903 740 2937 Carolo
762 2904 866 2937 Grim
893 2903 1029 2948 scripto
1056 2904 1093 2937 et
1110 2903 1261 2937 Romam
1286 2902 1397 2937 misso
1423 2904 1535 2947 patet,
1562 2902 1720 2936 Roseffio
1746 2913 1876 2936 nomen

104 2956 327 3001 gentilicium
358 2955 623 2998 „Wolfschedl“
655 2955 779 2990 fuisse.
830 2956 871 2990 In
897 2957 1097 3000 *Cataloyo
1133 2958 1255 2990 autem
1289 2955 1548 2990 vindobonensi
1582 2955 1684 2989 initio
1722 2967 1754 2989 a.
1784 2955 1874 2990 1562

103 3010 239 3055 scripto
270 3009 338 3052 „M.
366 3008 563 3052 Gregorius
590 3008 778 3053 Rossefeg,
805 3009 990 3051 Bauarus,
1018 3009 1272 3044 Concionat0r“
1305 3012 1489 3055 comparet
1518 3009 1618 3053 (Cod.
1650 3009 1712 3051 „Gn
1741 3008 1777 3042 C.
1805 3009 1870 3043 67⁴

103 3075 137 3109 p.
164 3063 246 3098 295.
273 3062 371 3106 378).
519 3063 532 3082 ⁸
557 3061 756 3107 Halbpaur.

224 3117 238 3137 ⁹
264 3115 407 3150 Canisio
428 3115 655 3150 scribendum
674 3116 787 3150 fuisse
806 3116 969 3151 videtur:
1000 3116 1149 3159 „Lector
1166 3116 1321 3160 logices“
1349 3116 1432 3160 (nisi
1450 3115 1621 3157 dicamus,
1648 3115 1874 3150 academicos

105 3169 211 3215 paulo
237 3171 319 3214 post
344 3169 561 3204 sententiam
587 3169 787 3214 mutasse);
813 3169 896 3203 vide
922 3169 1017 3203 infra
1043 3181 1076 3215 p.
1104 3170 1160 3204 54.
