<?xml version="1.0" encoding="UTF-8"?>
<!DOCTYPE html PUBLIC "-//W3C//DTD XHTML 1.0 Transitional//EN"
    "http://www.w3.org/TR/xhtml1/DTD/xhtml1-transitional.dtd">
<html xmlns="http://www.w3.org/1999/xhtml" xml:lang="en" lang="en">
 <head>
  <title>
</title>
<meta http-equiv="Content-Type" content="text/html;charset=utf-8" />
  <meta name='ocr-system' content='tesseract 3.04.00' />
  <meta name='ocr-capabilities' content='ocr_page ocr_carea ocr_par ocr_line ocrx_word'/>
</head>
<body>
  <div class='ocr_page' id='page_1' title='image "beatipetricanisi03cani_0228.png"; bbox 0 0 2093 3444; ppageno 0'>
   <div class='ocr_carea' id='block_1_1' title="bbox 223 189 1823 236">
    <p class='ocr_par' dir='ltr' id='par_1_1' title="bbox 223 189 1823 236">
     <span class='ocr_line' id='line_1_1' title="bbox 223 189 1823 236; baseline -0.003 -9"><span class='ocrx_word' id='word_1_1' title='bbox 223 195 305 236; x_wconf 78' lang='lat'>152</span> <span class='ocrx_word' id='word_1_2' title='bbox 381 192 460 227; x_wconf 87' lang='grc'>560.</span> <span class='ocrx_word' id='word_1_3' title='bbox 497 191 648 225; x_wconf 84' lang='lat' dir='ltr'>Ioannes</span> <span class='ocrx_word' id='word_1_4' title='bbox 675 191 718 224; x_wconf 91' lang='lat' dir='ltr'>de</span> <span class='ocrx_word' id='word_1_5' title='bbox 744 190 901 225; x_wconf 90' lang='lat' dir='ltr'>Polanco</span> <span class='ocrx_word' id='word_1_6' title='bbox 929 189 1082 224; x_wconf 88' lang='lat' dir='ltr'>Canisio.</span> <span class='ocrx_word' id='word_1_7' title='bbox 1125 189 1238 224; x_wconf 87' lang='lat' dir='ltr'>Roma</span> <span class='ocrx_word' id='word_1_8' title='bbox 1265 189 1320 223; x_wconf 80' lang='lat'>24.</span> <span class='ocrx_word' id='word_1_9' title='bbox 1347 189 1435 223; x_wconf 89' lang='lat' dir='ltr'>Maii</span> <span class='ocrx_word' id='word_1_10' title='bbox 1463 189 1550 224; x_wconf 84' lang='lat'>1561</span> <span class='ocrx_word' id='word_1_11' title='bbox 1581 189 1653 234; x_wconf 88' lang='lat' dir='ltr'>(ep.</span> <span class='ocrx_word' id='word_1_12' title='bbox 1679 189 1823 234; x_wconf 84' lang='lat' dir='ltr'>prima).</span> 
     </span>
    </p>
   </div>
   <div class='ocr_carea' id='block_1_2' title="bbox 339 305 1992 361">
    <p class='ocr_par' dir='ltr' id='par_1_2' title="bbox 339 305 1992 361">
     <span class='ocr_line' id='line_1_2' title="bbox 339 305 1992 361; baseline -0.002 -10"><span class='ocrx_word' id='word_1_13' title='bbox 339 310 581 351; x_wconf 88' lang='lat' dir='ltr'>Hauemmo</span> <span class='ocrx_word' id='word_1_14' title='bbox 624 309 709 361; x_wconf 73' lang='lat' dir='ltr'>qua</span> <span class='ocrx_word' id='word_1_15' title='bbox 749 307 908 349; x_wconf 86' lang='lat' dir='ltr'>lettere</span> <span class='ocrx_word' id='word_1_16' title='bbox 949 306 1018 348; x_wconf 93' lang='lat' dir='ltr'>del</span> <span class='ocrx_word' id='word_1_17' title='bbox 1058 307 1217 349; x_wconf 91' lang='lat' dir='ltr'>Dottor</span> <span class='ocrx_word' id='word_1_18' title='bbox 1250 306 1515 348; x_wconf 84' lang='lat' dir='ltr'>Lamberto1</span> <span class='ocrx_word' id='word_1_19' title='bbox 1558 308 1603 348; x_wconf 88' lang='lat' dir='ltr'>et</span> <span class='ocrx_word' id='word_1_20' title='bbox 1643 305 1684 347; x_wconf 91' lang='lat' dir='ltr'>di</span> <span class='ocrx_word' id='word_1_21' title='bbox 1717 305 1906 347; x_wconf 87' lang='lat' dir='ltr'>Treuere</span> <span class='ocrx_word' id='word_1_22' title='bbox 1948 307 1992 348; x_wconf 91' lang='lat' dir='ltr'>et</span> 
     </span>
    </p>
   </div>
   <div class='ocr_carea' id='block_1_3' title="bbox 219 369 2079 427">
    <p class='ocr_par' dir='ltr' id='par_1_3' title="bbox 219 369 2079 427">
     <span class='ocr_line' id='line_1_3' title="bbox 219 369 2079 427; baseline -0.003 -10"><span class='ocrx_word' id='word_1_23' title='bbox 219 375 396 418; x_wconf 86' lang='lat' dir='ltr'>Colonia</span> <span class='ocrx_word' id='word_1_24' title='bbox 437 377 481 416; x_wconf 90' lang='lat' dir='ltr'>et</span> <span class='ocrx_word' id='word_1_25' title='bbox 513 387 618 427; x_wconf 88' lang='lat' dir='ltr'>pare</span> <span class='ocrx_word' id='word_1_26' title='bbox 660 373 775 414; x_wconf 88' lang='lat' dir='ltr'>nella</span> <span class='ocrx_word' id='word_1_27' title='bbox 806 371 1051 425; x_wconf 87' lang='lat' dir='ltr'>Legacione</span> <span class='ocrx_word' id='word_1_28' title='bbox 1084 386 1168 413; x_wconf 92' lang='lat' dir='ltr'>non</span> <span class='ocrx_word' id='word_1_29' title='bbox 1210 371 1246 413; x_wconf 91' lang='lat' dir='ltr'>si</span> <span class='ocrx_word' id='word_1_30' title='bbox 1287 371 1352 413; x_wconf 90' lang='lat' dir='ltr'>sia</span> <span class='ocrx_word' id='word_1_31' title='bbox 1383 385 1510 425; x_wconf 88' lang='lat' dir='ltr'>perso</span> <span class='ocrx_word' id='word_1_32' title='bbox 1551 371 1581 413; x_wconf 89' lang='lat' dir='ltr'>il</span> <span class='ocrx_word' id='word_1_33' title='bbox 1621 373 1767 425; x_wconf 91' lang='lat' dir='ltr'>tempo</span> <span class='ocrx_word' id='word_1_34' title='bbox 1806 384 1832 411; x_wconf 91' lang='lat' dir='ltr'>a</span> <span class='ocrx_word' id='word_1_35' title='bbox 1862 369 1991 420; x_wconf 80' lang='lat' dir='ltr'>fatto,</span> <span class='ocrx_word' id='word_1_36' title='bbox 2048 383 2079 394; x_wconf 40' lang='lat'>*¹</span> 
     </span>
    </p>
   </div>
   <div class='ocr_carea' id='block_1_4' title="bbox 218 435 2053 556">
    <p class='ocr_par' dir='ltr' id='par_1_4' title="bbox 218 435 2053 556">
     <span class='ocr_line' id='line_1_4' title="bbox 218 435 2053 491; baseline -0.003 -9"><span class='ocrx_word' id='word_1_37' title='bbox 218 440 417 482; x_wconf 87' lang='lat' dir='ltr'>hauendo</span> <span class='ocrx_word' id='word_1_38' title='bbox 450 437 747 491; x_wconf 84' lang='lat' dir='ltr'>reacquistato</span> <span class='ocrx_word' id='word_1_39' title='bbox 780 437 925 479; x_wconf 80' lang='lat' dir='ltr'>sanita</span> <span class='ocrx_word' id='word_1_40' title='bbox 958 437 1079 479; x_wconf 89' lang='lat' dir='ltr'>detto</span> <span class='ocrx_word' id='word_1_41' title='bbox 1101 437 1349 487; x_wconf 88' lang='lat' dir='ltr'>Lamberto,</span> <span class='ocrx_word' id='word_1_42' title='bbox 1383 439 1427 479; x_wconf 91' lang='lat' dir='ltr'>et</span> <span class='ocrx_word' id='word_1_43' title='bbox 1458 436 1572 478; x_wconf 82' lang='lat' dir='ltr'>fatto</span> <span class='ocrx_word' id='word_1_44' title='bbox 1597 435 1728 478; x_wconf 91' lang='lat' dir='ltr'>buoni</span> <span class='ocrx_word' id='word_1_45' title='bbox 1760 435 1892 489; x_wconf 86' lang='lat' dir='ltr'>ufficij</span> <span class='ocrx_word' id='word_1_46' title='bbox 1927 435 1993 477; x_wconf 91' lang='lat' dir='ltr'>col</span> <span class='ocrx_word' id='word_1_47' title='bbox 2050 454 2053 458; x_wconf 58' lang='lat'>&gt;</span> 
     </span>
     <span class='ocr_line' id='line_1_5' title="bbox 219 500 1994 556; baseline -0.003 -8"><span class='ocrx_word' id='word_1_48' title='bbox 219 505 420 548; x_wconf 81' lang='lat' dir='ltr'>Nuncio2</span> <span class='ocrx_word' id='word_1_49' title='bbox 454 507 548 547; x_wconf 74' lang='grc'>,010</span> <span class='ocrx_word' id='word_1_50' title='bbox 584 506 628 546; x_wconf 92' lang='lat' dir='ltr'>et</span> <span class='ocrx_word' id='word_1_51' title='bbox 660 503 778 545; x_wconf 88' lang='lat' dir='ltr'>accio</span> <span class='ocrx_word' id='word_1_52' title='bbox 811 517 896 544; x_wconf 92' lang='lat' dir='ltr'>non</span> <span class='ocrx_word' id='word_1_53' title='bbox 929 502 1098 556; x_wconf 88' lang='lat' dir='ltr'>patisca</span> <span class='ocrx_word' id='word_1_54' title='bbox 1130 501 1301 543; x_wconf 78' lang='lat' dir='ltr'>Vienna</span> <span class='ocrx_word' id='word_1_55' title='bbox 1342 515 1421 543; x_wconf 88' lang='lat' dir='ltr'>con</span> <span class='ocrx_word' id='word_1_56' title='bbox 1453 501 1479 542; x_wconf 84' lang='lat' dir='ltr'>l’</span> <span class='ocrx_word' id='word_1_57' title='bbox 1504 500 1703 543; x_wconf 90' lang='lat' dir='ltr'>ausentia</span> <span class='ocrx_word' id='word_1_58' title='bbox 1737 514 1816 542; x_wconf 91' lang='lat' dir='ltr'>sua</span> <span class='ocrx_word' id='word_1_59' title='bbox 1848 503 1893 543; x_wconf 90' lang='lat' dir='ltr'>et</span> <span class='ocrx_word' id='word_1_60' title='bbox 1925 500 1994 542; x_wconf 90' lang='lat' dir='ltr'>del</span> 
     </span>
    </p>
   </div>
   <div class='ocr_carea' id='block_1_5' title="bbox 220 564 2056 621">
    <p class='ocr_par' dir='ltr' id='par_1_5' title="bbox 220 564 2056 621">
     <span class='ocr_line' id='line_1_6' title="bbox 220 564 2056 621; baseline -0.004 -8"><span class='ocrx_word' id='word_1_61' title='bbox 220 572 381 613; x_wconf 90' lang='lat' dir='ltr'>Dottor</span> <span class='ocrx_word' id='word_1_62' title='bbox 413 569 682 611; x_wconf 82' lang='lat' dir='ltr'>ohristiano3</span> <span class='ocrx_word' id='word_1_63' title='bbox 724 570 757 609; x_wconf 87' lang='lat' dir='ltr'>s’</span> <span class='ocrx_word' id='word_1_64' title='bbox 781 571 803 610; x_wconf 81' lang='lat' dir='ltr'>e</span> <span class='ocrx_word' id='word_1_65' title='bbox 837 567 952 610; x_wconf 80' lang='lat' dir='ltr'>satta</span> <span class='ocrx_word' id='word_1_66' title='bbox 983 567 1225 621; x_wconf 89' lang='lat' dir='ltr'>prouission</span> <span class='ocrx_word' id='word_1_67' title='bbox 1258 567 1296 608; x_wconf 91' lang='lat' dir='ltr'>d&#39;</span> <span class='ocrx_word' id='word_1_68' title='bbox 1321 566 1422 609; x_wconf 89' lang='lat' dir='ltr'>altri</span> <span class='ocrx_word' id='word_1_69' title='bbox 1463 566 1654 620; x_wconf 86' lang='lat' dir='ltr'>soggetti</span> <span class='ocrx_word' id='word_1_70' title='bbox 1690 565 1732 607; x_wconf 90' lang='lat' dir='ltr'>di</span> <span class='ocrx_word' id='word_1_71' title='bbox 1764 567 1850 619; x_wconf 77' lang='lat' dir='ltr'>qua</span> <span class='ocrx_word' id='word_1_72' title='bbox 1882 567 1926 608; x_wconf 87' lang='lat' dir='ltr'>et</span> <span class='ocrx_word' id='word_1_73' title='bbox 1957 564 1995 606; x_wconf 88' lang='lat' dir='ltr'>si</span> <span class='ocrx_word' id='word_1_74' title='bbox 2054 578 2056 584; x_wconf 94' lang='lat'>·</span> 
     </span>
    </p>
   </div>
   <div class='ocr_carea' id='block_1_6' title="bbox 220 633 984 688">
    <p class='ocr_par' dir='ltr' id='par_1_6' title="bbox 220 633 984 688">
     <span class='ocr_line' id='line_1_7' title="bbox 220 633 984 688; baseline -0.005 -10"><span class='ocrx_word' id='word_1_75' title='bbox 220 636 319 678; x_wconf 87' lang='lat' dir='ltr'>fara</span> <span class='ocrx_word' id='word_1_76' title='bbox 351 635 451 688; x_wconf 90' lang='lat' dir='ltr'>quel</span> <span class='ocrx_word' id='word_1_77' title='bbox 484 634 524 676; x_wconf 91' lang='lat' dir='ltr'>di</span> <span class='ocrx_word' id='word_1_78' title='bbox 557 633 631 688; x_wconf 79' lang='lat' dir='ltr'>piu</span> <span class='ocrx_word' id='word_1_79' title='bbox 664 633 742 675; x_wconf 90' lang='grc'>0110</span> <span class='ocrx_word' id='word_1_80' title='bbox 776 633 812 674; x_wconf 89' lang='grc'>01</span> <span class='ocrx_word' id='word_1_81' title='bbox 844 635 984 687; x_wconf 77' lang='lat' dir='ltr'>potra.</span> 
     </span>
    </p>
   </div>
   <div class='ocr_carea' id='block_1_7' title="bbox 220 696 2081 817">
    <p class='ocr_par' dir='ltr' id='par_1_7' title="bbox 220 686 2081 817">
     <span class='ocr_line' id='line_1_8' title="bbox 340 696 1994 751; baseline -0.003 -9"><span class='ocrx_word' id='word_1_82' title='bbox 340 699 492 743; x_wconf 84' lang='lat' dir='ltr'>Jnsino</span> <span class='ocrx_word' id='word_1_83' title='bbox 526 713 552 741; x_wconf 91' lang='lat' dir='ltr'>a</span> <span class='ocrx_word' id='word_1_84' title='bbox 583 701 708 741; x_wconf 89' lang='lat' dir='ltr'>tanto</span> <span class='ocrx_word' id='word_1_85' title='bbox 743 698 820 740; x_wconf 89' lang='grc'>0110</span> <span class='ocrx_word' id='word_1_86' title='bbox 852 697 895 739; x_wconf 90' lang='grc'>111</span> <span class='ocrx_word' id='word_1_87' title='bbox 926 697 1203 751; x_wconf 84' lang='lat' dir='ltr'>Jngolstadio</span> <span class='ocrx_word' id='word_1_88' title='bbox 1235 697 1423 739; x_wconf 90' lang='lat' dir='ltr'>habbino</span> <span class='ocrx_word' id='word_1_89' title='bbox 1457 696 1601 738; x_wconf 78' lang='lat' dir='ltr'>chiesa</span> <span class='ocrx_word' id='word_1_90' title='bbox 1632 696 1829 750; x_wconf 86' lang='lat' dir='ltr'>propria,</span> <span class='ocrx_word' id='word_1_91' title='bbox 1873 709 1994 737; x_wconf 90' lang='lat' dir='ltr'>come</span> 
     </span>
     <span class='ocr_line' id='line_1_9' title="bbox 220 760 2081 817; baseline -0.003 -9"><span class='ocrx_word' id='word_1_92' title='bbox 220 767 265 808; x_wconf 90' lang='lat' dir='ltr'>in</span> <span class='ocrx_word' id='word_1_93' title='bbox 286 765 516 808; x_wconf 87' lang='lat' dir='ltr'>Monachio</span> <span class='ocrx_word' id='word_1_94' title='bbox 550 767 574 806; x_wconf 84' lang='grc' dir='ltr'>ὸ</span> <span class='ocrx_word' id='word_1_95' title='bbox 608 764 646 806; x_wconf 88' lang='lat' dir='ltr'>d’</span> <span class='ocrx_word' id='word_1_96' title='bbox 671 764 784 806; x_wconf 88' lang='lat' dir='ltr'>altro</span> <span class='ocrx_word' id='word_1_97' title='bbox 817 762 989 816; x_wconf 83' lang='lat' dir='ltr'>miglior</span> <span class='ocrx_word' id='word_1_98' title='bbox 1020 763 1147 804; x_wconf 89' lang='lat' dir='ltr'>modo</span> <span class='ocrx_word' id='word_1_99' title='bbox 1170 776 1303 817; x_wconf 88' lang='lat' dir='ltr'>penso</span> <span class='ocrx_word' id='word_1_100' title='bbox 1336 776 1436 804; x_wconf 89' lang='lat' dir='ltr'>sara</span> <span class='ocrx_word' id='word_1_101' title='bbox 1469 761 1644 803; x_wconf 88' lang='lat' dir='ltr'>difficile</span> <span class='ocrx_word' id='word_1_102' title='bbox 1677 761 1754 803; x_wconf 90' lang='lat' dir='ltr'>che</span> <span class='ocrx_word' id='word_1_103' title='bbox 1787 760 1823 802; x_wconf 94' lang='lat' dir='ltr'>si</span> <span class='ocrx_word' id='word_1_104' title='bbox 1854 760 1995 802; x_wconf 84' lang='lat' dir='ltr'>faccia</span> <span class='ocrx_word' id='word_1_105' title='bbox 2056 771 2081 815; x_wconf 62' lang='lat' dir='ltr'>j·</span> 
     </span>
    </p>
   </div>
   <div class='ocr_carea' id='block_1_8' title="bbox 221 828 1085 885">
    <p class='ocr_par' dir='ltr' id='par_1_8' title="bbox 221 828 1085 885">
     <span class='ocr_line' id='line_1_10' title="bbox 221 828 1085 885; baseline -0.006 -11"><span class='ocrx_word' id='word_1_106' title='bbox 221 846 331 885; x_wconf 88' lang='lat' dir='ltr'>gran</span> <span class='ocrx_word' id='word_1_107' title='bbox 364 830 502 873; x_wconf 86' lang='lat' dir='ltr'>frutto</span> <span class='ocrx_word' id='word_1_108' title='bbox 535 830 649 871; x_wconf 90' lang='lat' dir='ltr'>nelle</span> <span class='ocrx_word' id='word_1_109' title='bbox 683 843 782 871; x_wconf 86' lang='lat' dir='ltr'>cose</span> <span class='ocrx_word' id='word_1_110' title='bbox 814 828 1040 883; x_wconf 78' lang='lat' dir='ltr'>spirituale</span> <span class='ocrx_word' id='word_1_111' title='bbox 1057 829 1085 870; x_wconf 76' lang='lat'>4.</span> 
     </span>
    </p>
   </div>
   <div class='ocr_carea' id='block_1_9' title="bbox 220 878 2063 1015">
    <p class='ocr_par' dir='ltr' id='par_1_9' title="bbox 220 878 2063 1015">
     <span class='ocr_line' id='line_1_11' title="bbox 341 878 2062 949; baseline -0.003 -12"><span class='ocrx_word' id='word_1_112' title='bbox 341 896 395 937; x_wconf 93' lang='lat' dir='ltr'>Di</span> <span class='ocrx_word' id='word_1_113' title='bbox 428 898 513 949; x_wconf 76' lang='lat' dir='ltr'>qua</span> <span class='ocrx_word' id='word_1_114' title='bbox 551 909 637 936; x_wconf 91' lang='lat' dir='ltr'>non</span> <span class='ocrx_word' id='word_1_115' title='bbox 669 895 703 936; x_wconf 90' lang='lat' dir='ltr'>si</span> <span class='ocrx_word' id='word_1_116' title='bbox 737 894 888 936; x_wconf 87' lang='lat' dir='ltr'>leuara</span> <span class='ocrx_word' id='word_1_117' title='bbox 919 894 946 934; x_wconf 95' lang='lat' dir='ltr'>l&#39;</span> <span class='ocrx_word' id='word_1_118' title='bbox 971 893 1114 935; x_wconf 88' lang='lat' dir='ltr'>animo</span> <span class='ocrx_word' id='word_1_119' title='bbox 1148 893 1189 935; x_wconf 89' lang='lat' dir='ltr'>al</span> <span class='ocrx_word' id='word_1_120' title='bbox 1230 895 1420 935; x_wconf 86' lang='lat' dir='ltr'>macstro</span> <span class='ocrx_word' id='word_1_121' title='bbox 1454 891 1712 934; x_wconf 80' lang='lat' dir='ltr'>Tlieodoro5</span> <span class='ocrx_word' id='word_1_122' title='bbox 1745 890 1786 933; x_wconf 92' lang='lat' dir='ltr'>di</span> <span class='ocrx_word' id='word_1_123' title='bbox 1817 891 1995 933; x_wconf 88' lang='lat' dir='ltr'>tradure</span> <span class='ocrx_word' id='word_1_124' title='bbox 2058 878 2062 893; x_wconf 40' lang='lat'>&#39;¹</span> 
     </span>
     <span class='ocr_line' id='line_1_12' title="bbox 220 957 2063 1015; baseline -0.004 -11"><span class='ocrx_word' id='word_1_125' title='bbox 220 962 251 1004; x_wconf 90' lang='lat' dir='ltr'>il</span> <span class='ocrx_word' id='word_1_126' title='bbox 283 961 472 1003; x_wconf 81' lang='lat' dir='ltr'>Concilio</span> <span class='ocrx_word' id='word_1_127' title='bbox 515 959 718 1015; x_wconf 86' lang='lat' dir='ltr'>ephesino</span> <span class='ocrx_word' id='word_1_128' title='bbox 754 994 762 1002; x_wconf 94' lang='lat'>.</span> <span class='ocrx_word' id='word_1_129' title='bbox 797 961 841 1001; x_wconf 89' lang='lat' dir='ltr'>et</span> <span class='ocrx_word' id='word_1_130' title='bbox 882 973 928 1001; x_wconf 89' lang='lat' dir='ltr'>se</span> <span class='ocrx_word' id='word_1_131' title='bbox 969 958 1029 1000; x_wconf 90' lang='lat' dir='ltr'>lui</span> <span class='ocrx_word' id='word_1_132' title='bbox 1070 958 1110 1000; x_wconf 94' lang='grc'>10</span> <span class='ocrx_word' id='word_1_133' title='bbox 1152 961 1280 1012; x_wconf 89' lang='lat' dir='ltr'>potra</span> <span class='ocrx_word' id='word_1_134' title='bbox 1317 957 1411 1000; x_wconf 84' lang='lat' dir='ltr'>fare</span> <span class='ocrx_word' id='word_1_135' title='bbox 1454 971 1559 1012; x_wconf 85' lang='lat' dir='ltr'>pare</span> <span class='ocrx_word' id='word_1_136' title='bbox 1600 957 1710 999; x_wconf 91' lang='lat' dir='ltr'>bene</span> <span class='ocrx_word' id='word_1_137' title='bbox 1751 969 1853 998; x_wconf 89' lang='lat' dir='ltr'>cosa</span> <span class='ocrx_word' id='word_1_138' title='bbox 1894 969 1995 998; x_wconf 90' lang='lat' dir='ltr'>con·</span> <span class='ocrx_word' id='word_1_139' title='bbox 2062 1007 2063 1010; x_wconf 11' lang='grc' dir='ltr'><strong>Ἴ</strong></span> 
     </span>
    </p>
   </div>
   <div class='ocr_carea' id='block_1_10' title="bbox 222 1024 1998 1275">
    <p class='ocr_par' dir='ltr' id='par_1_10' title="bbox 222 1024 1152 1080">
     <span class='ocr_line' id='line_1_13' title="bbox 222 1024 1152 1080; baseline -0.004 -11"><span class='ocrx_word' id='word_1_140' title='bbox 222 1027 426 1069; x_wconf 91' lang='lat' dir='ltr'>ueniente</span> <span class='ocrx_word' id='word_1_141' title='bbox 459 1026 727 1080; x_wconf 86' lang='lat' dir='ltr'>compiacere</span> <span class='ocrx_word' id='word_1_142' title='bbox 761 1025 801 1066; x_wconf 90' lang='lat' dir='ltr'>al</span> <span class='ocrx_word' id='word_1_143' title='bbox 836 1024 986 1077; x_wconf 88' lang='lat' dir='ltr'>signor</span> <span class='ocrx_word' id='word_1_144' title='bbox 1018 1024 1152 1066; x_wconf 88' lang='lat' dir='ltr'>Duca.</span> 
     </span>
    </p>

    <p class='ocr_par' dir='ltr' id='par_1_11' title="bbox 223 1087 1996 1207">
     <span class='ocr_line' id='line_1_14' title="bbox 341 1087 1996 1141; baseline -0.004 -7"><span class='ocrx_word' id='word_1_145' title='bbox 341 1092 389 1134; x_wconf 87' lang='lat' dir='ltr'>Li</span> <span class='ocrx_word' id='word_1_146' title='bbox 424 1090 662 1134; x_wconf 89' lang='lat' dir='ltr'>consultori</span> <span class='ocrx_word' id='word_1_147' title='bbox 694 1090 772 1133; x_wconf 91' lang='lat' dir='ltr'>che</span> <span class='ocrx_word' id='word_1_148' title='bbox 804 1090 846 1131; x_wconf 88' lang='lat' dir='ltr'>la</span> <span class='ocrx_word' id='word_1_149' title='bbox 868 1089 919 1131; x_wconf 89' lang='lat' dir='ltr'>R.</span> <span class='ocrx_word' id='word_1_150' title='bbox 944 1089 996 1131; x_wconf 89' lang='lat' dir='ltr'>V.</span> <span class='ocrx_word' id='word_1_151' title='bbox 1030 1088 1086 1130; x_wconf 91' lang='lat' dir='ltr'>ha</span> <span class='ocrx_word' id='word_1_152' title='bbox 1120 1088 1246 1131; x_wconf 89' lang='lat' dir='ltr'>electi</span> <span class='ocrx_word' id='word_1_153' title='bbox 1268 1088 1323 1131; x_wconf 89' lang='lat' dir='ltr'>N.</span> <span class='ocrx_word' id='word_1_154' title='bbox 1360 1087 1498 1130; x_wconf 82' lang='lat' dir='ltr'>Padre</span> <span class='ocrx_word' id='word_1_155' title='bbox 1531 1087 1591 1140; x_wconf 87' lang='lat' dir='ltr'>gli</span> <span class='ocrx_word' id='word_1_156' title='bbox 1624 1087 1787 1141; x_wconf 86' lang='lat' dir='ltr'>aproba</span> <span class='ocrx_word' id='word_1_157' title='bbox 1819 1088 1864 1129; x_wconf 92' lang='lat' dir='ltr'>et</span> <span class='ocrx_word' id='word_1_158' title='bbox 1895 1100 1996 1128; x_wconf 89' lang='lat' dir='ltr'>con-</span> 
     </span>
     <span class='ocr_line' id='line_1_15' title="bbox 223 1152 1658 1207; baseline -0.003 -8"><span class='ocrx_word' id='word_1_159' title='bbox 223 1157 375 1200; x_wconf 84' lang='lat' dir='ltr'>ferma.</span> <span class='ocrx_word' id='word_1_160' title='bbox 440 1157 520 1199; x_wconf 91' lang='lat' dir='ltr'>Del</span> <span class='ocrx_word' id='word_1_161' title='bbox 553 1156 698 1198; x_wconf 87' lang='lat' dir='ltr'>ufficio</span> <span class='ocrx_word' id='word_1_162' title='bbox 731 1156 856 1197; x_wconf 79' lang='grc'>10106</span> <span class='ocrx_word' id='word_1_163' title='bbox 889 1154 925 1196; x_wconf 89' lang='grc'>01</span> <span class='ocrx_word' id='word_1_164' title='bbox 958 1153 1149 1196; x_wconf 83' lang='grc'>001111010</span> <span class='ocrx_word' id='word_1_165' title='bbox 1182 1153 1352 1207; x_wconf 90' lang='lat' dir='ltr'>quando</span> <span class='ocrx_word' id='word_1_166' title='bbox 1386 1153 1450 1195; x_wconf 88' lang='lat' dir='ltr'>sia</span> <span class='ocrx_word' id='word_1_167' title='bbox 1482 1152 1658 1195; x_wconf 87' lang='lat' dir='ltr'>reuisto.</span> 
     </span>
    </p>

    <p class='ocr_par' dir='ltr' id='par_1_12' title="bbox 342 1215 1998 1275">
     <span class='ocr_line' id='line_1_16' title="bbox 342 1215 1998 1275; baseline -0.004 -10"><span class='ocrx_word' id='word_1_168' title='bbox 342 1222 387 1265; x_wconf 82' lang='lat' dir='ltr'>Si</span> <span class='ocrx_word' id='word_1_169' title='bbox 420 1222 580 1264; x_wconf 82' lang='lat' dir='ltr'>uedera</span> <span class='ocrx_word' id='word_1_170' title='bbox 613 1222 655 1263; x_wconf 89' lang='lat' dir='ltr'>di</span> <span class='ocrx_word' id='word_1_171' title='bbox 688 1220 851 1275; x_wconf 83' lang='lat' dir='ltr'>compir</span> <span class='ocrx_word' id='word_1_172' title='bbox 882 1221 925 1262; x_wconf 89' lang='grc'>10</span> <span class='ocrx_word' id='word_1_173' title='bbox 958 1218 1265 1261; x_wconf 84' lang='lat' dir='ltr'>emendacione</span> <span class='ocrx_word' id='word_1_174' title='bbox 1298 1218 1338 1260; x_wconf 89' lang='lat' dir='ltr'>di</span> <span class='ocrx_word' id='word_1_175' title='bbox 1372 1219 1507 1261; x_wconf 85' lang='lat' dir='ltr'>Santo</span> <span class='ocrx_word' id='word_1_176' title='bbox 1530 1217 1730 1272; x_wconf 85' lang='lat' dir='ltr'>Cipriano</span> <span class='ocrx_word' id='word_1_177' title='bbox 1765 1251 1773 1260; x_wconf 93' lang='lat'>.</span> <span class='ocrx_word' id='word_1_178' title='bbox 1808 1216 1928 1259; x_wconf 88' lang='lat' dir='ltr'>accio</span> <span class='ocrx_word' id='word_1_179' title='bbox 1960 1215 1998 1258; x_wconf 91' lang='lat' dir='ltr'>si</span> 
     </span>
    </p>
   </div>
   <div class='ocr_carea' id='block_1_11' title="bbox 223 1281 1997 1406">
    <p class='ocr_par' dir='ltr' id='par_1_13' title="bbox 223 1281 1997 1406">
     <span class='ocr_line' id='line_1_17' title="bbox 223 1281 1997 1342; baseline -0.004 -12"><span class='ocrx_word' id='word_1_180' title='bbox 223 1301 353 1342; x_wconf 87' lang='lat' dir='ltr'>possa</span> <span class='ocrx_word' id='word_1_181' title='bbox 385 1290 619 1341; x_wconf 86' lang='lat' dir='ltr'>stampare.</span> <span class='ocrx_word' id='word_1_182' title='bbox 690 1288 736 1329; x_wconf 62' lang='lat' dir='ltr'>le.</span> <span class='ocrx_word' id='word_1_183' title='bbox 771 1287 816 1328; x_wconf 70' lang='lat' dir='ltr'>V.</span> <span class='ocrx_word' id='word_1_184' title='bbox 849 1285 1043 1341; x_wconf 73' lang='lat' dir='ltr'>precibus</span> <span class='ocrx_word' id='word_1_185' title='bbox 1075 1300 1214 1327; x_wconf 78' lang='lat' dir='ltr'>omnes</span> <span class='ocrx_word' id='word_1_186' title='bbox 1248 1299 1320 1326; x_wconf 72' lang='lat' dir='ltr'>nos</span> <span class='ocrx_word' id='word_1_187' title='bbox 1356 1284 1707 1326; x_wconf 77' lang='lat' dir='ltr'>commendamus.</span> <span class='ocrx_word' id='word_1_188' title='bbox 1762 1282 1826 1324; x_wconf 87' lang='lat' dir='ltr'>De</span> <span class='ocrx_word' id='word_1_189' title='bbox 1860 1281 1997 1324; x_wconf 88' lang='lat' dir='ltr'>Roma</span> 
     </span>
     <span class='ocr_line' id='line_1_18' title="bbox 224 1352 808 1406; baseline -0.002 -12"><span class='ocrx_word' id='word_1_190' title='bbox 224 1353 254 1394; x_wconf 88' lang='lat' dir='ltr'>li</span> <span class='ocrx_word' id='word_1_191' title='bbox 288 1355 358 1396; x_wconf 84' lang='lat'>24.</span> <span class='ocrx_word' id='word_1_192' title='bbox 394 1353 434 1394; x_wconf 93' lang='lat' dir='ltr'>di</span> <span class='ocrx_word' id='word_1_193' title='bbox 467 1352 646 1406; x_wconf 81' lang='lat' dir='ltr'>Maggio</span> <span class='ocrx_word' id='word_1_194' title='bbox 684 1353 808 1393; x_wconf 84' lang='grc'>1561.</span> 
     </span>
    </p>
   </div>
   <div class='ocr_carea' id='block_1_12' title="bbox 236 1438 1983 1451">
    <p class='ocr_par' dir='ltr' id='par_1_14' title="bbox 236 1438 1983 1451">
     <span class='ocr_line' id='line_1_19' title="bbox 236 1438 1983 1451; baseline 0 0"><span class='ocrx_word' id='word_1_195' title='bbox 236 1438 1983 1451; x_wconf 95' lang='lat' dir='ltr'> </span> 
     </span>
    </p>
   </div>
   <div class='ocr_carea' id='block_1_13' title="bbox 224 1490 1999 1597">
    <p class='ocr_par' dir='ltr' id='par_1_15' title="bbox 224 1490 1999 1597">
     <span class='ocr_line' id='line_1_20' title="bbox 343 1490 1998 1543; baseline -0.005 -10"><span class='ocrx_word' id='word_1_196' title='bbox 343 1497 529 1543; x_wconf 75' lang='lat' dir='ltr'>Epistulas</span> <span class='ocrx_word' id='word_1_197' title='bbox 564 1497 720 1532; x_wconf 86' lang='lat' dir='ltr'>doctoris</span> <span class='ocrx_word' id='word_1_198' title='bbox 747 1495 953 1530; x_wconf 83' lang='lat' dir='ltr'>Lamberti¹</span> <span class='ocrx_word' id='word_1_199' title='bbox 991 1506 1032 1529; x_wconf 86' lang='lat' dir='ltr'>ac</span> <span class='ocrx_word' id='word_1_200' title='bbox 1067 1493 1331 1528; x_wconf 82' lang='lat' dir='ltr'>treverensium</span> <span class='ocrx_word' id='word_1_201' title='bbox 1367 1495 1403 1527; x_wconf 89' lang='lat' dir='ltr'>et</span> <span class='ocrx_word' id='word_1_202' title='bbox 1438 1491 1695 1527; x_wconf 89' lang='lat' dir='ltr'>coloniensium</span> <span class='ocrx_word' id='word_1_203' title='bbox 1722 1490 1904 1525; x_wconf 83' lang='lat' dir='ltr'>Sociorum</span> <span class='ocrx_word' id='word_1_204' title='bbox 1940 1502 1998 1525; x_wconf 89' lang='lat' dir='ltr'>ac-</span> 
     </span>
     <span class='ocr_line' id='line_1_21' title="bbox 224 1544 1999 1597; baseline -0.005 -11"><span class='ocrx_word' id='word_1_205' title='bbox 224 1551 405 1597; x_wconf 87' lang='lat' dir='ltr'>cepimus;</span> <span class='ocrx_word' id='word_1_206' title='bbox 432 1563 547 1595; x_wconf 85' lang='lat' dir='ltr'>neque</span> <span class='ocrx_word' id='word_1_207' title='bbox 566 1551 638 1585; x_wconf 87' lang='lat' dir='ltr'>ulla</span> <span class='ocrx_word' id='word_1_208' title='bbox 657 1551 796 1584; x_wconf 81' lang='lat' dir='ltr'>ratione</span> <span class='ocrx_word' id='word_1_209' title='bbox 814 1552 958 1593; x_wconf 86' lang='lat' dir='ltr'>tempus</span> <span class='ocrx_word' id='word_1_210' title='bbox 977 1548 1113 1593; x_wconf 87' lang='lat' dir='ltr'>perisse</span> <span class='ocrx_word' id='word_1_211' title='bbox 1132 1547 1275 1581; x_wconf 88' lang='lat' dir='ltr'>videtur</span> <span class='ocrx_word' id='word_1_212' title='bbox 1300 1546 1336 1580; x_wconf 88' lang='lat' dir='ltr'>in</span> <span class='ocrx_word' id='word_1_213' title='bbox 1362 1546 1542 1590; x_wconf 84' lang='lat' dir='ltr'>legatione</span> <span class='ocrx_word' id='word_1_214' title='bbox 1568 1546 1657 1586; x_wconf 87' lang='lat' dir='ltr'>ista;</span> <span class='ocrx_word' id='word_1_215' title='bbox 1683 1556 1767 1579; x_wconf 90' lang='lat' dir='ltr'>nam</span> <span class='ocrx_word' id='word_1_216' title='bbox 1785 1544 1999 1579; x_wconf 88' lang='lat' dir='ltr'>Lambertus</span> 
     </span>
    </p>
   </div>
   <div class='ocr_carea' id='block_1_14' title="bbox 224 1597 2068 1649">
    <p class='ocr_par' dir='ltr' id='par_1_16' title="bbox 224 1597 2068 1649">
     <span class='ocr_line' id='line_1_22' title="bbox 224 1597 2068 1649; baseline -0.005 -9"><span class='ocrx_word' id='word_1_217' title='bbox 224 1605 285 1639; x_wconf 92' lang='lat' dir='ltr'>ille</span> <span class='ocrx_word' id='word_1_218' title='bbox 311 1607 348 1639; x_wconf 88' lang='lat' dir='ltr'>ct</span> <span class='ocrx_word' id='word_1_219' title='bbox 373 1605 566 1639; x_wconf 80' lang='lat' dir='ltr'>sanitatem</span> <span class='ocrx_word' id='word_1_220' title='bbox 593 1603 841 1649; x_wconf 85' lang='lat' dir='ltr'>recuperavit,</span> <span class='ocrx_word' id='word_1_221' title='bbox 870 1605 905 1636; x_wconf 82' lang='lat' dir='ltr'>et</span> <span class='ocrx_word' id='word_1_222' title='bbox 931 1601 1081 1636; x_wconf 76' lang='grc'>1111111102</span> <span class='ocrx_word' id='word_1_223' title='bbox 1107 1601 1236 1635; x_wconf 84' lang='lat' dir='ltr'>bonam</span> <span class='ocrx_word' id='word_1_224' title='bbox 1262 1611 1407 1645; x_wconf 79' lang='lat' dir='ltr'>operam</span> <span class='ocrx_word' id='word_1_225' title='bbox 1433 1599 1584 1634; x_wconf 86' lang='lat' dir='ltr'>navavit</span> <span class='ocrx_word' id='word_1_226' title='bbox 1609 1601 1676 1633; x_wconf 88' lang='lat' dir='ltr'>etc.</span> <span class='ocrx_word' id='word_1_227' title='bbox 1726 1598 1779 1632; x_wconf 91' lang='lat' dir='ltr'>Ac</span> <span class='ocrx_word' id='word_1_228' title='bbox 1804 1610 1849 1632; x_wconf 88' lang='lat' dir='ltr'>ne</span> <span class='ocrx_word' id='word_1_229' title='bbox 1868 1597 1998 1631; x_wconf 90' lang='lat' dir='ltr'>Vindo—</span> <span class='ocrx_word' id='word_1_230' title='bbox 2065 1631 2068 1635; x_wconf 80' lang='grc'><em>,</em></span> 
     </span>
    </p>
   </div>
   <div class='ocr_carea' id='block_1_15' title="bbox 224 1650 2002 2293">
    <p class='ocr_par' dir='ltr' id='par_1_17' title="bbox 224 1650 1999 1758">
     <span class='ocr_line' id='line_1_23' title="bbox 224 1650 1999 1704; baseline -0.005 -11"><span class='ocrx_word' id='word_1_231' title='bbox 224 1659 317 1693; x_wconf 89' lang='lat' dir='ltr'>bona</span> <span class='ocrx_word' id='word_1_232' title='bbox 344 1671 387 1693; x_wconf 84' lang='lat' dir='ltr'>ex</span> <span class='ocrx_word' id='word_1_233' title='bbox 415 1659 529 1704; x_wconf 88' lang='lat' dir='ltr'>ipsius</span> <span class='ocrx_word' id='word_1_234' title='bbox 557 1660 592 1692; x_wconf 86' lang='lat' dir='ltr'>et</span> <span class='ocrx_word' id='word_1_235' title='bbox 618 1657 772 1692; x_wconf 86' lang='lat' dir='ltr'>doctoris</span> <span class='ocrx_word' id='word_1_236' title='bbox 800 1656 1020 1691; x_wconf 56' lang='grc'>(1111·101101113</span> <span class='ocrx_word' id='word_1_237' title='bbox 1054 1655 1218 1689; x_wconf 87' lang='lat' dir='ltr'>absentia</span> <span class='ocrx_word' id='word_1_238' title='bbox 1245 1653 1498 1688; x_wconf 78' lang='lat' dir='ltr'>detrimentum</span> <span class='ocrx_word' id='word_1_239' title='bbox 1525 1652 1723 1698; x_wconf 86' lang='lat' dir='ltr'>acciperet,</span> <span class='ocrx_word' id='word_1_240' title='bbox 1755 1651 1814 1686; x_wconf 87' lang='lat' dir='ltr'>hic</span> <span class='ocrx_word' id='word_1_241' title='bbox 1839 1651 1928 1686; x_wconf 89' lang='lat' dir='ltr'>alios</span> <span class='ocrx_word' id='word_1_242' title='bbox 1954 1650 1999 1686; x_wconf 86' lang='lat' dir='ltr'>iis</span> 
     </span>
     <span class='ocr_line' id='line_1_24' title="bbox 225 1708 1329 1758; baseline -0.005 -11"><span class='ocrx_word' id='word_1_243' title='bbox 225 1712 449 1758; x_wconf 81' lang='lat' dir='ltr'>providimus</span> <span class='ocrx_word' id='word_1_244' title='bbox 475 1712 614 1756; x_wconf 83' lang='lat' dir='ltr'>hisque,</span> <span class='ocrx_word' id='word_1_245' title='bbox 642 1713 728 1755; x_wconf 90' lang='lat' dir='ltr'>quot</span> <span class='ocrx_word' id='word_1_246' title='bbox 755 1711 885 1745; x_wconf 82' lang='lat' dir='ltr'>addere</span> <span class='ocrx_word' id='word_1_247' title='bbox 912 1709 1119 1754; x_wconf 86' lang='lat' dir='ltr'>poterimus,</span> <span class='ocrx_word' id='word_1_248' title='bbox 1146 1708 1329 1742; x_wconf 88' lang='lat' dir='ltr'>addemus.</span> 
     </span>
    </p>

    <p class='ocr_par' dir='ltr' id='par_1_18' title="bbox 226 1757 2000 1908">
     <span class='ocr_line' id='line_1_25' title="bbox 346 1757 1998 1809; baseline -0.005 -9"><span class='ocrx_word' id='word_1_249' title='bbox 346 1766 653 1809; x_wconf 82' lang='lat' dir='ltr'>Ingolstadienses</span> <span class='ocrx_word' id='word_1_250' title='bbox 689 1764 883 1799; x_wconf 84' lang='lat' dir='ltr'>difficulter</span> <span class='ocrx_word' id='word_1_251' title='bbox 919 1774 1090 1807; x_wconf 84' lang='lat' dir='ltr'>maguum</span> <span class='ocrx_word' id='word_1_252' title='bbox 1126 1761 1271 1807; x_wconf 85' lang='lat' dir='ltr'>pietatis</span> <span class='ocrx_word' id='word_1_253' title='bbox 1306 1761 1464 1795; x_wconf 87' lang='lat' dir='ltr'>fructum</span> <span class='ocrx_word' id='word_1_254' title='bbox 1500 1759 1716 1794; x_wconf 83' lang='lat' dir='ltr'>collecturos</span> <span class='ocrx_word' id='word_1_255' title='bbox 1751 1769 1830 1792; x_wconf 91' lang='lat' dir='ltr'>esse</span> <span class='ocrx_word' id='word_1_256' title='bbox 1865 1757 1998 1803; x_wconf 83' lang='lat' dir='ltr'>opinor,</span> 
     </span>
     <span class='ocr_line' id='line_1_26' title="bbox 227 1810 2000 1864; baseline -0.006 -10"><span class='ocrx_word' id='word_1_257' title='bbox 227 1822 422 1864; x_wconf 78' lang='lat' dir='ltr'>antequam</span> <span class='ocrx_word' id='word_1_258' title='bbox 457 1820 601 1864; x_wconf 83' lang='lat' dir='ltr'>propria</span> <span class='ocrx_word' id='word_1_259' title='bbox 639 1818 682 1853; x_wconf 89' lang='lat' dir='ltr'>iis</span> <span class='ocrx_word' id='word_1_260' title='bbox 717 1819 765 1852; x_wconf 82' lang='lat' dir='ltr'>sit</span> <span class='ocrx_word' id='word_1_261' title='bbox 804 1816 976 1856; x_wconf 79' lang='lat' dir='ltr'>ecclesia,</span> <span class='ocrx_word' id='word_1_262' title='bbox 1014 1816 1109 1850; x_wconf 90' lang='lat' dir='ltr'>sicut</span> <span class='ocrx_word' id='word_1_263' title='bbox 1142 1814 1323 1849; x_wconf 86' lang='lat' dir='ltr'>Monachii</span> <span class='ocrx_word' id='word_1_264' title='bbox 1362 1816 1418 1848; x_wconf 90' lang='lat' dir='ltr'>est</span> <span class='ocrx_word' id='word_1_265' title='bbox 1451 1812 1510 1847; x_wconf 92' lang='lat' dir='ltr'>vel</span> <span class='ocrx_word' id='word_1_266' title='bbox 1548 1813 1657 1847; x_wconf 85' lang='lat' dir='ltr'>etiam</span> <span class='ocrx_word' id='word_1_267' title='bbox 1694 1811 1840 1846; x_wconf 87' lang='lat' dir='ltr'>meliore</span> <span class='ocrx_word' id='word_1_268' title='bbox 1878 1810 2000 1855; x_wconf 89' lang='lat' dir='ltr'>aliqua</span> 
     </span>
     <span class='ocr_line' id='line_1_27' title="bbox 226 1874 402 1908; baseline -0.011 0"><span class='ocrx_word' id='word_1_269' title='bbox 226 1874 364 1908; x_wconf 88' lang='lat' dir='ltr'>ratione</span> <span class='ocrx_word' id='word_1_270' title='bbox 379 1875 402 1906; x_wconf 90' lang='lat'>⁴.</span> 
     </span>
    </p>

    <p class='ocr_par' dir='ltr' id='par_1_19' title="bbox 227 1919 2000 2078">
     <span class='ocr_line' id='line_1_28' title="bbox 346 1919 1999 1968; baseline -0.005 -8"><span class='ocrx_word' id='word_1_271' title='bbox 346 1926 419 1960; x_wconf 88' lang='lat' dir='ltr'>Nos</span> <span class='ocrx_word' id='word_1_272' title='bbox 446 1925 611 1968; x_wconf 82' lang='lat' dir='ltr'>magistri</span> <span class='ocrx_word' id='word_1_273' title='bbox 637 1924 839 1959; x_wconf 81' lang='lat' dir='ltr'>Theodori5</span> <span class='ocrx_word' id='word_1_274' title='bbox 875 1923 1032 1957; x_wconf 88' lang='lat' dir='ltr'>animum</span> <span class='ocrx_word' id='word_1_275' title='bbox 1059 1934 1080 1956; x_wconf 83' lang='lat' dir='ltr'>a</span> <span class='ocrx_word' id='word_1_276' title='bbox 1107 1921 1257 1956; x_wconf 90' lang='lat' dir='ltr'>concilio</span> <span class='ocrx_word' id='word_1_277' title='bbox 1290 1920 1460 1966; x_wconf 86' lang='lat' dir='ltr'>ephesino</span> <span class='ocrx_word' id='word_1_278' title='bbox 1487 1919 1660 1954; x_wconf 87' lang='lat' dir='ltr'>vertendo</span> <span class='ocrx_word' id='word_1_279' title='bbox 1685 1930 1755 1953; x_wconf 90' lang='lat' dir='ltr'>non</span> <span class='ocrx_word' id='word_1_280' title='bbox 1781 1919 1999 1952; x_wconf 85' lang='lat' dir='ltr'>avertemus.</span> 
     </span>
     <span class='ocr_line' id='line_1_29' title="bbox 228 1970 2000 2023; baseline -0.006 -9"><span class='ocrx_word' id='word_1_281' title='bbox 228 1979 341 2022; x_wconf 90' lang='lat' dir='ltr'>Quem</span> <span class='ocrx_word' id='word_1_282' title='bbox 380 1979 540 2013; x_wconf 85' lang='lat' dir='ltr'>laborem</span> <span class='ocrx_word' id='word_1_283' title='bbox 578 1978 609 2013; x_wconf 88' lang='lat' dir='ltr'>si</span> <span class='ocrx_word' id='word_1_284' title='bbox 647 1978 724 2023; x_wconf 91' lang='lat' dir='ltr'>ipse</span> <span class='ocrx_word' id='word_1_285' title='bbox 763 1980 948 2022; x_wconf 84' lang='lat' dir='ltr'>praestare</span> <span class='ocrx_word' id='word_1_286' title='bbox 986 1976 1140 2021; x_wconf 86' lang='lat' dir='ltr'>poterit,</span> <span class='ocrx_word' id='word_1_287' title='bbox 1185 1974 1376 2009; x_wconf 86' lang='lat' dir='ltr'>convenire</span> <span class='ocrx_word' id='word_1_288' title='bbox 1414 1973 1577 2014; x_wconf 86' lang='lat' dir='ltr'>videtur,</span> <span class='ocrx_word' id='word_1_289' title='bbox 1620 1983 1701 2006; x_wconf 90' lang='lat' dir='ltr'>eum</span> <span class='ocrx_word' id='word_1_290' title='bbox 1740 1971 1880 2006; x_wconf 91' lang='lat' dir='ltr'>domino</span> <span class='ocrx_word' id='word_1_291' title='bbox 1918 1970 2000 2005; x_wconf 89' lang='lat' dir='ltr'>duci</span> 
     </span>
     <span class='ocr_line' id='line_1_30' title="bbox 227 2032 435 2078; baseline -0.005 -11"><span class='ocrx_word' id='word_1_292' title='bbox 227 2032 435 2078; x_wconf 85' lang='lat' dir='ltr'>gratificari.</span> 
     </span>
    </p>

    <p class='ocr_par' dir='ltr' id='par_1_20' title="bbox 230 2078 2000 2182">
     <span class='ocr_line' id='line_1_31' title="bbox 349 2078 2000 2128; baseline -0.005 -8"><span class='ocrx_word' id='word_1_293' title='bbox 349 2085 579 2121; x_wconf 86' lang='lat' dir='ltr'>Consultores</span> <span class='ocrx_word' id='word_1_294' title='bbox 605 2097 626 2119; x_wconf 89' lang='lat' dir='ltr'>a</span> <span class='ocrx_word' id='word_1_295' title='bbox 652 2084 692 2119; x_wconf 81' lang='lat' dir='ltr'>R.</span> <span class='ocrx_word' id='word_1_296' title='bbox 712 2084 755 2118; x_wconf 88' lang='lat' dir='ltr'>V.</span> <span class='ocrx_word' id='word_1_297' title='bbox 784 2083 942 2118; x_wconf 86' lang='lat' dir='ltr'>delectos</span> <span class='ocrx_word' id='word_1_298' title='bbox 967 2085 1070 2128; x_wconf 87' lang='lat' dir='ltr'>pater</span> <span class='ocrx_word' id='word_1_299' title='bbox 1096 2084 1219 2116; x_wconf 88' lang='lat' dir='ltr'>noster</span> <span class='ocrx_word' id='word_1_300' title='bbox 1245 2083 1280 2115; x_wconf 85' lang='lat' dir='ltr'>et</span> <span class='ocrx_word' id='word_1_301' title='bbox 1306 2080 1435 2126; x_wconf 86' lang='lat' dir='ltr'>probat</span> <span class='ocrx_word' id='word_1_302' title='bbox 1460 2081 1497 2114; x_wconf 89' lang='lat' dir='ltr'>et</span> <span class='ocrx_word' id='word_1_303' title='bbox 1522 2078 1720 2113; x_wconf 84' lang='lat' dir='ltr'>confirmat.</span> <span class='ocrx_word' id='word_1_304' title='bbox 1771 2078 1823 2113; x_wconf 91' lang='lat' dir='ltr'>De</span> <span class='ocrx_word' id='word_1_305' title='bbox 1850 2089 2000 2122; x_wconf 86' lang='lat' dir='ltr'>quorum</span> 
     </span>
     <span class='ocr_line' id='line_1_32' title="bbox 230 2135 1146 2182; baseline -0.005 -8"><span class='ocrx_word' id='word_1_306' title='bbox 230 2139 350 2174; x_wconf 87' lang='lat' dir='ltr'>officio</span> <span class='ocrx_word' id='word_1_307' title='bbox 363 2141 386 2180; x_wconf 77' lang='lat'>⁶,</span> <span class='ocrx_word' id='word_1_308' title='bbox 414 2151 494 2173; x_wconf 85' lang='lat' dir='ltr'>cum</span> <span class='ocrx_word' id='word_1_309' title='bbox 522 2139 558 2173; x_wconf 86' lang='lat' dir='ltr'>id</span> <span class='ocrx_word' id='word_1_310' title='bbox 584 2138 910 2182; x_wconf 84' lang='lat' dir='ltr'>recognoverimus,</span> <span class='ocrx_word' id='word_1_311' title='bbox 938 2135 1146 2171; x_wconf 87' lang='lat' dir='ltr'>scribemus.</span> 
     </span>
    </p>

    <p class='ocr_par' dir='ltr' id='par_1_21' title="bbox 228 2183 2002 2293">
     <span class='ocr_line' id='line_1_33' title="bbox 349 2183 2002 2238; baseline -0.006 -11"><span class='ocrx_word' id='word_1_312' title='bbox 349 2192 536 2238; x_wconf 86' lang='lat' dir='ltr'>Complere</span> <span class='ocrx_word' id='word_1_313' title='bbox 562 2194 598 2226; x_wconf 86' lang='lat' dir='ltr'>et</span> <span class='ocrx_word' id='word_1_314' title='bbox 623 2191 812 2226; x_wconf 87' lang='lat' dir='ltr'>absolvere</span> <span class='ocrx_word' id='word_1_315' title='bbox 837 2190 1063 2225; x_wconf 86' lang='lat' dir='ltr'>studebimus</span> <span class='ocrx_word' id='word_1_316' title='bbox 1090 2187 1374 2223; x_wconf 86' lang='lat' dir='ltr'>emendationem</span> <span class='ocrx_word' id='word_1_317' title='bbox 1399 2186 1571 2221; x_wconf 89' lang='lat' dir='ltr'>librorum</span> <span class='ocrx_word' id='word_1_318' title='bbox 1597 2184 1714 2219; x_wconf 86' lang='lat' dir='ltr'>sancti</span> <span class='ocrx_word' id='word_1_319' title='bbox 1741 2183 1930 2230; x_wconf 81' lang='lat' dir='ltr'>Cypriani,</span> <span class='ocrx_word' id='word_1_320' title='bbox 1961 2184 2002 2217; x_wconf 90' lang='lat' dir='ltr'>ut</span> 
     </span>
     <span class='ocr_line' id='line_1_34' title="bbox 228 2239 1692 2293; baseline -0.006 -12"><span class='ocrx_word' id='word_1_321' title='bbox 228 2246 328 2293; x_wconf 85' lang='lat' dir='ltr'>typis</span> <span class='ocrx_word' id='word_1_322' title='bbox 355 2246 511 2281; x_wconf 83' lang='lat' dir='ltr'>exscribi</span> <span class='ocrx_word' id='word_1_323' title='bbox 538 2245 687 2291; x_wconf 86' lang='lat' dir='ltr'>possint.</span> <span class='ocrx_word' id='word_1_324' title='bbox 739 2245 781 2278; x_wconf 81' lang='lat' dir='ltr'>R.</span> <span class='ocrx_word' id='word_1_325' title='bbox 809 2246 846 2278; x_wconf 69' lang='grc' dir='ltr'>Γ.</span> <span class='ocrx_word' id='word_1_326' title='bbox 874 2244 968 2287; x_wconf 78' lang='lat' dir='ltr'>[ete.‚</span> <span class='ocrx_word' id='word_1_327' title='bbox 996 2248 1032 2276; x_wconf 81' lang='lat' dir='ltr'>ut</span> <span class='ocrx_word' id='word_1_328' title='bbox 1057 2242 1204 2286; x_wconf 67' lang='lat' dir='ltr'>supra]</span> <span class='ocrx_word' id='word_1_329' title='bbox 1254 2240 1367 2275; x_wconf 82' lang='lat' dir='ltr'>Roma</span> <span class='ocrx_word' id='word_1_330' title='bbox 1393 2240 1448 2274; x_wconf 80' lang='lat'>24.</span> <span class='ocrx_word' id='word_1_331' title='bbox 1477 2239 1560 2273; x_wconf 86' lang='lat' dir='ltr'>Maii</span> <span class='ocrx_word' id='word_1_332' title='bbox 1591 2239 1692 2273; x_wconf 87' lang='grc'>1561.</span> 
     </span>
    </p>
   </div>
   <div class='ocr_carea' id='block_1_16' title="bbox 253 2325 342 2327">
    <p class='ocr_par' dir='ltr' id='par_1_22' title="bbox 253 2325 342 2327">
     <span class='ocr_line' id='line_1_35' title="bbox 253 2325 342 2327; baseline 0 0"><span class='ocrx_word' id='word_1_333' title='bbox 253 2325 342 2327; x_wconf 95' lang='lat' dir='ltr'> </span> 
     </span>
    </p>
   </div>
   <div class='ocr_carea' id='block_1_17' title="bbox 353 2368 1525 2408">
    <p class='ocr_par' dir='ltr' id='par_1_23' title="bbox 353 2368 1525 2408">
     <span class='ocr_line' id='line_1_36' title="bbox 353 2368 1525 2408; baseline -0.006 1"><span class='ocrx_word' id='word_1_334' title='bbox 353 2376 362 2395; x_wconf 87' lang='lat'>¹</span> <span class='ocrx_word' id='word_1_335' title='bbox 390 2375 429 2408; x_wconf 89' lang='lat' dir='ltr'>P.</span> <span class='ocrx_word' id='word_1_336' title='bbox 457 2374 639 2408; x_wconf 86' lang='lat' dir='ltr'>Lamberti</span> <span class='ocrx_word' id='word_1_337' title='bbox 666 2374 773 2407; x_wconf 89' lang='lat' dir='ltr'>Auer.</span> <span class='ocrx_word' id='word_1_338' title='bbox 918 2372 931 2392; x_wconf 71' lang='lat'>2</span> <span class='ocrx_word' id='word_1_339' title='bbox 958 2371 1232 2406; x_wconf 85' lang='lat' dir='ltr'>Commendono.</span> <span class='ocrx_word' id='word_1_340' title='bbox 1380 2369 1393 2389; x_wconf 80' lang='lat'>³</span> <span class='ocrx_word' id='word_1_341' title='bbox 1418 2368 1525 2402; x_wconf 88' lang='lat' dir='ltr'>Rivii.</span> 
     </span>
    </p>
   </div>
   <div class='ocr_carea' id='block_1_18' title="bbox 2022 0 2093 2111">
    <p class='ocr_par' dir='ltr' id='par_1_24' title="bbox 2022 0 2093 2111">
     <span class='ocr_line' id='line_1_37' title="bbox 2022 0 2093 2111; baseline 0 0"><span class='ocrx_word' id='word_1_342' title='bbox 2022 0 2093 2111; x_wconf 95' lang='lat' dir='ltr'> </span> 
     </span>
    </p>
   </div>
   <div class='ocr_carea' id='block_1_19' title="bbox 352 2418 2083 2465">
    <p class='ocr_par' dir='ltr' id='par_1_25' title="bbox 352 2418 2083 2465">
     <span class='ocr_line' id='line_1_38' title="bbox 352 2418 2083 2465; baseline -0.007 -3"><span class='ocrx_word' id='word_1_343' title='bbox 352 2431 363 2448; x_wconf 79' lang='lat'>⁴</span> <span class='ocrx_word' id='word_1_344' title='bbox 390 2427 572 2462; x_wconf 87' lang='lat' dir='ltr'>Monachii</span> <span class='ocrx_word' id='word_1_345' title='bbox 606 2427 642 2461; x_wconf 93' lang='lat' dir='ltr'>in</span> <span class='ocrx_word' id='word_1_346' title='bbox 679 2420 834 2461; x_wconf 83' lang='lat' dir='ltr'>ecclesia</span> <span class='ocrx_word' id='word_1_347' title='bbox 868 2424 1078 2460; x_wconf 84' lang='lat' dir='ltr'>monasterii</span> <span class='ocrx_word' id='word_1_348' title='bbox 1104 2423 1347 2458; x_wconf 74' lang='lat' dir='ltr'>Eremitarum</span> <span class='ocrx_word' id='word_1_349' title='bbox 1374 2422 1409 2456; x_wconf 80' lang='lat' dir='ltr'>S.</span> <span class='ocrx_word' id='word_1_350' title='bbox 1435 2420 1651 2465; x_wconf 84' lang='lat' dir='ltr'>Augustini,</span> <span class='ocrx_word' id='word_1_351' title='bbox 1689 2420 1724 2453; x_wconf 91' lang='lat' dir='ltr'>in</span> <span class='ocrx_word' id='word_1_352' title='bbox 1763 2418 1865 2453; x_wconf 90' lang='lat' dir='ltr'>cuius</span> <span class='ocrx_word' id='word_1_353' title='bbox 1899 2419 2003 2462; x_wconf 88' lang='lat' dir='ltr'>parte</span> <span class='ocrx_word' id='word_1_354' title='bbox 2066 2418 2083 2464; x_wconf 53' lang='lat'>-&#39;</span> 
     </span>
    </p>
   </div>
   <div class='ocr_carea' id='block_1_20' title="bbox 231 2469 2006 2953">
    <p class='ocr_par' dir='ltr' id='par_1_26' title="bbox 231 2469 2004 2686">
     <span class='ocr_line' id='line_1_39' title="bbox 232 2469 2003 2525; baseline -0.007 -9"><span class='ocrx_word' id='word_1_355' title='bbox 232 2481 422 2525; x_wconf 83' lang='lat' dir='ltr'>collegium</span> <span class='ocrx_word' id='word_1_356' title='bbox 451 2481 495 2515; x_wconf 88' lang='lat' dir='ltr'>ad</span> <span class='ocrx_word' id='word_1_357' title='bbox 521 2483 666 2525; x_wconf 86' lang='lat' dir='ltr'>tempus</span> <span class='ocrx_word' id='word_1_358' title='bbox 693 2479 906 2514; x_wconf 82' lang='lat' dir='ltr'>collocatum</span> <span class='ocrx_word' id='word_1_359' title='bbox 933 2480 1030 2519; x_wconf 85' lang='lat' dir='ltr'>erat⁷</span> <span class='ocrx_word' id='word_1_360' title='bbox 1066 2479 1204 2512; x_wconf 88' lang='lat' dir='ltr'>certum</span> <span class='ocrx_word' id='word_1_361' title='bbox 1231 2476 1347 2510; x_wconf 87' lang='lat' dir='ltr'>altare</span> <span class='ocrx_word' id='word_1_362' title='bbox 1382 2475 1427 2509; x_wconf 87' lang='lat' dir='ltr'>ad</span> <span class='ocrx_word' id='word_1_363' title='bbox 1461 2485 1566 2509; x_wconf 85' lang='lat' dir='ltr'>sacra</span> <span class='ocrx_word' id='word_1_364' title='bbox 1591 2472 1756 2507; x_wconf 85' lang='lat' dir='ltr'>facienda</span> <span class='ocrx_word' id='word_1_365' title='bbox 1781 2473 1818 2506; x_wconf 88' lang='lat' dir='ltr'>et</span> <span class='ocrx_word' id='word_1_366' title='bbox 1843 2469 2003 2505; x_wconf 87' lang='lat' dir='ltr'>euchari-</span> 
     </span>
     <span class='ocr_line' id='line_1_40' title="bbox 233 2523 2003 2575; baseline -0.007 -6"><span class='ocrx_word' id='word_1_367' title='bbox 233 2535 341 2570; x_wconf 85' lang='lat' dir='ltr'>stiam</span> <span class='ocrx_word' id='word_1_368' title='bbox 368 2534 650 2568; x_wconf 85' lang='lat' dir='ltr'>distribuendam</span> <span class='ocrx_word' id='word_1_369' title='bbox 679 2533 793 2568; x_wconf 82' lang='lat' dir='ltr'>Sociis</span> <span class='ocrx_word' id='word_1_370' title='bbox 822 2532 1050 2575; x_wconf 88' lang='lat' dir='ltr'>assignatum</span> <span class='ocrx_word' id='word_1_371' title='bbox 1085 2532 1182 2571; x_wconf 79' lang='lat' dir='ltr'>erat;</span> <span class='ocrx_word' id='word_1_372' title='bbox 1218 2529 1277 2573; x_wconf 87' lang='lat' dir='ltr'>qui</span> <span class='ocrx_word' id='word_1_373' title='bbox 1304 2528 1437 2563; x_wconf 90' lang='lat' dir='ltr'>ibidem</span> <span class='ocrx_word' id='word_1_374' title='bbox 1462 2526 1661 2562; x_wconf 82' lang='lat' dir='ltr'>ordinarias</span> <span class='ocrx_word' id='word_1_375' title='bbox 1687 2524 1872 2560; x_wconf 86' lang='lat' dir='ltr'>contiones</span> <span class='ocrx_word' id='word_1_376' title='bbox 1897 2523 2003 2558; x_wconf 88' lang='lat' dir='ltr'>habe-</span> 
     </span>
     <span class='ocr_line' id='line_1_41' title="bbox 231 2577 2004 2631; baseline -0.007 -9"><span class='ocrx_word' id='word_1_377' title='bbox 231 2589 330 2623; x_wconf 88' lang='lat' dir='ltr'>bant.</span> <span class='ocrx_word' id='word_1_378' title='bbox 381 2587 574 2621; x_wconf 88' lang='lat' dir='ltr'>Praeterea</span> <span class='ocrx_word' id='word_1_379' title='bbox 609 2586 716 2620; x_wconf 89' lang='lat' dir='ltr'>iidem</span> <span class='ocrx_word' id='word_1_380' title='bbox 752 2597 862 2631; x_wconf 90' lang='lat' dir='ltr'>prope</span> <span class='ocrx_word' id='word_1_381' title='bbox 898 2584 1090 2628; x_wconf 87' lang='lat' dir='ltr'>collegium</span> <span class='ocrx_word' id='word_1_382' title='bbox 1125 2582 1297 2617; x_wconf 86' lang='lat' dir='ltr'>sacellum</span> <span class='ocrx_word' id='word_1_383' title='bbox 1333 2581 1513 2626; x_wconf 85' lang='lat' dir='ltr'>quoddam</span> <span class='ocrx_word' id='word_1_384' title='bbox 1544 2580 1597 2623; x_wconf 75' lang='lat' dir='ltr'>,S.</span> <span class='ocrx_word' id='word_1_385' title='bbox 1624 2578 1781 2613; x_wconf 81' lang='lat' dir='ltr'>Nicolai⁴‘</span> <span class='ocrx_word' id='word_1_386' title='bbox 1812 2577 2004 2617; x_wconf 86' lang='lat' dir='ltr'>habebant,</span> 
     </span>
     <span class='ocr_line' id='line_1_42' title="bbox 232 2630 1860 2686; baseline -0.007 -10"><span class='ocrx_word' id='word_1_387' title='bbox 232 2642 269 2676; x_wconf 91' lang='lat' dir='ltr'>in</span> <span class='ocrx_word' id='word_1_388' title='bbox 295 2653 365 2686; x_wconf 91' lang='lat' dir='ltr'>quo</span> <span class='ocrx_word' id='word_1_389' title='bbox 391 2641 589 2675; x_wconf 85' lang='lat' dir='ltr'>doctrinam</span> <span class='ocrx_word' id='word_1_390' title='bbox 617 2639 850 2674; x_wconf 83' lang='lat' dir='ltr'>christianam</span> <span class='ocrx_word' id='word_1_391' title='bbox 876 2637 1108 2683; x_wconf 86' lang='lat' dir='ltr'>explicabant</span> <span class='ocrx_word' id='word_1_392' title='bbox 1133 2638 1199 2671; x_wconf 88' lang='grc'>010.</span> <span class='ocrx_word' id='word_1_393' title='bbox 1230 2635 1336 2678; x_wconf 77' lang='lat' dir='ltr'>(Can.</span> <span class='ocrx_word' id='word_1_394' title='bbox 1364 2635 1451 2679; x_wconf 85' lang='lat' dir='ltr'>Epp.</span> <span class='ocrx_word' id='word_1_395' title='bbox 1478 2633 1520 2675; x_wconf 94' lang='lat' dir='ltr'>II,</span> <span class='ocrx_word' id='word_1_396' title='bbox 1548 2632 1627 2667; x_wconf 82' lang='grc'>870.</span> <span class='ocrx_word' id='word_1_397' title='bbox 1655 2632 1734 2667; x_wconf 87' lang='grc'>874.</span> <span class='ocrx_word' id='word_1_398' title='bbox 1761 2630 1860 2674; x_wconf 88' lang='grc'>876).</span> 
     </span>
    </p>

    <p class='ocr_par' dir='ltr' id='par_1_27' title="bbox 236 2681 2006 2953">
     <span class='ocr_line' id='line_1_43' title="bbox 354 2681 2004 2728; baseline -0.008 1"><span class='ocrx_word' id='word_1_399' title='bbox 354 2695 366 2715; x_wconf 82' lang='lat'>⁵</span> <span class='ocrx_word' id='word_1_400' title='bbox 393 2694 582 2728; x_wconf 88' lang='lat' dir='ltr'>Peltanum</span> <span class='ocrx_word' id='word_1_401' title='bbox 609 2693 706 2727; x_wconf 89' lang='lat' dir='ltr'>dicit.</span> <span class='ocrx_word' id='word_1_402' title='bbox 758 2693 933 2726; x_wconf 79' lang='lat' dir='ltr'>Polancus</span> <span class='ocrx_word' id='word_1_403' title='bbox 959 2691 1073 2724; x_wconf 82' lang='lat' dir='ltr'>Roma</span> <span class='ocrx_word' id='word_1_404' title='bbox 1098 2689 1154 2724; x_wconf 82' lang='lat'>31.</span> <span class='ocrx_word' id='word_1_405' title='bbox 1172 2688 1260 2723; x_wconf 84' lang='lat' dir='ltr'>Maii</span> <span class='ocrx_word' id='word_1_406' title='bbox 1289 2688 1377 2722; x_wconf 84' lang='lat'>1561</span> <span class='ocrx_word' id='word_1_407' title='bbox 1406 2686 1523 2721; x_wconf 90' lang='lat' dir='ltr'>Lainii</span> <span class='ocrx_word' id='word_1_408' title='bbox 1548 2685 1690 2720; x_wconf 89' lang='lat' dir='ltr'>nomine</span> <span class='ocrx_word' id='word_1_409' title='bbox 1716 2684 1756 2718; x_wconf 93' lang='lat' dir='ltr'>P.</span> <span class='ocrx_word' id='word_1_410' title='bbox 1783 2681 2004 2717; x_wconf 83' lang='lat' dir='ltr'>Theodorico</span> 
     </span>
     <span class='ocr_line' id='line_1_44' title="bbox 236 2734 2004 2792; baseline -0.008 -9"><span class='ocrx_word' id='word_1_411' title='bbox 236 2748 380 2784; x_wconf 88' lang='lat' dir='ltr'>Canisio</span> <span class='ocrx_word' id='word_1_412' title='bbox 406 2746 599 2792; x_wconf 84' lang='lat' dir='ltr'>*scripsit:</span> <span class='ocrx_word' id='word_1_413' title='bbox 634 2746 724 2789; x_wconf 83' lang='lat' dir='ltr'>„Per</span> <span class='ocrx_word' id='word_1_414' title='bbox 750 2745 890 2779; x_wconf 85' lang='lat' dir='ltr'>aiutare</span> <span class='ocrx_word' id='word_1_415' title='bbox 916 2744 941 2778; x_wconf 90' lang='lat' dir='ltr'>il</span> <span class='ocrx_word' id='word_1_416' title='bbox 968 2743 1078 2789; x_wconf 89' lang='lat' dir='ltr'>padre</span> <span class='ocrx_word' id='word_1_417' title='bbox 1104 2742 1290 2776; x_wconf 87' lang='lat' dir='ltr'>Theodoro</span> <span class='ocrx_word' id='word_1_418' title='bbox 1317 2741 1353 2775; x_wconf 90' lang='lat' dir='ltr'>in</span> <span class='ocrx_word' id='word_1_419' title='bbox 1379 2739 1500 2785; x_wconf 90' lang='lat' dir='ltr'>quella</span> <span class='ocrx_word' id='word_1_420' title='bbox 1525 2738 1746 2773; x_wconf 88' lang='lat' dir='ltr'>traduttione</span> <span class='ocrx_word' id='word_1_421' title='bbox 1771 2735 1829 2770; x_wconf 87' lang='lat' dir='ltr'>del</span> <span class='ocrx_word' id='word_1_422' title='bbox 1855 2734 2004 2770; x_wconf 88' lang='lat' dir='ltr'>concilio</span> 
     </span>
     <span class='ocr_line' id='line_1_45' title="bbox 236 2787 2005 2842; baseline -0.008 -6"><span class='ocrx_word' id='word_1_423' title='bbox 236 2801 422 2842; x_wconf 88' lang='lat' dir='ltr'>Efessino,</span> <span class='ocrx_word' id='word_1_424' title='bbox 460 2801 652 2834; x_wconf 87' lang='lat' dir='ltr'>uederemo</span> <span class='ocrx_word' id='word_1_425' title='bbox 687 2811 726 2833; x_wconf 87' lang='lat' dir='ltr'>se</span> <span class='ocrx_word' id='word_1_426' title='bbox 762 2797 857 2832; x_wconf 89' lang='lat' dir='ltr'>della</span> <span class='ocrx_word' id='word_1_427' title='bbox 894 2797 1040 2831; x_wconf 86' lang='lat' dir='ltr'>libreria</span> <span class='ocrx_word' id='word_1_428' title='bbox 1076 2796 1133 2830; x_wconf 87' lang='lat' dir='ltr'>del</span> <span class='ocrx_word' id='word_1_429' title='bbox 1159 2795 1259 2840; x_wconf 87' lang='lat' dir='ltr'>Papa</span> <span class='ocrx_word' id='word_1_430' title='bbox 1293 2794 1322 2828; x_wconf 92' lang='lat' dir='ltr'>si</span> <span class='ocrx_word' id='word_1_431' title='bbox 1350 2795 1454 2839; x_wconf 82' lang='lat' dir='ltr'>potra</span> <span class='ocrx_word' id='word_1_432' title='bbox 1480 2803 1589 2827; x_wconf 87' lang='lat' dir='ltr'>cauar</span> <span class='ocrx_word' id='word_1_433' title='bbox 1613 2802 1686 2825; x_wconf 90' lang='lat' dir='ltr'>una</span> <span class='ocrx_word' id='word_1_434' title='bbox 1711 2789 1832 2835; x_wconf 87' lang='lat' dir='ltr'>copia,</span> <span class='ocrx_word' id='word_1_435' title='bbox 1867 2787 2005 2823; x_wconf 86' lang='lat' dir='ltr'>benche</span> 
     </span>
     <span class='ocr_line' id='line_1_46' title="bbox 237 2842 2006 2900; baseline -0.008 -11"><span class='ocrx_word' id='word_1_436' title='bbox 237 2856 364 2900; x_wconf 87' lang='lat' dir='ltr'>questo</span> <span class='ocrx_word' id='word_1_437' title='bbox 389 2866 459 2887; x_wconf 91' lang='lat' dir='ltr'>non</span> <span class='ocrx_word' id='word_1_438' title='bbox 485 2853 516 2887; x_wconf 92' lang='lat' dir='ltr'>si</span> <span class='ocrx_word' id='word_1_439' title='bbox 542 2853 621 2887; x_wconf 85' lang='lat' dir='ltr'>fara</span> <span class='ocrx_word' id='word_1_440' title='bbox 647 2863 755 2886; x_wconf 87' lang='lat' dir='ltr'>senza</span> <span class='ocrx_word' id='word_1_441' title='bbox 780 2862 906 2896; x_wconf 86' lang='lat' dir='ltr'>spessa</span> <span class='ocrx_word' id='word_1_442' title='bbox 933 2852 970 2884; x_wconf 88' lang='lat' dir='ltr'>et</span> <span class='ocrx_word' id='word_1_443' title='bbox 994 2849 1092 2884; x_wconf 89' lang='lat' dir='ltr'>forsa</span> <span class='ocrx_word' id='word_1_444' title='bbox 1117 2848 1235 2882; x_wconf 88' lang='lat' dir='ltr'>buona</span> <span class='ocrx_word' id='word_1_445' title='bbox 1261 2847 1318 2882; x_wconf 87' lang='lat' dir='ltr'>del</span> <span class='ocrx_word' id='word_1_446' title='bbox 1343 2847 1488 2881; x_wconf 89' lang='lat' dir='ltr'>scrittor</span> <span class='ocrx_word' id='word_1_447' title='bbox 1514 2845 1579 2879; x_wconf 88' lang='lat' dir='ltr'>che</span> <span class='ocrx_word' id='word_1_448' title='bbox 1605 2855 1688 2879; x_wconf 86' lang='lat' dir='ltr'>sara</span> <span class='ocrx_word' id='word_1_449' title='bbox 1721 2842 1931 2882; x_wconf 88' lang='lat' dir='ltr'>forastiero,</span> <span class='ocrx_word' id='word_1_450' title='bbox 1969 2842 2006 2891; x_wconf 83' lang='lat' dir='ltr'>et</span> 
     </span>
     <span class='ocr_line' id='line_1_47' title="bbox 237 2894 2006 2953; baseline -0.008 -11"><span class='ocrx_word' id='word_1_451' title='bbox 237 2920 346 2953; x_wconf 89' lang='lat' dir='ltr'>sepur</span> <span class='ocrx_word' id='word_1_452' title='bbox 372 2907 445 2941; x_wconf 79' lang='lat' dir='ltr'>dila</span> <span class='ocrx_word' id='word_1_453' title='bbox 468 2905 670 2940; x_wconf 89' lang='lat' dir='ltr'>traducessi</span> <span class='ocrx_word' id='word_1_454' title='bbox 697 2904 816 2949; x_wconf 86' lang='lat' dir='ltr'>quello</span> <span class='ocrx_word' id='word_1_455' title='bbox 842 2904 908 2938; x_wconf 86' lang='lat' dir='ltr'>che</span> <span class='ocrx_word' id='word_1_456' title='bbox 934 2903 959 2937; x_wconf 91' lang='lat' dir='ltr'>li</span> <span class='ocrx_word' id='word_1_457' title='bbox 985 2913 1113 2948; x_wconf 87' lang='lat' dir='ltr'>parera</span> <span class='ocrx_word' id='word_1_458' title='bbox 1139 2901 1270 2942; x_wconf 77' lang='lat' dir='ltr'>chiam,</span> <span class='ocrx_word' id='word_1_459' title='bbox 1298 2902 1332 2934; x_wconf 88' lang='lat' dir='ltr'>et</span> <span class='ocrx_word' id='word_1_460' title='bbox 1350 2899 1504 2934; x_wconf 86' lang='lat' dir='ltr'>lasciase</span> <span class='ocrx_word' id='word_1_461' title='bbox 1521 2898 1548 2932; x_wconf 89' lang='lat' dir='ltr'>li</span> <span class='ocrx_word' id='word_1_462' title='bbox 1564 2897 1690 2941; x_wconf 86' lang='lat' dir='ltr'>luoghi</span> <span class='ocrx_word' id='word_1_463' title='bbox 1715 2896 1776 2941; x_wconf 81' lang='lat' dir='ltr'>piu</span> <span class='ocrx_word' id='word_1_464' title='bbox 1793 2895 1890 2930; x_wconf 88' lang='lat' dir='ltr'>scuri</span> <span class='ocrx_word' id='word_1_465' title='bbox 1915 2894 2006 2928; x_wconf 87' lang='lat' dir='ltr'>doue</span> 
     </span>
    </p>
   </div>
   <div class='ocr_carea' id='block_1_21' title="bbox 237 2946 2089 3059">
    <p class='ocr_par' dir='ltr' id='par_1_28' title="bbox 237 2946 2089 3059">
     <span class='ocr_line' id='line_1_48' title="bbox 237 2946 2089 3006; baseline -0.009 -11"><span class='ocrx_word' id='word_1_466' title='bbox 237 2960 375 3006; x_wconf 88' lang='lat' dir='ltr'>patisce</span> <span class='ocrx_word' id='word_1_467' title='bbox 402 2959 590 3001; x_wconf 77' lang='lat' dir='ltr'>difficusta,</span> <span class='ocrx_word' id='word_1_468' title='bbox 616 2958 653 2992; x_wconf 89' lang='lat' dir='ltr'>in</span> <span class='ocrx_word' id='word_1_469' title='bbox 679 2957 790 3002; x_wconf 91' lang='lat' dir='ltr'>quelli</span> <span class='ocrx_word' id='word_1_470' title='bbox 815 2957 846 2991; x_wconf 92' lang='lat' dir='ltr'>si</span> <span class='ocrx_word' id='word_1_471' title='bbox 872 2956 1018 2991; x_wconf 89' lang='lat' dir='ltr'>uederia</span> <span class='ocrx_word' id='word_1_472' title='bbox 1044 2955 1078 2989; x_wconf 90' lang='lat' dir='ltr'>di</span> <span class='ocrx_word' id='word_1_473' title='bbox 1105 2953 1195 2988; x_wconf 85' lang='lat' dir='ltr'>darli</span> <span class='ocrx_word' id='word_1_474' title='bbox 1214 2952 1366 2998; x_wconf 89' lang='lat' dir='ltr'>qualche</span> <span class='ocrx_word' id='word_1_475' title='bbox 1392 2951 1509 2986; x_wconf 80' lang='lat' dir='ltr'>aiuto“</span> <span class='ocrx_word' id='word_1_476' title='bbox 1543 2950 1604 2993; x_wconf 83' lang='lat' dir='ltr'>(ex</span> <span class='ocrx_word' id='word_1_477' title='bbox 1621 2947 1827 2994; x_wconf 87' lang='lat' dir='ltr'>apographo</span> <span class='ocrx_word' id='word_1_478' title='bbox 1845 2946 2004 2982; x_wconf 88' lang='lat' dir='ltr'>eiusdem</span> <span class='ocrx_word' id='word_1_479' title='bbox 2071 2958 2089 2993; x_wconf 99' lang='lat'>3</span> 
     </span>
     <span class='ocr_line' id='line_1_49' title="bbox 237 2999 2089 3059; baseline -0.009 -11"><span class='ocrx_word' id='word_1_480' title='bbox 237 3014 421 3059; x_wconf 88' lang='lat' dir='ltr'>temporis.</span> <span class='ocrx_word' id='word_1_481' title='bbox 472 3013 557 3047; x_wconf 86' lang='lat' dir='ltr'>Cod.</span> <span class='ocrx_word' id='word_1_482' title='bbox 589 3011 729 3054; x_wconf 72' lang='lat' dir='ltr'>„Germ</span> <span class='ocrx_word' id='word_1_483' title='bbox 759 3011 867 3044; x_wconf 83' lang='lat'>1561“</span> <span class='ocrx_word' id='word_1_484' title='bbox 899 3009 923 3043; x_wconf 88' lang='lat' dir='ltr'>f.</span> <span class='ocrx_word' id='word_1_485' title='bbox 952 3009 1023 3052; x_wconf 72' lang='lat'>9¹²).</span> <span class='ocrx_word' id='word_1_486' title='bbox 1074 3007 1255 3042; x_wconf 84' lang='lat' dir='ltr'>Exstabat</span> <span class='ocrx_word' id='word_1_487' title='bbox 1288 3006 1324 3040; x_wconf 92' lang='lat' dir='ltr'>in</span> <span class='ocrx_word' id='word_1_488' title='bbox 1350 3005 1527 3040; x_wconf 85' lang='lat' dir='ltr'>Vaticano</span> <span class='ocrx_word' id='word_1_489' title='bbox 1562 3004 1711 3047; x_wconf 87' lang='lat' dir='ltr'>antiqua</span> <span class='ocrx_word' id='word_1_490' title='bbox 1736 3001 1912 3046; x_wconf 87' lang='lat' dir='ltr'>quaedam</span> <span class='ocrx_word' id='word_1_491' title='bbox 1938 2999 2005 3034; x_wconf 90' lang='lat' dir='ltr'>Ac·</span> <span class='ocrx_word' id='word_1_492' title='bbox 2072 3002 2089 3017; x_wconf 88' lang='lat'>·&#39;</span> 
     </span>
    </p>
   </div>
   <div class='ocr_carea' id='block_1_22' title="bbox 237 3052 2005 3214">
    <p class='ocr_par' dir='ltr' id='par_1_29' title="bbox 237 3052 2005 3214">
     <span class='ocr_line' id='line_1_50' title="bbox 237 3052 2005 3111; baseline -0.008 -10"><span class='ocrx_word' id='word_1_493' title='bbox 237 3069 356 3102; x_wconf 91' lang='lat' dir='ltr'>torum</span> <span class='ocrx_word' id='word_1_494' title='bbox 383 3065 634 3111; x_wconf 87' lang='lat' dir='ltr'>ephesinorum</span> <span class='ocrx_word' id='word_1_495' title='bbox 660 3063 779 3098; x_wconf 87' lang='lat' dir='ltr'>versio</span> <span class='ocrx_word' id='word_1_496' title='bbox 805 3062 936 3103; x_wconf 81' lang='lat' dir='ltr'>latina3</span> <span class='ocrx_word' id='word_1_497' title='bbox 972 3062 1015 3096; x_wconf 87' lang='lat' dir='ltr'>de</span> <span class='ocrx_word' id='word_1_498' title='bbox 1042 3072 1113 3105; x_wconf 86' lang='lat' dir='ltr'>qua</span> <span class='ocrx_word' id='word_1_499' title='bbox 1138 3060 1309 3095; x_wconf 84' lang='lat' dir='ltr'>disseruit</span> <span class='ocrx_word' id='word_1_500' title='bbox 1334 3059 1451 3102; x_wconf 78' lang='lat' dir='ltr'>Steph.</span> <span class='ocrx_word' id='word_1_501' title='bbox 1478 3058 1672 3099; x_wconf 52' lang='lat' dir='ltr'>Balaam,</span> <span class='ocrx_word' id='word_1_502' title='bbox 1702 3053 1806 3088; x_wconf 86' lang='lat' dir='ltr'>Nova</span> <span class='ocrx_word' id='word_1_503' title='bbox 1834 3052 2005 3088; x_wconf 88' lang='lat' dir='ltr'>Collectio</span> 
     </span>
     <span class='ocr_line' id='line_1_51' title="bbox 239 3114 1097 3162; baseline -0.007 -8"><span class='ocrx_word' id='word_1_504' title='bbox 239 3119 477 3155; x_wconf 86' lang='lat' dir='ltr'>Conciliorum</span> <span class='ocrx_word' id='word_1_505' title='bbox 507 3117 672 3162; x_wconf 86' lang='lat' dir='ltr'>(Parisiis</span> <span class='ocrx_word' id='word_1_506' title='bbox 701 3115 807 3160; x_wconf 85' lang='lat'>1707)</span> <span class='ocrx_word' id='word_1_507' title='bbox 835 3128 869 3161; x_wconf 89' lang='lat' dir='ltr'>p.</span> <span class='ocrx_word' id='word_1_508' title='bbox 897 3114 1097 3150; x_wconf 82' lang='lat'>385—386.</span> 
     </span>
     <span class='ocr_line' id='line_1_52' title="bbox 360 3170 657 3214; baseline -0.007 -8"><span class='ocrx_word' id='word_1_509' title='bbox 360 3173 373 3192; x_wconf 75' lang='lat'><strong><em>⁶</em></strong></span> <span class='ocrx_word' id='word_1_510' title='bbox 397 3172 425 3206; x_wconf 86' lang='grc' dir='ltr'>Ι.</span> <span class='ocrx_word' id='word_1_511' title='bbox 452 3183 482 3206; x_wconf 92' lang='lat' dir='ltr'>e.</span> <span class='ocrx_word' id='word_1_512' title='bbox 508 3170 657 3214; x_wconf 85' lang='lat' dir='ltr'>regulis.</span> 
     </span>
    </p>
   </div>
  </div>
 </body>
</html>
