2093 3444
230 206 314 246 396
461 203 540 236 671.
577 201 742 236 Canisius
768 201 948 236 Stanislao
976 201 1096 236 Hosio.
1139 200 1233 244 Aug.
1263 200 1404 235 Vindel.
1432 201 1488 236 28.
1514 201 1636 237 Martii
1665 203 1766 238 1562.

229 319 368 373 magis
402 333 574 361 oramus
606 319 815 374 pietatem
847 322 989 370 tuam,
1033 321 1083 360 vt
1114 333 1192 373 pro
1225 333 1302 361 suo
1334 319 1488 362 iudicio
1531 335 1706 364 causam
1738 322 1998 374 moderetur,

229 384 487 439 scriptisque
516 384 699 426 Romam
731 384 870 426 literis
901 384 983 426 1100
1014 384 1176 426 malum
1209 384 1357 434 leniat,
1391 385 1427 426 si
1459 385 1574 428 forte
1606 388 1846 429 auunculus
1877 388 2000 442 pueri

229 464 253 491 a
286 450 408 492 nobis
441 449 584 492 factus
618 453 685 492 est
717 449 896 492 alienus.
960 449 1055 503 Ego
1088 463 1227 502 neque
1265 463 1445 503 puerum
1478 451 1599 502 noui,
1643 466 1782 505 neque
1814 453 2000 496 antehac

229 515 280 557 de
312 515 431 558 facto
453 515 547 569 ipso
569 515 903 570 pronuntiantes
926 514 1084 564 audiui,
1118 514 1200 555 nisi
1225 515 1337 567 quod
1359 515 1412 558 D.
1436 515 1662 558 Cromerus
1685 531 1816 570 aegre
1847 518 2000 560 tulisse

228 580 348 622 visus
381 583 460 631 est,
495 594 606 633 quae
639 581 743 622 Doc.
768 578 964 621 Victoria
996 578 1118 633 pueri
1149 579 1243 621 loco
1276 581 1511 634 respondit.
1556 581 1720 624 Verum
1752 583 1864 625 bona
1895 583 2000 625 mihi

228 659 327 699 spes
361 649 428 688 est
459 645 566 694 fore,
601 648 649 688 vt
682 644 978 698 amplitudinis
1011 647 1113 687 tuae
1147 658 1279 698 opera
1312 645 1511 699 quicquid
1544 646 1753 689 aduersus
1785 662 1863 690 nos
1896 662 1998 690 con-

228 714 401 764 ceptum
434 713 501 753 est
533 709 870 760 amarulentiae,
905 710 1227 752 submoueatur.
1291 710 1422 764 Coepi
1453 711 1664 753 febricula
1697 713 1874 766 corripi,
1909 713 1999 755 for-

227 779 345 818 tasse
388 776 440 817 ob
474 774 770 828 quotidianam
813 775 930 816 illam
969 775 1011 816 111
1054 774 1343 828 praedicando
1376 775 1456 817 Dei
1489 777 1620 818 verbo
1663 778 1996 822 contentionem.

227 841 353 882 Vnde
385 840 526 882 rarius
559 841 689 882 etiam
723 840 913 881 scribere
944 839 1078 882 licuit.
1123 840 1250 882 Nunc
1281 840 1408 883 mitto
1442 841 1720 884 Schmidelini
1752 843 1997 897 apologiam

227 906 436 948 aduersus
470 905 728 960 Stapliylum
746 907 772 947 1.
837 905 930 958 agit
970 905 1110 947 minus
1151 905 1313 948 furiose
1355 920 1484 959 quam
1522 909 1675 958 antea,
1719 910 1767 950 ut
1799 908 1999 963 Staphyli

228 971 437 1025 scriptum
469 971 623 1013 timere
657 970 870 1013 videatur.
929 970 997 1012 Ad
1029 970 1262 1024 praecipua
1295 985 1491 1024 quaeque
1524 986 1609 1013 uon
1641 973 1887 1027 respondet,
1922 973 1998 1016 sed

227 1039 276 1078 ut
307 1037 449 1078 solent
481 1036 566 1086 isti,
600 1036 814 1078 immiscet
845 1049 1034 1090 parerga
1066 1038 1110 1078 et
1133 1036 1433 1079 calumniatur.
1479 1037 1560 1080 Est
1587 1040 1733 1079 autem
1766 1039 1844 1080 sub
1877 1039 1998 1092 prelo

226 1102 381 1155 ingens
414 1101 612 1156 Staphyli
647 1103 803 1155 opusss:
848 1114 974 1154 quem
1007 1115 1086 1154 ego
1130 1116 1266 1155 nuper
1297 1102 1528 1145 Jllustriss.
1563 1102 1779 1145 Cardinali
1816 1105 2000 1146 nostro3

227 1167 290 1209 ita
323 1166 632 1217 commendaui,
668 1169 715 1208 vt
742 1167 901 1208 Romae
935 1166 1166 1220 aliquando
1193 1167 1388 1208 laborum
1422 1167 1513 1209 eius
1537 1182 1643 1221 quos
1675 1168 1859 1222 impigre
1892 1168 1998 1210 scri-

227 1232 366 1274 bendo
401 1233 612 1282 exantlat,
648 1231 783 1273 uelint
815 1231 1074 1275 meminisse.
1120 1232 1328 1274 Dominus
1350 1233 1522 1275 JESVS
1555 1233 1688 1275 foelix
1723 1236 1766 1276 et
1798 1237 1998 1278 sanctum

228 1297 351 1339 nobis
384 1297 545 1352 pascha
581 1298 801 1340 concedat.
866 1298 1093 1350 Augustae
1126 1298 1306 1339 sabbato
1340 1300 1504 1341 sancte.
1572 1300 1723 1341 15622.

1174 1380 1336 1422 Seruus
1368 1381 1411 1421 111
1444 1380 1613 1423 Christo
1646 1381 1693 1424 P.
1728 1381 1936 1424 Canisius.

347 1468 374 1519 †
417 1467 795 1510 Reuerendissimo
850 1467 893 1509 in
947 1468 1116 1511 Christo
1171 1468 1287 1522 patri
1344 1471 1389 1511 et
1439 1468 1745 1511 Jllust.rissimo
1798 1469 1995 1519 Domino,

228 1533 279 1575 D,
323 1533 542 1575 Stauislao
587 1533 721 1575 Hosio
770 1533 986 1575 Cardinali
1035 1536 1079 1575 et
1122 1534 1337 1588 Episcopo
1385 1533 1671 1586 Wamniensi,
1720 1534 1764 1576 in
1808 1534 1996 1577 Concilio

227 1597 479 1640 Tridentino
513 1598 720 1649 Praesidi,
756 1599 946 1640 Patrono
980 1614 1070 1642 suo.
1135 1598 1342 1641 Tridenti.

346 1679 457 1713 'Manu
483 1679 640 1713 eiusdem
668 1679 839 1725 temporis
866 1679 1028 1723 (Hosii'd‘)
1058 1679 1184 1713 harum
1211 1680 1412 1714 litterarum
1439 1679 1662 1725 inscriptioni
1687 1680 1896 1715 adnotatum
1923 1682 1996 1715 est:

231 1730 379 1776 „[red]d.
410 1732 427 1765 1
456 1733 578 1777 aprilis
608 1733 708 1775 1:362,
738 1732 859 1778 [re]sp.
887 1733 906 1766 2
934 1733 1089 1778 aprilis*

348 1813 464 1848 Huius
483 1814 657 1859 epistulae
684 1815 728 1849 ad
747 1814 897 1849 Hosium
915 1815 1111 1849 mittendae
1131 1814 1274 1849 Canisio
1293 1815 1523 1860 praecipuum
1542 1815 1718 1859 quoddam
1746 1817 1996 1859 argumentum

230 1867 402 1901 dederunt
428 1867 570 1902 litterae
597 1880 617 1902 a
644 1870 804 1902 Mem-tino
827 1869 984 1913 Cromer,
1011 1868 1231 1912 Sigismuudi
1258 1868 1413 1911 Augusti
1440 1867 1608 1902 Poloniae
1634 1868 1731 1912 regis
1757 1869 1850 1914 apud
1876 1868 1996 1902 Ferdi-

228 1921 385 1954 nandum
412 1921 438 1955 I.
467 1933 648 1955 caesarem
677 1924 836 1962 oratore,
874 1921 1010 1964 Praga,
1048 1921 1106 1955 ubi
1134 1921 1380 1955 Ferdinaudus
1407 1923 1493 1956 tunc
1519 1921 1692 1965 degebat,
1730 1922 1783 1955 16.
1813 1921 1997 1956 Februarii

232 1974 321 2008 1562
355 1975 398 2008 ad
426 1975 465 2008 P.
493 1975 644 2009 Paulum
672 1975 879 2016 Hoffaeum,
917 1975 1058 2018 collegii
1085 1974 1364 2009 vindobonensis
1390 1977 1583 2016 rectorem,
1620 1974 1736 2009 datae.
1786 1974 1841 2008 Ex
1868 1975 1996 2019 quibus

227 2027 317 2061 haec
335 2027 612 2071 intelleguntur:
641 2028 787 2062 Cromer
804 2028 870 2063 sub
898 2039 942 2062 111.
963 2028 1133 2061 Martium
1152 2040 1183 2062 a.
1205 2029 1293 2062 1561
1319 2027 1532 2072 „Georgium
1553 2027 1822 2062 Kuklinowski“
1846 2039 1996 2074 puerum

227 2081 383 2116 nobilem
411 2082 560 2126 collegio
580 2082 847 2123 vindobonensi,
876 2082 931 2116 0111
950 2082 990 2116 P.
1006 2081 1167 2116 Victoria
1193 2084 1279 2116 111110
1296 2084 1473 2126 praeerat,
1501 2082 1535 2116 in
1554 2081 1780 2127 disciplinam
1798 2081 1997 2116 tradiderat

228 2134 406 2179 simulque
445 2136 632 2180 pecuniam
668 2136 846 2180 quandam
887 2135 922 2169 in
957 2135 1092 2169 victum
1134 2135 1164 2169 ei
1199 2134 1360 2179 aliasque
1398 2146 1456 2169 res
1494 2135 1717 2169 necessarias
1755 2135 1996 2180 providendas

229 2188 455 2229 attribuerat,
482 2189 533 2222 ita
559 2189 635 2222 fieri
655 2189 798 2223 volente
816 2189 917 2234 pueri
944 2188 1123 2223 avunculo
1143 2187 1312 2232 [Georgio
1331 2187 1492 2232 'l'icinio].
1519 2188 1688 2223 Poloniae
1713 2189 1810 2233 regis
1835 2188 1871 2222 in
1897 2189 1996 2222 curia

228 2253 373 2275 romana
410 2245 651 2287 procuratore.
701 2242 849 2286 Aliquot
884 2243 1005 2276 autem
1032 2242 1215 2276 mensibus
1251 2244 1350 2287 post,
1387 2253 1466 2276 cum
1494 2241 1737 2287 pestilentiam
1765 2241 1996 2276 Vindobonae

228 2295 481 2338 ingravescere
499 2295 655 2339 Pragam
682 2295 835 2329 relatum
860 2298 966 2333 esset,
995 2294 1140 2329 Oromer
1157 2307 1220 2340 per
1237 2295 1379 2329 litteras
1404 2307 1423 2329 a
1440 2294 1598 2329 Victoria
1616 2295 1731 2340 petiit,
1757 2296 1797 2329 ut
1815 2294 1996 2329 Bernardo

229 2348 317 2382 Pitti
343 2349 533 2383 mercatori
558 2349 746 2383 florentino
774 2352 808 2383 et
842 2360 992 2393 puerum
1028 2352 1064 2383 et
1089 2349 1278 2393 pecuniam
1313 2348 1489 2392 reliquam
1521 2349 1690 2383 traderet.
1743 2347 1809 2390 Qui
1840 2348 1903 2391 „ab
1930 2348 1990 2382 eo“

228 2424 271 2427 —
293 2403 405 2436 verba
431 2405 516 2437 sunt
537 2401 693 2436 Cromeri
721 2421 766 2426 —
797 2402 904 2444 „illud
930 2413 1141 2447 responsum
1168 2402 1262 2443 tulit,
1294 2402 1387 2446 quod
1414 2401 1513 2435 breui
1539 2401 1616 2447 ipse
1635 2402 1789 2445 Pragam
1808 2403 1993 2443 uenturus,

228 2458 263 2489 et
298 2467 448 2500 puerum
483 2467 604 2490 secum
641 2455 862 2489 adducturus
898 2457 993 2489 esset
1120 2455 1230 2489 Venit
1264 2455 1294 2489 is
1329 2455 1473 2489 tandem
1509 2455 1579 2489 huc
1613 2458 1695 2500 post
1728 2455 1885 2489 alterum
1917 2454 1994 2489 fere

227 2519 406 2543 mensem:
441 2520 506 2543 nec
540 2511 662 2543 tamen
687 2520 838 2554 puerum
872 2520 995 2543 secum
1021 2508 1178 2542 aduexit.
1229 2508 1392 2552 Rogatus
1427 2510 1546 2542 autem
1573 2519 1594 2542 a
1619 2520 1694 2550 me,
1730 2520 1793 2542 cur
1818 2507 1993 2553 promisso

227 2573 297 2595 non
323 2561 573 2603 satisfecisset,
600 2562 785 2607 respondit
809 2563 927 2607 ipsum
953 2573 1103 2606 puerum
1129 2561 1304 2603 noluisse,
1331 2562 1633 2606 deprecatumque
1659 2573 1757 2603 esse,
1783 2573 1827 2595 ne
1855 2560 1994 2595 Vienna

228 2615 476 2649 abduceretur.
516 2614 617 2656 Quod
643 2615 807 2659 equidem
833 2627 902 2649 non
922 2614 1116 2649 difficulter
1141 2615 1298 2649 adducor
1323 2617 1364 2648 nt
1390 2614 1532 2648 credam
1558 2615 1695 2648 factum
1721 2625 1799 2648 esse
1825 2626 1845 2648 a
1872 2626 1992 2659 puero,

226 2667 359 2714 partini
384 2668 589 2713 blanditiis,
624 2669 755 2713 partim
781 2670 917 2702 terrore
953 2670 989 2702 et
1014 2668 1210 2702 seueritate
1237 2668 1400 2702 adducto.
1452 2667 1611 2702 Tametsi
1637 2668 1817 2702 Mercator
1842 2667 1921 2710 ille,
1957 2670 1993 2702 et

346 2798 360 2812 2
390 2793 496 2837 Cypr.
524 2803 588 2826 om.
615 2803 665 2825 vv.
691 2803 764 2835 sqq.

352 2914 361 2934 ¹
387 2913 507 2948 Iacobi
534 2912 767 2948 Schmidelini
792 2912 870 2947 sive
895 2913 1061 2947 Andreae
1093 2912 1354 2956 „Abfertigung
1381 2911 1463 2946 dess
1490 2911 1664 2946 Vortrabs
1691 2910 1876 2955 Staphyli“
1905 2909 1991 2954 (Tfi-

227 2967 358 3010 bingen
389 2967 516 3011 1562);
543 2967 588 3001 cf.
615 2977 725 3011 supra
751 2978 783 3011 p.
811 2965 880 3000 320
891 2966 914 3000 2.

348 3021 361 3040 ²
391 3020 628 3062 „Nachdruck
662 3031 706 3054 zu
731 3019 982 3063 Verfechtung
1016 3019 1079 3053 des
1104 3018 1224 3053 Buchs
1249 3030 1332 3052 vom
1366 3017 1515 3052 rechten
1540 3017 1687 3051 wahren
1710 3016 1892 3051 Verstand
1927 3016 1990 3050 des

228 3073 429 3116 gottlicheu
466 3073 591 3107 W‘orts
633 3073 704 3107 und
746 3084 817 3107 von
859 3072 921 3106 der
963 3071 1160 3106 deutschen
1196 3071 1298 3105 Bibe]
1337 3070 1686 3114 Verdolmetschung
1726 3069 1838 3103 wider
1878 3068 1990 3104 Jacob

228 3125 436 3168 Schmidlin,
463 3125 722 3161 Pradicanten“
751 3125 955 3169 Ingolstadt
982 3125 1083 3159 1562.
1136 3124 1188 3159 Cf.
1214 3124 1319 3166 infra,
1346 3135 1501 3158 monum.
1528 3123 1608 3158 386.

347 3179 360 3200 ³
386 3179 511 3213 Ottoni
536 3178 782 3214 Truchsessio.
