2093 3444
241 187 323 227 750
673 182 830 216 Monuni.
859 182 1087 226 (tridentina)
1118 183 1197 217 367.
1228 182 1300 226 (15.
1327 182 1417 216 Iunii
1447 183 1564 227 1562.)

357 299 454 340 Quae
481 299 646 333 Canisius
681 299 748 333 hoc
774 310 937 333 sermone
963 299 1231 344 pronuntiavit:
1266 299 1427 343 parvulis
1458 300 1697 334 eucharistiae
1723 301 2005 334 communionem

237 353 476 386 necessariam
515 364 584 385 non
619 363 716 393 esse;
759 364 987 396 nequaqnam
1027 364 1150 386 omnes
1187 351 1311 385 fideles
1353 364 1398 386 ex
1432 352 1551 387 divino
1589 355 1780 398 praecepto
1817 355 2006 398 utramque
2044 351 2046 357 ’

237 405 474 439 eucharistiae
500 405 655 450 speciem
683 417 824 439 sumere
860 405 1008 446 debere;
1045 416 1155 450 penes
1190 405 1378 439 ecclesiam
1414 405 1582 449 antiquae
1617 407 1682 440 suh
1709 408 1862 450 utraque
1887 406 2007 451 specie

238 458 492 492 eucharistiam
529 458 691 492 sumendi
727 458 996 492 consuetudinis
1022 458 1266 492 immutandae
1302 460 1518 503 potestatem
1556 460 1686 500 fuisse;
1723 459 1932 501 convenire,
1967 461 2007 494 ut

238 511 430 556 explicatio
457 511 577 556 aliqua
603 512 820 546 sacramenti
846 511 944 545 illius
973 511 1131 556 (praeter
1158 523 1317 545 errorum
1353 512 1699 556 condemnationem)
1728 524 1749 546 a
1774 513 1911 557 synodo
1937 515 2007 547 tra-

237 565 401 599 deretur:
438 565 527 599 haec
553 565 689 607 onmia,
726 577 804 599 cum
833 564 961 609 reliqui
998 565 1106 598 etiam
1131 565 1290 608 theologi
1317 567 1425 608 atque
1461 565 1527 610 ipsi
1558 568 1681 610 patres
1714 566 1751 599 in
1778 566 1901 600 eadem
1927 578 2006 600 con-

236 617 454 659 sensissent,
483 630 502 652 a
530 618 678 652 concilio
708 619 760 652 16.
786 617 867 652 111111
896 618 986 652 1562
1012 618 1047 652 in
1078 618 1237 652 sessione
1263 617 1358 651 XXI.
1389 618 1447 661 (V.
1474 618 1539 652 sub
1567 619 1630 653 Pio
1656 618 1733 662 IV.)
1762 619 1920 663 probata,
1948 631 2007 653 ex-

236 671 390 715 plicata,
417 671 564 705 definita
590 674 684 706 sunt.
736 671 867 715 Aliqua
893 684 990 712 vero,
1018 682 1109 715 quae
1137 670 1301 705 Canisius
1329 671 1453 705 eadem
1480 672 1639 706 oratione
1665 672 1837 717 petierat,
1871 672 2006 717 synodo

235 736 304 758 non
332 725 410 758 visa
436 727 520 759 sunt
545 725 762 770 praestanda
789 736 879 759 esse.

355 779 407 811 Ac
426 778 578 823 primum
598 778 740 822 quidem
761 777 927 812 Canisius
947 777 1080 812 Christi
1099 778 1142 811 de
1165 789 1275 822 „pane
1294 777 1412 811 vitae“
1434 789 1645 820 sermonem,
1672 778 1733 823 qui
1756 778 1791 812 in
1811 779 1926 824 capite
1944 778 2005 813 VI.

236 831 415 874 evangelii
442 831 476 866 S.
504 832 646 866 loannis
672 832 898 876 proponitur,
927 831 970 865 de
996 831 1120 865 altaris
1148 833 1373 865 sacramento
1401 843 1480 865 esse
1506 831 1723 872 affirmavit;
1756 843 1826 876 qua
1852 832 2006 866 affirma-

234 884 331 918 tione
357 885 477 918 nescio
503 897 548 919 an
574 887 688 919 totum
708 896 919 926 sermonem,
946 897 1014 918 non
1040 886 1180 918 tantum
1199 884 1432 929 posteriorem
1460 884 1537 919 eius
1563 886 1713 929 partem,
1741 896 1831 928 quae
1858 896 1879 919 a
1896 896 1930 919 V.
1949 885 2005 919 48.

236 937 369 982 incipit,
397 938 607 983 complexus
634 939 700 979 sit;
735 950 777 973 ac
803 938 1013 972 nominatim
1041 937 1161 972 verbis
1187 937 1235 971 Io.
1263 938 1305 979 6,
1333 938 1378 972 54
1408 937 1506 980 „Nisi
1532 938 1837 972 manducaveritis
1863 949 2005 972 carnem

236 991 316 1024 Filii
342 991 506 1033 hominis,
534 994 571 1026 et
596 991 760 1026 biberitis
786 992 862 1036 ejus
889 991 1111 1035 sanguinein,
1138 1003 1208 1025 non
1232 991 1411 1025 habebitis
1430 991 1542 1025 vitam
1569 991 1603 1025 iu
1623 992 1745 1026 vobis“
1768 991 2007 1025 eucharistiae

235 1044 473 1089 sumptionem
513 1046 591 1079 sive
629 1045 927 1079 sacramentalem
966 1044 1279 1079 manducationem
1317 1044 1514 1088 significari
1552 1045 1722 1087 asseruit;
1766 1057 1873 1089 quam
1910 1057 2006 1079 man-

236 1097 462 1132 ducationem
488 1098 539 1132 ita
565 1098 807 1143 amplificasse
834 1099 997 1139 videtur,
1028 1100 1068 1131 ut
1095 1110 1155 1132 eos
1182 1109 1322 1142 quoque
1349 1098 1686 1143 comprehenderet,
1714 1098 1775 1143 qui
1805 1099 1941 1141 „voto“‚
1968 1100 2008 1132 ut

236 1150 393 1195 theologi
413 1152 545 1193 dicunt,
572 1152 630 1186 vel
657 1164 722 1186 suo
740 1152 798 1186 vel
818 1151 1002 1193 ecclesiae,
1030 1163 1109 1186 cum
1137 1151 1241 1185 aliter
1258 1163 1327 1185 non
1345 1154 1502 1196 possent,
1529 1154 1793 1186 sacramentum
1812 1154 2006 1186 sumerent.

238 1205 355 1248 Atque
382 1207 506 1250 optare
532 1217 570 1239 se
598 1205 762 1240 Canisius
788 1205 1028 1249 significavit,
1063 1207 1103 1239 ut
1129 1204 1316 1239 concilium
1353 1204 1581 1246 authentica,
1617 1207 1658 1239 ut
1693 1205 1863 1246 dicimus,
1898 1204 2006 1239 inter-

236 1259 435 1302 pretatione
454 1259 635 1294 Christum
663 1259 705 1293 de
731 1259 949 1293 eucharistia
975 1258 1071 1303 loqui
1089 1259 1338 1303 pronuntiaret
1356 1260 1464 1302 atque
1490 1259 1541 1292 ita
1567 1270 1626 1293 eos
1649 1258 1778 1293 saltem
1805 1258 2006 1303 repelleret,

237 1311 297 1355 qui
325 1314 433 1356 caput
467 1312 555 1346 illud
582 1312 626 1346 ad
652 1312 764 1346 solam
800 1312 976 1346 referrent
1011 1312 1323 1346 manducationem
1353 1312 1617 1356 „spiritualem“
1648 1312 1724 1346 sive
1760 1312 1805 1346 ad
1830 1312 2006 1354 unionem,

237 1376 308 1408 qua
334 1366 414 1409 quis
440 1378 503 1410 per
528 1366 635 1400 fidem
655 1366 796 1400 Christo
823 1367 1034 1408 iungeretur
1059 1376 1101 1399 ac
1128 1365 1306 1410 passionis
1328 1365 1526 1409 mortisque
1552 1365 1664 1410 ipsius
1682 1365 1863 1410 particeps
1889 1365 2006 1399 effice-

237 1420 354 1458 retur3
383 1430 474 1463 quae
501 1419 680 1453 sententia
706 1431 746 1453 eo
772 1422 942 1464 tempore,
969 1419 1038 1453 nisi
1056 1419 1172 1459 fallor,
1200 1418 1413 1452 auctoritate
1437 1418 1631 1453 cardinalis
1653 1419 1815 1453 Caietam?
1834 1418 2007 1461 (Thomae

239 1472 281 1505 de
309 1471 376 1505 Vio
404 1472 444 1506 O.
472 1472 530 1506 Pr.
558 1474 578 1513 †
608 1473 712 1516 1534)
741 1473 967 1518 potissimum
995 1472 1231 1512 fulciebatur;
1260 1472 1332 1516 qui,
1358 1474 1399 1506 ut
1423 1483 1532 1506 unum
1559 1472 1762 1517 exemplum
1789 1472 1945 1513 afferam,
1972 1472 2008 1505 in

240 1525 453 1567 „Tractatiff
494 1526 536 1560 de
571 1526 816 1560 communione
852 1527 918 1561 sub
953 1528 1105 1570 utraque
1141 1526 1260 1571 specie
1287 1528 1353 1560 etc.
1381 1526 1555 1560 adversus
1590 1526 1814 1560 Lutheranos
1850 1526 1893 1560 ad
1930 1525 2006 1560 Cle-

237 1581 391 1612 mentem
419 1580 496 1614 VH.
523 1582 693 1623 quattuor
728 1580 905 1625 capitibus
931 1580 1066 1624 scripto
1092 1579 1175 1621 1100,
1212 1581 1356 1624 praeter
1381 1579 1470 1621 alia,
1506 1579 1658 1624 suscipit
1691 1579 2005 1613 demonstrandum

239 1632 284 1675 (c.
314 1631 383 1675 1.):
410 1632 528 1666 Verba
559 1632 657 1675 ,Nisi
682 1632 1007 1667 manducaveritis“
1038 1634 1105 1666 etc.
1136 1633 1200 1676 (Io.
1220 1633 1251 1673 6,
1279 1632 1338 1675 54)
1371 1644 1458 1674 „non
1487 1644 1565 1666 esse
1591 1632 1787 1667 secundum
1812 1632 2005 1676 genuinum

237 1697 382 1720 sensum
417 1685 653 1730 intelligenda
688 1687 731 1720 de
758 1698 825 1720 vsu
852 1686 1120 1728 Eucharistiae,
1156 1686 1226 1719 imo
1253 1697 1318 1719 nec
1353 1697 1456 1730 posse
1492 1685 1645 1729 intelligi
1675 1686 1777 1720 salua
1804 1685 2007 1720 Christiana

238 1739 306 1772 fide
333 1739 375 1773 de
402 1740 479 1774 cibo
506 1742 542 1774 et
567 1742 652 1785 potu
678 1740 952 1774 sacramentam
986 1739 1185 1784 (Opuscula
1212 1739 1328 1773 omnia
1355 1739 1534 1783 [Lugduni
1564 1738 1667 1783 1558]
1696 1751 1727 1784 p.
1750 1739 1847 1783 348).
1888 1740 2006 1783 Atque

237 1792 331 1826 inter
364 1792 551 1835 theologos
586 1793 799 1827 tridentinos
827 1793 961 1827 Canisii
996 1793 1154 1835 collegas
1186 1793 1264 1835 „alii
1297 1792 1499 1834 dixerunff,
1535 1795 1576 1826 ut
1601 1794 1833 1826 Massarellus
1866 1793 2007 1826 notavit

240 1846 347 1888 (Acta
372 1845 394 1880 l.
422 1858 451 1880 c.
479 1847 530 1888 11,
559 1847 641 1890 35),
671 1847 800 1881 verba:
828 1846 905 1880 Nisi
931 1846 1237 1880 manducaveritis
1264 1849 1331 1880 etc.
1363 1845 1616 1889 „intelligenda
1643 1857 1721 1880 esse
1748 1846 1790 1880 de
1815 1846 2006 1880 manduca-

236 1900 333 1933 tione
351 1899 623 1934 sacramentali:
651 1900 710 1933 alii
730 1900 907 1941 dixerunt,
935 1899 1169 1943 intelligenda
1190 1911 1269 1933 esse
1289 1900 1330 1933 de
1349 1899 1623 1933 manducatione
1650 1898 1829 1944 spirituali
1854 1901 2005 1933 tantum.

237 1952 309 1986 Alii
343 1952 385 1986 de
420 1953 607 1997 utraque“,
644 1955 679 1987 et
714 1953 807 1986 inter
838 1964 898 1987 eos
929 1953 990 1987 alii
1017 1952 1122 1986 aliter
1151 1952 1302 1986 alteram
1331 1964 1410 1986 cum
1438 1952 1553 1986 altera
1587 1953 1802 1994 iunxerunt;
1840 1952 2006 1987 similiter

237 2008 359 2050 patres
408 2006 443 2040 in
494 2006 831 2049 congregationibus
882 2006 1109 2050 generalibus
1160 2006 1426 2046 dissenserunt;
1478 2009 1586 2050 atque
1628 2018 1690 2051 pro
1732 2006 2006 2040 manducatione

237 2059 416 2104 spirituali
441 2059 476 2094 S.
503 2059 658 2094 Thomas
684 2060 865 2104 Aquinas,
902 2059 935 2094 S.
964 2059 1239 2100 Bonaventura,
1275 2059 1482 2093 Alexander
1508 2060 1550 2093 de
1578 2060 1706 2101 Hales,
1742 2059 1803 2093 alii
1838 2061 1935 2093 stare
1962 2060 2006 2094 ab

237 2112 417 2157 aliquibus
444 2113 664 2148 dicebantur.
699 2112 826 2154 Quare,
855 2113 921 2147 etsi
941 2113 1124 2147 Salmeron
1152 2115 1187 2147 et
1205 2113 1344 2154 Torres,
1371 2112 1528 2157 theologi
1554 2112 1738 2157 pontificii,
1764 2115 1805 2147 ut
1823 2112 2005 2147 Christum

237 2178 401 2200 sermone
427 2166 487 2200 illo
514 2167 557 2200 de
584 2166 801 2201 eucharistia
828 2167 986 2201 locutum
1013 2178 1093 2200 esse
1119 2166 1337 2207 definiretur,
1364 2165 1680 2200 vehementissime
1711 2166 1896 2200 instabant
1924 2167 2005 2209 (Pa-

237 2222 369 2264 leottns,
396 2220 489 2265 apud
521 2221 672 2254 leee'ner
696 2221 719 2255 l.
747 2232 775 2255 c.
804 2221 846 2261 H,
874 2221 954 2255 570.
988 2221 1207 2254 Paltavicino
1232 2220 1255 2254 1.
1283 2231 1311 2254 0.
1339 2219 1362 2253 l.
1389 2221 1440 2260 17,
1469 2231 1497 2254 c.
1527 2220 1580 2261 11,
1606 2232 1639 2254 11.
1667 2219 1812 2262 9—13),
1838 2219 1944 2264 idque
1970 2220 2006 2253 in

237 2274 352 2318 prima
378 2274 492 2307 forma
518 2274 699 2308 doctrinae.
726 2273 986 2308 eucharisticae
1012 2285 1031 2307 a
1058 2273 1221 2318 patribus
1247 2274 1291 2307 ad
1319 2273 1353 2307 id
1380 2273 1529 2307 delectis
1560 2273 1695 2318 synodo
1721 2273 1904 2318 proposita
1929 2285 2006 2318 per-

237 2327 361 2372 spicue
396 2327 649 2361 enuntiabatur
677 2327 849 2371 (leez'ner
874 2327 896 2361 1.
924 2339 952 2361 c.
980 2327 1033 2368 H,
1059 2327 1142 2370 46),
1178 2326 1365 2360 concilium
1401 2326 1546 2360 tandem
1582 2326 1648 2360 hoc
1682 2326 1797 2360 solum
1831 2326 2005 2360 adversus

238 2380 438 2415 haereticos
457 2381 654 2419 constituit,
681 2393 724 2415 ex
745 2393 785 2415 eo
811 2392 973 2415 sermone
991 2380 1085 2414 haud
1112 2381 1210 2414 recte
1228 2379 1360 2422 colligi,
1386 2379 1574 2423 utriusque
1593 2379 1724 2424 speciei
1748 2379 2005 2413 eucharisticae

239 2433 522 2468 communionem
557 2445 578 2468 a
614 2434 754 2468 domino
789 2435 1019 2479 praeceptam
1055 2445 1153 2474 esse,
1189 2433 1303 2477 iisque
1339 2433 1478 2474 verbis,
1513 2435 1665 2476 urgente
1695 2433 1801 2467 Petro
1828 2432 2006 2467 Guerrero

238 2487 505 2532 archiepiscopo
532 2488 759 2531 granatensi,
796 2488 885 2522 haec
911 2487 1067 2521 addidit:
1107 2488 1320 2530 „utcumque
1346 2486 1449 2520 iuxta
1475 2486 1595 2520 varias
1621 2488 1826 2520 sanctorum
1851 2488 2003 2531 patrum,

239 2543 275 2575 et
301 2541 484 2575 doctorum
510 2541 824 2586 interpretationes
851 2541 1093 2583 intelligatur“
1127 2539 1262 2583 (Sessio
1288 2539 1382 2580 XXI,
1413 2551 1489 2584 cap.
1519 2540 1534 2573 1
1563 2539 1606 2573 de
1632 2538 1787 2583 comm)

358 2593 517 2639 Optabat
542 2595 651 2628 etiam
678 2594 862 2636 Canisius,
888 2596 937 2636 ut,
966 2594 1058 2638 quod
1086 2592 1120 2628 S.
1148 2593 1401 2627 Bonaventura
1427 2592 1560 2636 aliique
1587 2593 1799 2627 docuerant:
1828 2604 1898 2626 non
1924 2592 2004 2637 plus

239 2648 378 2691 gratiae
405 2659 468 2692 per
492 2648 689 2692 utriusque,
720 2659 827 2692 quam
854 2659 918 2692 per
943 2648 1048 2681 unius
1074 2648 1213 2681 tantum
1240 2646 1371 2691 speciei
1399 2645 1659 2680 eucharisticae
1684 2646 1923 2690 sumptionem
1949 2657 2004 2679 ac-

239 2701 319 2746 cipi,
346 2712 366 2735 a
392 2701 541 2735 concilio
568 2701 797 2742 definiretur,
824 2701 931 2745 idque
957 2703 1075 2734 motus
1100 2700 1255 2734 fortasse
1281 2699 1369 2744 ipsis
1395 2699 1605 2740 rationibus,
1636 2710 1725 2743 quas
1752 2702 1788 2733 et
1812 2699 1945 2733 Hosius
1971 2701 2006 2733 et

239 2754 487 2789 Drascovitius
513 2755 760 2799 proferebant:
787 2754 992 2789 Periculum
1018 2765 1108 2795 esse,
1134 2765 1179 2787 ne
1206 2753 1407 2798 complures
1433 2752 1612 2794 nationes,
1640 2751 1763 2787 calicis
1789 2752 1948 2797 cupidae,
1975 2752 2005 2786 si

239 2819 354 2851 neque
388 2808 419 2842 is
445 2808 487 2842 iis
523 2819 732 2850 concessus,
767 2819 883 2852 neque
919 2808 1042 2841 eadem
1068 2807 1208 2850 gratiae
1242 2817 1410 2840 mensura
1447 2805 1593 2840 definita
1629 2807 1744 2846 esset,
1779 2805 1823 2839 ab
1853 2804 2006 2839 ecclesia

240 2862 492 2905 separarentur
528 2862 825 2906 praetendentes,
864 2861 989 2895 fideles
1027 2860 1198 2905 ampliore
1237 2859 1389 2903 quadam
1428 2859 1546 2902 gratia
1583 2870 1646 2903 per
1693 2858 1815 2892 calicis
1853 2857 2005 2902 prohibi-

240 2914 372 2948 tionem
407 2915 566 2948 fraudari
601 2915 724 2949 multis
758 2914 937 2958 theologis
971 2914 1007 2947 in
1043 2913 1190 2947 concilio
1226 2913 1343 2946 visum
1379 2923 1458 2946 esse
1489 2912 1699 2955 (Paleottus,
1736 2912 1828 2945 Acta
1853 2911 1876 2944 1.
1904 2922 1933 2945 0.
1960 2911 2003 2952 II,

242 2968 320 3001 564.
371 2969 589 3002 Pallcwicetno
624 2968 646 3002 l.
675 2979 702 3001 c.
730 2968 752 3002 l.
782 2968 844 3008 17,
881 2979 909 3002 c.
939 2967 978 3007 7,
1014 2979 1047 3000 n.
1078 2966 1147 3010 10).
1201 2967 1251 3000 Ac
1285 2965 1444 2999 maxima
1480 2965 1622 3009 quidem
1652 2976 1735 3009 pars
1768 2966 1930 3009 patrum,
1965 2966 2005 2997 ut

241 3021 417 3054 Paleotms
444 3021 482 3063 (l.
510 3021 555 3065 c.)
583 3023 749 3061 testatur,
776 3032 854 3054 eam
881 3020 1079 3054 doctrinam
1105 3019 1279 3064 probabat
1305 3021 1340 3052 et
1370 3030 1390 3052 a
1417 3018 1566 3052 concilio
1592 3017 1794 3052 confirmari
1820 3017 2004 3061 cupiebat;

241 3073 304 3106 sed
330 3084 408 3107 cum
437 3074 637 3118 complures
663 3085 737 3108 rem
764 3074 858 3118 apud
885 3074 1048 3108 doctores
1083 3073 1119 3106 in
1145 3071 1389 3107 controversia
1416 3083 1495 3105 esse
1525 3070 1746 3105 monuissent
1772 3072 1808 3104 et
1833 3069 2003 3114 archiepi-

241 3136 370 3169 scopus
396 3127 622 3169 granatensis
648 3129 791 3172 praeter
816 3127 1063 3161 Alexandrum
1089 3126 1133 3160 ab
1152 3125 1264 3160 Hales
1288 3125 1406 3170 ipsum
1433 3124 1466 3158 S.
1486 3123 1659 3158 Thomam
1686 3122 1899 3157 contrariam
1925 3133 2003 3156 sen-

241 3178 391 3212 tentiam
424 3181 547 3213 tenere
582 3179 843 3221 contendisset,
879 3180 1056 3224 synodus,
1092 3178 1231 3212 concilii
1267 3177 1545 3212 constantiensis
1580 3175 1761 3220 exemplo,
1800 3175 2003 3209 definitione
