2093 3444
341 179 419 214 523.
455 179 607 214 Ioannes
633 180 675 214 de
702 179 858 214 Polanco
886 178 1040 214 Canisio.
1079 180 1192 214 Roma
1218 180 1275 214 22.
1301 179 1486 214 Februarii
1515 181 1615 215 1561.
1810 184 1863 224 57

912 297 1043 339 523.

508 392 573 434 P.
606 393 926 437 IOANNES
959 395 1057 436 DE
1091 394 1451 446 POLANCQ

704 475 922 509 secretarius
949 475 1141 510 Societatis
1167 476 1259 517 Iesu,

437 556 609 599 nomine
641 557 788 599 Iacobi
820 558 972 608 Lainii,
1006 558 1247 613 praepositi
1280 558 1510 612 generalis.

842 660 1117 707 CANISIO.

712 761 825 797 Roma
852 762 907 797 22.
936 761 1131 797 Februarii
1156 761 1242 798 1561.

213 845 270 880 Ex
295 845 501 890 apographo
529 844 690 878 eiusdem
724 845 918 889 temporis;
953 844 989 878 111
1024 844 1206 887 margine:
1247 844 1466 887 „Alemagna
1494 845 1734 880 P1·0uincial‘³.
1786 846 1870 881 Cod.

100 899 238 943 „Germ
270 899 378 933 1559“
410 899 434 933 f.
463 898 708 933 30411—3052.

214 952 379 998 Epistula
406 964 492 986 usus
520 954 576 986 est
602 952 731 985 Mtchel
756 951 780 985 1.
808 963 836 985 c.
864 963 897 996 p.
926 951 1021 985 2562.

214 1032 311 1065 Socii
336 1031 493 1074 qnidam.
548 1029 760 1063 Constitutio
786 1040 808 1062 a
835 1029 900 1062 Pio
927 1030 951 1062 I
955 1030 989 1062 V.
1017 1033 1142 1062 contra
1178 1031 1375 1063 certamina
1408 1030 1616 1073 se'nyntaria
1651 1031 1754 1063 edita.
1806 1031 1872 1063 Re-

92 1086 199 1129 yulae
223 1085 383 1118 rectoris.

214 1168 487 1209 Reverentiae
519 1171 679 1208 vestrae
711 1167 874 1207 litterae
907 1166 976 1205 die
1008 1167 1047 1206 8.
1079 1165 1205 1207 laccius
1237 1167 1392 1207 mensis
1429 1167 1586 1208 ‹tatael
1621 1168 1677 1208 ad
1710 1173 1870 1222 patrem

94 1238 284 1275 nostrum
313 1233 602 1288 praepositum
623 1232 861 1286 oeneratem
892 1232 1080 1285 perlatae
1112 1236 1222 1273 sunt.
1271 1231 1350 1272 Cui
1381 1233 1630 1273 nudationes
1663 1233 1872 1287 quaedam

96 1300 314 1342 Sociorum
340 1297 596 1353 probantur.
660 1298 714 1339 In
746 1297 907 1338 Adsunt
939 1296 1106 1337 Holleri
1147 1297 1334 1338 moribus
1366 1298 1525 1339 Romae
1558 1298 1727 1352 quidem
1765 1299 1873 1339 nihil

96 1369 283 1406 notatum
319 1369 404 1416 est;
446 1364 518 1405 sed
548 1363 733 1416 fortasse
759 1363 908 1417 patria
944 1376 1031 1403 eunt
1069 1363 1312 1403 deteriorem
1346 1364 1550 1404 reddidit.
1617 1364 1700 1415 Qui
1732 1368 1871 1405 utrum

97 1431 330 1472 sacerdotio
362 1430 606 1471 initiandus
639 1429 692 1469 sit
724 1443 862 1481 necne,
899 1429 1153 1469 reverentiae
1184 1433 1345 1469 vestroe
1381 1429 1557 1470 arbitrio
1588 1430 1874 1483 permittitnr,·

97 1510 225 1551 quoe,
260 1500 485 1550 antequam
517 1493 767 1535 Vindobona
802 1508 891 1535 enm
932 1498 1080 1545 avocet,
1116 1493 1214 1535 bene
1248 1495 1497 1546 consideret,
1539 1509 1639 1535 mim
1673 1496 1764 1536 sine
1797 1495 1873 1535 eot-

98 1562 195 1616 leyii
234 1561 351 1602 illias
394 1561 639 1602 detrimento
681 1560 729 1601 id
767 1559 912 1612 faeere
953 1563 1087 1613 queat.
1162 1560 1403 1613 Quaedam,
1447 1574 1539 1601 enni
1580 1574 1606 1601 α
1647 1559 1767 1601 nobis
1809 1575 1872 1601 re-

99 1628 262 1681 coynita
297 1631 432 1680 erunt,
467 1627 573 1668 istnc
604 1627 833 1667 mittentur.

217 1714 280 1756 La
311 1714 428 1756 bolla
470 1716 624 1756 contra
665 1712 695 1754 li
727 1712 870 1755 Duelli
912 1713 948 1754 si
989 1712 1148 1754 manda
1181 1712 1251 1766 qui
1295 1715 1339 1754 et
1376 1713 1544 1755 seruira
1584 1727 1661 1768 per
1701 1714 1744 1756 13
1775 1727 1876 1767 pro-

98 1779 254 1822 uincia.
300 1780 355 1822 Se
387 1779 546 1821 manda
579 1779 716 1821 anche
748 1793 806 1820 un
839 1778 951 1821 alt-ro
985 1777 1129 1819 ufficio
1164 1778 1233 1819 del
1265 1778 1461 1829 Rettore,
1496 1782 1541 1821 et
1571 1779 1614 1820 la
1641 1779 1877 1822 settimana

100 1848 311 1899 seguente
344 1845 379 1886 si
401 1845 614 1887 mandara
646 1845 822 1886 unaltra
844 1849 973 1885 cosaa
997 1842 1057 1898 [P]
1092 1843 1209 1885 accio
1233 1843 1333 1896 ogni
1359 1843 1543 1897 collegio
1566 1847 1700 1898 tenga
1734 1845 1876 1898 quello

101 1910 211 1953 cheli
244 1910 440 1964 bisogna.
503 1910 558 1952 N.
594 1910 734 1952 padre
768 1912 813 1952 et
844 1909 950 1952 tutti
983 1909 1021 1950 ci
1053 1908 1427 1951 reccomandiamo
1460 1910 1595 1951 molto
1632 1910 1746 1952 nelle
1779 1924 1877 1952 ora-

99 1976 236 2019 tionib
270 1976 310 2018 di
344 1976 396 2019 V.
430 1976 482 2020 R.
545 1976 592 2017 L’
616 1975 783 2017 inclusa
815 1974 851 2016 si
882 1975 1092 2016 mandara
1133 1974 1175 2016 al
1209 1974 1348 2016 Padre
1380 1974 1443 2016 La
1475 1975 1588 2029 Noy.
1652 1975 1705 2016 Di
1738 1975 1878 2017 Roma

101 2042 132 2084 li
165 2044 234 2086 22.
269 2041 312 2083 (11
343 2041 541 2084 Febraio.
609 2043 735 2083 1561.

221 2192 381 2227 Mittitur
407 2191 613 2237 exemplum
640 2190 909 2225 constitutionis
927 2202 947 2224 3
967 2202 1106 2224 summo
1133 2190 1302 2235 pontifice
1321 2193 1446 2225 contra
1464 2191 1662 2225 certamina
1681 2190 1878 2235 singularia

103 2246 240 2288 editae3
277 2246 370 2290 quod
407 2245 443 2279 in
478 2244 665 2290 provincia
699 2244 770 2278 ista
806 2244 1044 2278 adhibebitur.
1095 2244 1255 2278 Mittitur
1290 2244 1398 2278 etiam
1435 2244 1587 2278 alterum
1623 2244 1780 2279 officium
1806 2256 1881 2278 rec·

102 2300 210 2341 toris3
247 2299 406 2344 aliquida
434 2298 480 2343 [⁶3]
508 2298 605 2332 aliud
639 2300 759 2332 autem
787 2297 951 2343 proxima
987 2297 1208 2331 hebdomade
1244 2297 1427 2340 mittetur,
1463 2300 1505 2332 ut
1538 2297 1682 2342 singula
1718 2297 1879 2341 collegia,

103 2365 194 2398 quae
219 2353 309 2398 ipsis
334 2352 540 2387 necessaria
566 2354 669 2393 sunt,
705 2352 872 2386 habeant.
924 2351 1034 2385 Pater
1060 2353 1183 2385 noster
1208 2362 1345 2395 nosque
1372 2363 1496 2385 omnes
1522 2351 1564 2386 R.
1590 2352 1634 2386 V.
1662 2352 1777 2386 sacris
1803 2363 1880 2396 pre-

103 2407 204 2442 cibus
221 2407 456 2441 vehementer
474 2417 539 2440 nos
558 2405 860 2440 commendamus.
900 2404 1114 2449 Epistulam,
1142 2416 1250 2448 quam
1267 2404 1351 2439 huic
1376 2404 1606 2447 includimus,
1633 2405 1729 2450 patri
1747 2404 1880 2439 Lanoio

102 2461 268 2495 mittetis.
320 2460 433 2494 Roma
459 2459 515 2493 22.
543 2458 729 2492 Februarii
759 2459 860 2493 1561.

225 2542 336 2578 Nota:
377 2540 595 2576 Constitutio
623 2542 748 2574 contra
774 2540 972 2574 certamina
998 2539 1216 2584 singularia,
1254 2552 1360 2585 quam
1397 2553 1479 2576 011111
1504 2540 1561 2574 his
1587 2540 1721 2574 litteris
1747 2540 1791 2574 ad
1819 2538 1883 2573 Ca-

104 2597 237 2632 nisium
262 2596 410 2630 missam
438 2606 516 2629 esse
544 2606 589 2628 ex
614 2594 742 2628 iisdem
768 2593 1003 2636 intellegitur,
1030 2592 1144 2628 Roma
1165 2593 1219 2628 13.
1237 2593 1454 2628 Novembris
1482 2593 1574 2628 1560
1601 2593 1717 2627 Lainii
1743 2592 1882 2626 monitu

107 2650 342 2694 (Sacchinus,
368 2648 464 2682 Hist.
491 2647 526 2681 S.
553 2647 587 2682 J.
615 2647 658 2687 11,
686 2646 709 2681 l.
735 2647 768 2688 4,
794 2658 829 2681 11.
858 2647 917 2690 10)
946 2658 967 2680 a
994 2646 1058 2681 Pio
1084 2647 1145 2682 IV.
1174 2647 1278 2689 data,
1315 2649 1437 2682 exstat
1462 2647 1499 2681 in
1525 2648 1695 2681 Βιιῖἷανίο
1721 2645 1882 2680 Romano

106 2703 176 2738 VII
204 2701 372 2747 (Neapoli
400 2700 519 2745 1882),
547 2701 700 2735 83—86.

227 2832 241 2847 ἃ
269 2827 328 2860 Sic
354 2827 493 2870 quidem
520 2836 603 2868 ap.;
626 2825 686 2857 sed
711 2828 742 2857 et
761 2827 911 2867 propter
936 2835 994 2863 ecc,
1032 2835 1121 2867 qnae
1147 2824 1221 2858 Pol.
1249 2824 1291 2857 de
1317 2824 1469 2868 „Officio
1494 2820 1664 2857 rectoris“
1693 2824 1748 2855 15.
1775 2821 1881 2855 Febr.

111 2884 203 2916 1561
233 2881 378 2915 Canisio
403 2880 547 2922 scripsit
574 2879 706 2921 (supra
725 2888 765 2920 p.
792 2877 858 2919 48)
871 2903 881 2921 ‚
916 2882 945 2910 et
964 2882 1116 2920 propter
1141 2888 1202 2921 ea,
1241 2888 1330 2920 qnae
1354 2878 1447 2910 idem
1472 2877 1514 2910 de
1539 2877 1655 2910 eodem
1682 2876 1800 2918 officio
1826 2874 1883 2907 hic

109 2935 206 2978 dicit,
233 2935 342 2978 leyere
366 2933 512 2966 malim:
537 2930 639 2976 copia
666 2932 731 2973 (z
759 2930 985 2973 exemplum).
1130 2930 1146 2950 ¹¹
1172 2930 1271 2963 oroni
1297 2942 1356 2974 ap.

109 3066 289 3101 Riokman
323 3065 550 3100 Leodiensis“
592 3063 693 3107 (cod.
730 3063 793 3106 „Gn
820 3063 885 3108 Ep.
913 3063 965 3097 II“
1005 3063 1028 3097 f.
1056 3062 1133 3097 372.
1168 3062 1273 3107 412);
1313 3063 1356 3097 de
1392 3074 1461 3107 quo
1497 3062 1543 3097 cf.
1584 3063 1673 3096 Can.
1710 3060 1801 3106 Epp.
1838 3060 1883 3102 II,

112 3120 214 3154 512⁸.
253 3120 306 3154 De
331 3119 371 3154 P.
398 3118 592 3153 Francisco
619 3116 783 3162 Scipione
810 3116 843 3151 S.
872 3116 905 3151 J.
933 3116 1015 3150 vide
1042 3116 1171 3151 ibidem
1198 3127 1231 3160 p.
1258 3115 1361 3150 4381.
1389 3116 1469 3150 547.

235 3174 245 3193 ¹
272 3172 349 3207 Hae
374 3183 565 3217 superesse
587 3182 658 3204 non
683 3169 863 3204 videntur.
