2093 3444
261 164 339 199 504.
375 163 424 197 Io.
452 163 494 197 de
521 162 683 196 Victoria
710 160 864 196 Canisio.
906 161 1119 196 Vindobona
1145 163 1227 196 ante
1254 161 1410 195 medium
1438 173 1484 195 m.
1513 161 1587 195 Ian.
1616 172 1646 194 a.
1679 161 1779 195 1561.
1856 164 1908 204 13

134 281 294 326 pontifici
330 292 371 314 ea
406 280 694 313 renuntiaturum
733 278 838 322 (Can.
875 278 964 323 Epp.
992 279 1044 320 II,
1081 278 1298 321 599-—600).
1353 278 1469 320 Atque
1508 288 1599 310 anno
1638 276 1780 320 quidem
1819 277 1908 312 1560

134 336 316 380 postrema
352 332 526 367 eiusmodi
561 332 689 366 relatio
717 332 809 365 inter
840 332 867 365 1.
903 334 938 365 et
965 332 996 366 7.
1023 331 1231 366 Decembris
1267 342 1287 365 a
1323 330 1464 365 Canisio
1502 330 1649 363 Romam
1685 330 1795 364 missa
1831 332 1909 364 erat

136 387 234 431 (ibid.
263 387 312 428 11,
341 386 557 429 766-769).
610 385 698 419 Cum
735 387 856 419 autem
889 384 1067 419 Polancus
1094 385 1208 419 Lainii
1244 385 1385 418 nomine
1412 383 1525 416 Roma
1551 384 1607 416 25.
1635 383 1790 417 Ianuarii
1819 384 1906 418 1561

136 440 278 475 Canisio
315 439 458 474 scribit:
501 439 639 482 „Hoggi
666 438 695 472 si
723 441 741 471 e
768 439 930 472 riceuuta
957 439 1077 482 quella
1104 438 1138 472 di
1165 439 1208 472 V.
1236 438 1277 471 R.
1306 438 1341 471 di
1368 438 1435 471 .11.
1464 436 1520 470 del
1547 439 1725 480 presente.
1760 437 1908 471 insieme

135 506 201 528 con
225 493 250 527 li
278 493 368 527 auisi
395 492 487 526 delle
513 504 595 526 cose
622 492 657 526 di
677 491 903 533 Germania&
936 491 1029 526 hanc
1056 492 1265 525 relationem
1294 491 1336 524 ab
1364 502 1404 524 eo
1431 489 1626 533 significari
1654 489 1743 524 satis
1770 492 1907 524 certum

135 549 200 581 est.
260 546 386 590 Neque
422 546 560 586 obstat,
606 545 699 589 quod
736 545 901 579 Canisius
937 545 1117 590 principes
1152 546 1395 589 protestantes
1430 543 1652 586 Naumburgi
1690 546 1905 577 conventum

133 600 302 635 habuisse
329 599 493 644 scripsit3
520 599 659 633 sciebat
685 598 788 638 enim,
816 598 958 632 litteras
984 610 1069 632 suas
1096 601 1179 632 ante
1205 598 1261 632 23.
1284 597 1343 631 vel
1362 597 1418 631 24.
1438 596 1593 630 Ianuarii
1613 596 1725 630 Sociis
1752 597 1907 631 romanis

134 654 306 688 traditum
334 665 403 686 non
429 652 484 687 iri.

254 705 354 748 Quod
381 718 484 751 porro
513 705 679 740 Canisius
712 705 998 747 „coruscationes
1029 705 1173 747 igneas“
1206 704 1410 748 similiaque
1439 703 1518 737 visa
1545 714 1623 737 esse
1650 706 1783 745 narrat,
1810 706 1908 737 nota-

133 762 209 795 tum
246 761 316 794 iam
352 762 408 794 est
435 759 533 803 (ibid.
562 759 613 800 II,
652 758 772 801 714⁸),
808 758 941 792 multas
977 758 1149 792 eiusmodi
1186 758 1379 792 relationes
1415 758 1491 790 tum
1528 756 1758 791 circumlatas
1794 757 1908 799 iisque

134 813 279 849 facilius
304 813 411 848 fidem
436 813 597 847 habitam
625 824 714 846 esse.
762 812 882 856 Atque
909 812 965 846 28.
992 811 1201 846 Decembris
1231 812 1321 845 1560
1347 823 1411 856 per
1436 812 1550 844 totam
1576 810 1651 844 fere
1679 809 1908 844 Germaniam

135 867 309 902 eiusmodi
344 869 511 912 portenta
537 866 579 900 de
607 865 705 899 caelo
732 865 829 899 facta
857 877 936 899 esse
968 866 1195 899 Christianus
1220 866 1434 908 Wurstssen,
1471 865 1676 908 protestans
1702 863 1762 896 1116
1789 875 1909 897 rerum

136 920 475 955 mathematicarum
500 920 536 954 in
561 919 799 953 universitate
826 919 1018 953 basileensi
1046 918 1242 963 professor,
1274 918 1309 951 in
1340 918 1513 951 Chronico
1539 917 1732 952 basileensi
1758 929 1788 951 a.
1819 917 1908 951 1580

135 975 301 1009 Basileae
337 974 490 1019 primum
528 984 661 1007 excuso
696 971 838 1006 notavit
866 972 1028 1015 (Bassler
1055 972 1235 1006 Chronick
1262 971 1308 1016 [3.
1337 971 1450 1012 Aust,
1478 970 1586 1005 Basel
1615 970 1718 1014 1883]
1747 982 1777 1015 p.
1808 971 1907 1013 448).

134 1028 253 1062 Facile
289 1030 411 1062 tamen
447 1027 543 1062 credi
568 1027 738 1071 possunt,
776 1037 867 1069 quae
895 1025 937 1059 de
973 1025 1168 1060 sceleribus
1204 1025 1370 1059 nefandis
1401 1037 1420 1058 a
1448 1024 1659 1058 Moscovitis
1695 1024 1730 1058 in
1756 1023 1906 1058 Livonia

136 1081 290 1126 patratis
318 1081 483 1115 Canisius
510 1080 606 1114 dicit.
656 1079 750 1113 Nam
780 1080 992 1113 Gnilz'elmns
1019 1080 1386 1122 Brundenbeomensi-5¹,
1420 1077 1711 1122 archiepiscopus
1738 1077 1903 1120 rigensis,

135 1147 165 1169 a.
195 1135 284 1169 1559
313 1135 355 1168 de
381 1134 507 1168 iisdem
526 1132 737 1167 Moscovitis
764 1132 981 1166 affirmavit:
1019 1131 1090 1176 [Sie
1117 1131 1247 1176 haben]
1280 1132 1371 1173 „viel
1396 1131 1622 1175 Jungfrauen
1647 1131 1719 1165 vnd
1746 1130 1905 1165 ehrliche

134 1189 321 1223 Matronen
356 1187 560 1233 peinlichen
586 1186 825 1230 geschendet,
866 1214 872 1220 .
902 1213 908 1219 .
938 1213 944 1219 .
974 1187 1029 1219 die
1056 1185 1200 1219 kleinen
1237 1185 1499 1228 vnschuldigen
1535 1184 1735 1218 kinderlein
1765 1212 1770 1218 .
1800 1212 1806 1218 .
1836 1212 1842 1218 .
1869 1184 1905 1217 in

135 1242 207 1276 viel
234 1242 362 1276 stucke
381 1241 579 1275 zerhauen⁴⁴
603 1242 669 1274 etc.
691 1240 939 1283 (Monumenta
957 1239 1128 1273 Livoniae
1154 1239 1324 1283 antiquae
1342 1238 1375 1272 V
1400 1238 1507 1282 [Riga
1532 1238 1602 1271 und
1622 1238 1769 1282 Leipzig
1790 1237 1905 1281 1847].

134 1295 351 1339 562—563).
403 1294 492 1328 Cum
519 1305 590 1338 qua
615 1293 819 1327 narratione
847 1295 1067 1336 congruunt,
1108 1304 1199 1337 quae
1226 1294 1422 1326 Baltleasar
1447 1293 1601 1325 Rassow
1628 1291 1842 1325 revaliensis
1868 1291 1904 1324 111

139 1349 337 1392 „Chronica
363 1349 425 1382 der
451 1348 621 1382 Prouintz
648 1347 836 1392 Lyffland‘*
869 1346 974 1390 (Bart
1002 1346 1106 1388 1584)
1136 1346 1160 1380 f.
1179 1346 1354 1380 46b—49b
1381 1348 1447 1379 etc.
1474 1345 1610 1380 scribit.
1650 1346 1769 1389 Atque
1796 1345 1904 1378 etiam

140 1404 202 1437 Th.
232 1404 444 1437 Schiemann
474 1402 512 1445 (l.
540 1413 569 1435 c.
596 1413 629 1446 p.
658 1401 736 1435 294.
766 1399 969 1442 302—303)
1006 1401 1224 1434 mentionem
1258 1399 1347 1433 facit
1386 1400 1468 1441 „der
1494 1398 1727 1433 Bestialitat.
1750 1426 1755 1432 .
1777 1425 1803 1437 .,
1839 1398 1905 1432 mit

134 1457 196 1491 der
232 1457 287 1490 die
322 1454 722 1490 tatarisch-russischen
759 1454 986 1488 Heerhaufen
1026 1481 1032 1487 .
1067 1482 1072 1486 .
1108 1481 1114 1487 .
1152 1454 1216 1487 auf
1247 1452 1522 1487 liviandischem
1559 1452 1680 1486 Boden
1716 1451 1904 1496 gehaust“.

134 1511 332 1545 Turcarum
359 1522 462 1555 porro
496 1512 633 1543 metum
665 1508 774 1542 etiam
800 1509 1059 1542 Ferdz‘nami'ns
1084 1509 1113 1541 I.
1141 1518 1266 1541 caesar
1301 1506 1501 1540 declaravit
1535 1505 1668 1540 litteris
1695 1505 1905 1539 Vindobona

135 1565 167 1599 5.
195 1564 351 1598 Ianuarii
379 1563 468 1598 1561
497 1563 541 1597 ad
568 1562 783 1607 prosperum
812 1561 855 1595 ab
882 1561 986 1603 Arco,
1015 1563 1190 1595 oratorem
1217 1572 1321 1594 suum
1348 1571 1544 1601 romanum,
1572 1560 1677 1600 datis,
1704 1559 1746 1593 de
1774 1559 1904 1602 quibus

134 1618 281 1663 scripsit
303 1618 365 1652 Th.
386 1618 513 1660 Stelcez,
540 1617 608 1650 Zur
627 1615 843 1650 Geschichte
871 1615 933 1649 des
961 1614 1101 1649 Concils
1126 1626 1198 1648 von
1220 1613 1345 1648 Trient
1374 1613 1496 1658 (Wien
1518 1613 1622 1656 1870)
1653 1625 1684 1658 p.
1707 1612 1903 1647 154-155,

136 1672 190 1706 Ac
217 1671 382 1716 Philippo
410 1671 455 1705 Π.
486 1671 659 1704 Claudius
694 1681 803 1703 comes
837 1670 878 1703 dc
903 1670 1032 1712 Luna,
1069 1668 1144 1702 eius
1180 1668 1274 1712 apud
1301 1679 1483 1702 caesarem
1519 1669 1657 1707 orator,
1693 1666 1905 1700 Vindobona

136 1726 168 1760 2.
195 1725 319 1759 Martii
347 1725 434 1759 1561
464 1724 506 1758 de
533 1735 679 1758 caesare
706 1722 871 1767 scripsit:
912 1722 1020 1765 „Esta
1053 1733 1117 1755 con
1143 1721 1247 1755 harto
1283 1723 1396 1755 temor
1422 1721 1493 1765 [del
1520 1720 1670 1764 Turca]‚
1706 1732 1770 1764 por
1795 1731 1840 1754 no
1867 1732 1905 1754 se

136 1779 248 1813 haber
283 1777 468 1813 concluido
503 1777 538 1811 la
573 1778 658 1822 paz“
691 1778 756 1810 etc.
811 1776 996 1820 (Marques
1030 1777 1071 1809 (lc
1104 1777 1140 1808 Za
1166 1776 1372 1809 Facu-santa
1408 1776 1462 1808 del
1488 1776 1604 1818 Valle,
1641 1773 1828 1808 Coleccion
1863 1774 1904 1807 (16

137 1833 369 1867 documentos
396 1831 549 1865 ineditos
574 1842 663 1876 para
688 1829 723 1864 la
749 1829 899 1863 historia
927 1829 968 1863 de
996 1829 1140 1874 Espafia
1165 1828 1316 1862 XCVIII
1343 1828 1498 1873 [Madrid
1528 1827 1642 1871 1891]⁷
1672 1828 1768 1865 198).

256 1885 311 1919 Ex
329 1884 477 1919 Polanci
494 1884 637 1926 litteris,
665 1895 754 1928 quas
773 1894 881 1928 supra
900 1883 985 1923 dixi,
1013 1882 1181 1925 colligere
1198 1882 1292 1920 licet,
1320 1881 1504 1916 relationis
1522 1881 1629 1915 huius
1655 1880 1903 1926 apographum

136 1951 199 1985 per
225 1939 392 1974 Ottonem
421 1937 639 1973 cardinalem
665 1938 917 1980 Augustanum
944 1936 1007 1970 Pio
1034 1935 1095 1970 IV.
1122 1939 1306 1970 ostensum
1333 1947 1423 1970 esse.

957 2060 1088 2102 504.

452 2155 516 2197 P.
549 2152 870 2198 IOANNES
903 2152 1001 2194 DE
1036 2150 1394 2194 VICTORIA
1428 2149 1483 2192 S.
1517 2150 1592 2202 J.9

720 2237 839 2270 rector
866 2234 1009 2278 collegii
1035 2232 1325 2272 vindobonensis,

887 2324 1161 2372 CANISIO.

526 2434 741 2472 Vindobona
767 2434 854 2470 ante
880 2432 1035 2470 medium
1062 2443 1108 2468 111.
1135 2430 1349 2468 Ianuarium
1375 2441 1408 2467 a.
1434 2430 1521 2467 1561.

259 2521 314 2555 Ex
331 2521 509 2554 Victoriae
533 2517 688 2564 epistula
706 2517 750 2551 ad
769 2516 932 2550 Lainium
951 2516 1034 2549 data
1053 2526 1166 2559 eaque
1185 2514 1420 2559 autographa.
1457 2513 1539 2548 Cod.
1565 2512 1625 2555 „G.
1645 2512 1709 2558 Ep.
1729 2512 1793 2547 lI.“
1815 2512 1839 2546 f.
1859 2513 1907 2546 4¹³.

263 2599 452 2642 Colleyiam
481 2598 765 2640 oem'pontanam.
818 2594 857 2628 P.
886 2593 1039 2627 Carolus
1068 2593 1183 2626 Grim.

263 2688 444 2729 Victoria
478 2687 726 2728 Vindobona
758 2686 827 2726 15.
861 2683 1074 2725 Januarii
1105 2684 1218 2725 1561
1255 2683 1306 2723 de
1338 2682 1387 2723 P.
1425 2681 1573 2722 Caroio
1608 2681 1796 2732 Granio,
1831 2679 1908 2720 col-

140 2755 238 2809 leyz‘z'
258 2753 580 2794 vindobonensis
606 2747 870 2804 „miozistt·o“,
896 2748 1163 2804 Ocnipontem
1186 2748 1385 2789 mittendo
1409 2746 1468 2788 ad
1489 2746 1696 2787 Laim‘um
1718 2745 1909 2799 scripsit:

143 2820 239 2873 „Ho
285 2819 437 2873 scripto
483 2818 524 2859 al
556 2816 702 2857 Paclre
735 2815 1007 2857 Pro‘zcinciale
1051 2814 1120 2855 che
1166 2813 1398 2854 clouemlosi
1438 2811 1538 2865 fare
1580 2811 1609 2852 il
1643 2810 1818 2865 Colleyio
1863 2809 1910 2850 di

141 2884 381 2940 Heispraclz
414 2883 484 2924 che
513 2881 651 2935 forsse
682 2895 763 2922 non
798 2881 919 2921 saria
949 2878 1069 2932 fuori
1102 2879 1148 2919 di
1172 2878 1388 2933 proposito
1420 2877 1605 2918 Maestro
1639 2876 1801 2928 Car-olo,
1833 2888 1910 2929 per

143 2951 308 2992 Rettore
336 2953 458 3004 parte
485 2961 565 3002 per
609 2960 719 2988 esser
761 2946 824 2987 iai
867 2947 904 2986 εὶ
950 2945 1184 2986 esset-citato
1231 2944 1274 2984 in
1316 2947 1453 2998 questo
1498 2942 1656 2996 neqotio
1690 2940 1908 2982 domestico

138 3020 263 3071 parte
288 3029 370 3070 per
400 3027 478 3055 saa
512 3014 646 3054 salute
662 3025 743 3066 per
775 3011 844 3052 che
872 3024 981 3065 pare
1014 3009 1084 3051 che
1116 3023 1199 3064 qua
1232 3009 1263 3049 li
1288 3007 1453 3062 offende
1476 3008 1593 3048 assai
1624 3010 1761 3061 questo
1794 3009 1908 3046 rento

144 3086 179 3123 et
208 3080 334 3134 fredo
360 3093 440 3135 per
471 3079 502 3119 il
533 3078 604 3119 che
634 3081 742 3119 tutta
783 3079 926 3131 questa
968 3075 1190 3116 hibernam
1233 3074 1357 3128 quasi
1397 3087 1479 3114 non
1520 3087 1538 3113 6
1568 3072 1693 3113 oscito
1731 3071 1777 3112 cli
1808 3083 1908 3111 casa

142 3147 213 3188 vix
247 3145 357 3187 della
388 3144 553 3199 stapha.
565 3142 583 3160 “
