2093 3444
218 166 302 206 282
550 162 629 196 617.
667 160 832 195 Canisius
858 159 1022 195 Cornelio
1048 158 1204 193 Herleno
1230 170 1251 193 a
1276 158 1474 193 Rosenthal
1500 160 1536 192 et
1561 158 1652 193 aliis.

214 284 391 331 tunum,
434 280 494 322 sic
528 281 581 322 ab
615 279 788 335 optimis
828 278 1067 331 quibusque
1109 276 1308 319 certatim
1351 276 1598 327 extollitur,
1642 277 1754 331 quod
1796 276 1985 331 episcopi

216 360 385 400 quoque
425 345 619 388 nonnulli
660 345 723 387 ita
760 343 829 398 pie
871 344 1116 394 sectantur,
1160 344 1209 384 vt
1249 340 1407 383 scholis
1448 355 1533 383 non
1574 355 1657 383 vno
1697 341 1742 383 in
1781 342 1875 384 loco
1915 355 1984 384 re-

214 411 446 454 stituendis
488 411 729 464 studijsque
773 406 1080 464 promouendis
1124 406 1281 449 seriam
1326 420 1489 448 nauare
1533 421 1708 461 operam
1752 410 1939 461 pergant
1954 408 1982 450 1.

214 478 378 519 Verum
409 476 473 518 illi
505 476 740 518 secundum
772 475 911 516 Deum
945 472 1110 526 primae
1153 472 1385 522 debentur,
1429 471 1500 525 qui
1540 486 1630 513 rem
1673 472 1873 523 arduam,
1918 471 1984 513 in-

213 542 421 584 usitatam
455 544 753 595 sumptuosam
786 538 934 580 multis
967 537 1099 579 etiam
1132 536 1476 591 repugnantibus
1509 551 1640 578 ausus
1681 540 1749 580 est
1789 536 1983 590 aggredi,

212 610 257 650 et
288 608 497 661 perficere
529 606 684 660 potuit,
718 607 768 647 vt
800 601 1075 658 gymnasium
1108 601 1189 643 hoc
1221 602 1272 644 D.
1307 601 1573 655 Hieronymo
1606 616 1779 644 sacrum
1812 604 1986 645 extaret

212 675 344 725 atque
375 672 560 725 vigeret.
625 670 717 713 Nec
759 671 826 711 est
871 669 1078 710 obscurus
1110 666 1205 718 ille,
1249 681 1374 720 quem
1415 666 1590 708 honoris
1622 667 1766 720 gratia
1797 667 1983 719 nomino,

211 752 375 791 vosque
423 735 771 778 liberalissimum
817 732 1065 776 academiae
1108 732 1233 774 huius
1277 732 1554 774 fundatorem
1598 735 1643 775 et
1686 733 1985 775 Maecenatem

213 817 309 845 esse
343 806 539 845 vestrum
571 801 685 843 haud
719 804 883 843 temere
916 797 1181 852 gloriamini,
1227 797 1427 838 nimirum
1460 797 1785 840 laudatissimus
1818 800 1862 840 et
1894 811 1985 839 am-

213 867 432 923 plissimus
458 868 612 917 Heros,
647 865 887 908 Cardinalis
920 867 964 906 et
997 863 1224 918 episcopus
1246 865 1394 904 noster
1415 862 1468 905 D.
1493 862 1648 904 OTHO
1673 862 1984 914 TRVCHSES,

215 948 341 987 quem
376 936 426 975 vt
458 934 712 987 praesentes
754 929 912 972 aemuli
945 928 1133 970 maxime
1166 927 1413 981 negligant,
1456 929 1604 969 tamen
1645 927 1807 981 posteri
1838 927 1986 970 multis

215 998 458 1041 nominibus
490 998 606 1040 inter
638 995 820 1039 eximios
853 993 1074 1037 antistites
1096 993 1396 1043 recensebunt,
1429 992 1680 1047 suspicient,
1714 995 1846 1046 atque
1875 993 1986 1035 cele-

214 1064 415 1107 brabunt.
480 1063 606 1105 Certe
638 1061 730 1104 fieri
771 1075 857 1103 non
897 1073 1024 1114 posse
1057 1072 1234 1108 censeo,
1278 1058 1378 1111 quin
1410 1057 1478 1099 hic
1516 1057 1690 1111 sapiens
1723 1057 1986 1100 architectus

218 1129 426 1171 domum
449 1129 571 1170 vobis
604 1141 770 1181 snpra
802 1128 1015 1180 petram
1048 1123 1130 1166 rite
1162 1123 1543 1165 fundauerit2:
1578 1123 1762 1173 domum,
1796 1123 1984 1176 inquam,

218 1194 469 1236 liberalibus
502 1193 722 1246 sacrisque
745 1190 900 1245 studijs
931 1190 994 1232 ita
1016 1191 1328 1238 consecratam,
1363 1189 1534 1230 domum
1557 1187 1730 1231 selectis
1753 1202 1803 1230 ac
1835 1187 1986 1242 peritis

216 1259 534 1314 professoribus
568 1260 846 1306 exornatam,
890 1255 1125 1310 praeclaris
1167 1257 1212 1297 et
1243 1253 1325 1308 pijs
1357 1253 1524 1307 legibus
1556 1253 1869 1302 instructam3,
1912 1253 1986 1295 de-

218 1325 417 1379 centique
449 1337 620 1378 semper
653 1322 801 1364 ordine
833 1320 1196 1363 administratam.
1260 1319 1392 1362 Stetit
1423 1319 1498 1360 illa
1530 1319 1627 1360 Dei
1661 1318 1899 1370 domus4,
1943 1321 1987 1360 et

218 1404 348 1445 porro
370 1389 627 1431 inconcussa
660 1388 727 1441 (vt
750 1386 818 1441 pie
842 1386 1139 1428 confidendum
1162 1384 1246 1437 est)
1269 1384 1484 1438 perstabit
1506 1383 1772 1437 Hieronymo
1796 1385 1986 1434 fauente,

217 1455 474 1508 Christoque
508 1454 637 1504 duce,
682 1452 860 1495 custode
895 1455 1026 1504 atque
1068 1453 1329 1505 protectore.
1393 1449 1519 1491 Hunc
1559 1448 1603 1490 in
1644 1449 1823 1490 summis
1855 1448 1987 1491 etiam

218 1520 634 1575 oppugnationibus,
678 1518 720 1560 in
758 1517 912 1571 medijs
952 1516 1140 1559 hostium
1182 1515 1348 1568 insidijs
1390 1515 1638 1557 academiae
1671 1517 1846 1557 vestrae
1887 1528 1987 1569 pro-

217 1586 372 1640 pitium
405 1586 559 1627 adesse
601 1587 644 1627 et
676 1597 879 1638 praeesse
921 1596 967 1624 re
1007 1582 1103 1637 ipsa
1144 1581 1352 1624 sensistis,
1416 1580 1579 1622 Verum
1622 1579 1735 1633 quod
1767 1579 1851 1622 iam
1886 1579 1987 1621 olim

217 1651 269 1693 de
302 1651 460 1706 populo
493 1650 573 1692 Dei
606 1650 743 1691 electo
785 1648 996 1703 scriptum
1029 1649 1072 1689 et
1105 1647 1270 1689 factum
1311 1645 1513 1699 legimus,
1556 1645 1599 1687 in
1631 1659 1709 1687 vos
1741 1645 1913 1698 quidem
1944 1644 1988 1686 id

216 1717 440 1771 praeclare
473 1716 680 1769 quadrat,
718 1718 761 1757 et
795 1716 954 1756 euentu
987 1713 1314 1767 comprobatum
1348 1714 1436 1754 est:
1479 1710 1692 1760 Quanto
1726 1710 1886 1764 magis,
1921 1709 1987 1752 in-

217 1781 322 1835 quit,
357 1781 719 1836 opprimebant
753 1793 859 1828 eos,
899 1777 1136 1832 aduersarij
1171 1776 1396 1826 videlicet,
1439 1779 1588 1819 tanto
1623 1775 1783 1829 magis
1815 1775 1986 1817 multi-

215 1847 580 1901 plicabantur
621 1848 786 1898 atque
829 1843 1207 1886 crescebant5.
1281 1842 1514 1884 Confirmet
1556 1841 1599 1883 in
1638 1841 1760 1883 vobis
1801 1841 1874 1882 ille
1915 1839 1986 1894 qui

216 1912 372 1966 coepit,
407 1912 633 1954 confirmet
664 1924 818 1965 precor
850 1909 1003 1951 DEVS
1027 1908 1150 1951 OPT.
1174 1907 1313 1949 MAX.
1348 1909 1392 1949 et
1424 1907 1624 1949 absoluat
1655 1906 1766 1948 hanc
1797 1904 1986 1959 gratiam

216 1991 293 2031 pro
325 1977 536 2018 immensa
567 1979 659 2018 tuni
693 1975 878 2025 virtute,
921 1978 1014 2017 tum
1047 1973 1243 2015 bonitate
1280 1986 1380 2022 sua,
1423 1971 1676 2025 fructusque
1708 1970 1863 2025 studijs
1894 1973 1985 2012 tam

216 2042 299 2096 pijs
332 2056 461 2095 quam
494 2041 687 2083 honestis
721 2043 918 2095 optatos,
957 2039 1038 2081 hoc
1071 2041 1159 2089 est,
1204 2037 1425 2079 Ecclesiae
1467 2037 1690 2079 commodo
1731 2035 1984 2086 seruientes,

219 2107 273 2148 ad
305 2107 370 2148 sui
403 2107 588 2149 nominis
610 2106 899 2148 immortalem
923 2104 1106 2158 gloriam
1129 2103 1355 2157 largiatur.
1399 2101 1627 2156 Augustae
1651 2100 1984 2151 Vindelicorum,

218 2172 367 2214 Mense
400 2171 649 2222 Nouembri,
684 2185 797 2213 anno
830 2172 930 2225 post
962 2169 1258 2212 CHRISTVM
1288 2170 1439 2210 natum
1473 2169 1529 2210 M.
1563 2168 1615 2210 D.
1648 2167 1758 2209 LXI.

340 2262 439 2304 Quod
466 2263 509 2297 ad
537 2275 616 2306 eos,
645 2263 773 2307 quihus
801 2262 964 2297 Canisius
991 2261 1056 2295 has
1082 2260 1224 2295 litteras
1250 2259 1451 2305 inscripsit,
1487 2259 1636 2301 attinet,
1664 2258 1768 2300 Otto,
1795 2256 1986 2292 cardinalis

219 2318 254 2350 et
281 2316 468 2361 episcopus
493 2319 726 2360 augustanus,
755 2315 920 2358 Dilingae
941 2314 1168 2358 (Dillingen),
1195 2313 1286 2358 quod
1307 2313 1457 2347 Suebiae
1478 2312 1587 2356 (nunc
1605 2311 1797 2355 Bavariae)
1818 2310 1985 2356 oppidum

218 2370 397 2415 episcopis
423 2370 635 2414 augustanis
670 2370 706 2403 in
733 2369 899 2404 civilibus
935 2369 1041 2402 etiam
1069 2368 1176 2402 rebus
1202 2367 1403 2401 subiectum
1438 2377 1631 2410 eorumque
1657 2365 1732 2400 fere
1767 2364 1871 2399 sedes
1898 2365 1985 2406 erat,

217 2435 310 2457 anno
338 2424 428 2457 1549
456 2423 684 2468 gymnasium
712 2423 889 2467 quoddam
921 2422 999 2456 sive
1032 2421 1222 2464 collegium
1254 2420 1395 2463 „Sancti
1421 2419 1665 2464 Hieronymi“,
1700 2418 1736 2452 in
1763 2429 1831 2462 quo
1866 2416 1986 2451 adule-

218 2478 362 2511 scentes
380 2479 415 2510 et
433 2476 608 2522 imprimis
627 2476 660 2517 ii,
680 2475 741 2520 qui
759 2476 803 2510 ad
822 2474 1108 2510 ecclesiasticum
1127 2474 1284 2508 ordinem
1303 2473 1514 2518 aspirarent,
1542 2472 1586 2506 ad
1602 2472 1744 2506 litteras
1762 2474 1798 2505 et
1814 2471 1987 2516 pietatem

215 2529 502 2571 instituerentur,
529 2529 748 2564 condiderat.
801 2528 865 2563 Cui
891 2528 1170 2562 universitatum
1196 2526 1421 2572 parisiensis,
1448 2525 1677 2560 bononiensis
1703 2526 1770 2559 etc.
1798 2523 1986 2569 privilegia

216 2594 247 2617 a.
271 2583 357 2617 1551
387 2594 407 2616 a
433 2582 524 2616 Iulio
543 2583 604 2616 111.
632 2582 800 2627 pontifice
827 2582 968 2621 donata,
995 2592 1025 2615 a.
1048 2580 1138 2615 1553
1164 2592 1184 2614 a
1203 2579 1328 2614 Carolo
1342 2579 1386 2614 V.
1412 2579 1628 2624 imperatore
1655 2577 1865 2612 confirmata
1889 2578 1984 2611 sunt.

215 2636 314 2670 Inter
348 2636 482 2681 primos
512 2635 762 2670 universitatis
789 2634 994 2677 dilinganae
1027 2634 1250 2679 professores
1276 2633 1406 2667 Petrus
1433 2643 1453 2666 a
1479 2631 1563 2666 Soto
1590 2631 1630 2666 O.
1658 2631 1736 2672 Pr.‚
1773 2629 1986 2665 Guilielmus

216 2689 415 2731 Lindanus,
442 2689 621 2723 Martinus
648 2688 859 2728 Rithovius,
886 2686 1183 2721 Bartholomaeus
1209 2685 1436 2720 Kleindienst
1462 2683 1502 2719 O.
1530 2684 1603 2725 Pr.‚
1630 2684 1809 2718 Martinus
1836 2682 1986 2717 Olavius

339 2824 349 2845 ¹
377 2824 542 2858 Canisius
568 2822 760 2868 praecipue
779 2822 946 2856 Ioannem
973 2832 994 2855 a
1012 2821 1121 2855 Petra
1148 2822 1184 2854 et
1205 2819 1388 2854 Danielem
1406 2819 1560 2853 Brendel
1585 2807 1844 2861 ab⁶Homburg‚
1871 2815 1984 2851 archi-

217 2877 402 2923 episcopos
428 2880 671 2911 treverensem
698 2877 735 2909 et
762 2874 1020 2919 moguntinum,
1047 2873 1252 2918 significare
1277 2873 1431 2913 videtur,
1467 2871 1527 2916 qui
1553 2871 1660 2916 paulo
1685 2872 1770 2904 ante
1796 2869 1985 2904 Societatis

217 2930 370 2974 collegia
396 2930 564 2964 Treveris
591 2931 627 2963 et
652 2928 861 2972 Moguntiae
886 2927 1130 2962 instituerant.

338 2984 350 3003 ‘²
376 2983 507 3017 Matth.
536 2983 567 3023 7,
593 2983 650 3016 25.
700 2982 784 3016 Luc.
812 2981 844 3023 6,
870 2980 927 3015 48.

338 3037 351 3056 ³
376 3035 454 3069 Hae
479 3035 580 3079 leges
605 3034 704 3080 typis
729 3033 935 3079 exscriptae
960 3034 1046 3068 sunt
1070 3032 1205 3067 Romae
1231 3043 1263 3066 a.
1292 3032 1382 3066 1553
1409 3033 1445 3066 et
1470 3031 1637 3075 Dilingae
1663 3041 1694 3064 a.
1724 3029 1833 3069 1557;
1861 3039 1984 3063 earum

217 3100 393 3124 summam
421 3089 567 3123 brevem
592 3088 713 3133 posuit
738 3089 879 3131 Braun,
906 3086 1074 3121 Bischcfe
1100 3086 1161 3127 III,
1189 3085 1389 3120 415—426.

338 3144 350 3162 ‘¹
378 3141 465 3175 Gen.
493 3142 548 3182 28,
578 3142 630 3175 17.
683 3140 741 3174 Ps.
769 3141 824 3180 91,
854 3140 908 3174 14.
959 3140 1044 3174 Luc.
1072 3140 1104 3180 6,
1129 3139 1153 3173 4
1178 3142 1245 3173 etc.
1392 3139 1405 3158 ⁵
1432 3137 1497 3172 Ex.
1526 3137 1557 3178 1,
1585 3137 1639 3171 12.
