2093 3444
222 146 304 180 641.
343 144 508 179 Canisius
534 144 719 190 Alphonso
746 144 956 180 Salmeroni.
999 146 1092 189 Aug.
1118 145 1225 180 Vind.
1255 146 1308 180 13.
1336 146 1546 181 Decembris
1575 148 1675 181 1561.
1747 150 1829 191 327

883 264 1005 306 641.

800 357 1098 406 CANISIUS

508 454 907 498 ALPHONSO
943 455 1391 508 SALMERONI,

614 537 752 571 vicario
779 538 941 580 generali
968 537 1162 573 Societatis
1187 538 1281 572 Iesu.

498 618 668 666 Augusta
694 618 970 655 Vindelicorum
997 619 1045 656 13.
1072 619 1282 656 Decembris
1308 618 1394 655 1561.

181 703 237 736 Ex
262 702 468 747 apographo
495 702 630 736 recenti
659 702 743 745 (A),
780 703 871 746 quod
909 714 953 736 ex
980 703 1176 749 archetypo
1203 723 1249 727 -
1276 702 1441 738 Canisius
1475 714 1541 738 sua
1575 714 1683 737 manu
1708 715 1837 738 nomen

67 755 260 800 („Se1·uus“
298 757 366 791 etc.
402 755 631 800 subscripsit)
660 775 704 778 —
731 755 767 789 in
803 756 878 790 cod.
911 756 970 798 „E.
998 755 1035 791 C.
1062 757 1097 790 Γι
1137 758 1160 792 f.
1190 758 1256 792 145
1293 758 1330 791 et
1365 768 1418 801 sq.
1445 768 1515 790 non
1550 756 1642 800 sign.
1673 757 1722 800 (n.
1752 757 1834 801 100)

61 809 178 855 posito
205 809 427 854 exscriptum
454 810 519 843 est.

181 863 315 897 Exstat
340 863 449 897 etiam
484 861 636 896 alterum
673 862 920 907 apographum
948 862 1031 906 (B),
1068 863 1160 907 quod
1187 863 1253 897 sub
1290 875 1319 897 a.
1350 863 1441 898 1860
1477 866 1625 897 curante
1651 865 1766 897 Boero
1793 875 1838 898 ex

63 916 186 951 eodem
212 916 428 962 archetypo,
464 916 659 960 scriptione
685 918 807 950 tamen
834 916 879 950 ad
905 918 1050 950 nostrae
1077 917 1208 951 aetatis
1234 928 1368 951 morem
1396 917 1681 957 accommodata,
1720 919 1837 951 trans-

63 970 237 1015 scriptum
264 972 329 1004 est.

182 1023 402 1057 Particulam
441 1021 676 1066 (germanice)
714 1022 834 1067 posuit
860 1024 1037 1057 Haonder
1063 1023 1085 1057 1.
1114 1035 1142 1057 c.
1179 1036 1212 1068 p.
1243 1024 1295 1058 10.
1347 1023 1511 1069 Epistula
1546 1024 1603 1058 usi
1638 1026 1722 1058 sunt
1755 1024 1837 1058 Sac-

64 1077 197 1121 chamas,
224 1076 318 1110 Hist.
347 1075 380 1110 S.
409 1076 441 1110 J.
469 1076 513 1117 ΙΙ,
540 1075 562 1110 l.
591 1077 622 1117 5,
649 1087 683 1110 n.
713 1076 776 1110 171
807 1078 843 1110 et
868 1077 984 1110 Kross-
1009 1077 1031 1110 1.
1060 1088 1088 1111 c.
1116 1089 1149 1121 p.
1179 1077 1376 1111 146—147.

186 1154 421 1197 Colleqeforam
447 1154 712 1186 austriacorum
738 1153 882 1186 dotatio.
933 1154 972 1186 P.
997 1154 1147 1187 Carolas
1177 1155 1281 1187 Grim
1310 1154 1500 1197 Oem'ponte
1524 1158 1640 1187 sancte
1664 1158 1836 1188 mortuas.

63 1207 259 1241 Mittemlas
292 1207 396 1249 illac,
432 1208 494 1250 qui
519 1207 622 1240 rebus
648 1207 782 1249 colleyc'i
809 1208 994 1250 parandis
1020 1218 1163 1250 operam
1191 1211 1310 1249 aare&
1345 1208 1430 1241 libri
1465 1207 1606 1250 colleyio
1641 1207 1697 1240 illa·
1723 1208 1836 1250 empti.

63 1261 261 1294 Iabilaeam
287 1261 429 1304 aliaque
464 1261 512 1293 ad
537 1261 723 1294 concilium
757 1261 963 1303 spectantia.
1013 1261 1171 1294 Pecunia
1196 1261 1345 1293 Romam
1379 1262 1561 1294 mittenda.
1612 1262 1694 1294 Dao
1724 1262 1839 1304 primi

68 1312 283 1348 Germaniae
319 1315 518 1357 superioris
557 1314 655 1347 Soca·
689 1324 814 1347 sacrae
852 1315 1067 1356 expeditioni
1107 1315 1244 1347 indicae
1280 1315 1456 1348 destinati.
1507 1315 1560 1347 De
1598 1316 1738 1358 ceteris,
1778 1315 1841 1357 qni

64 1368 209 1401 eandem
228 1369 428 1411 petierant,
463 1368 637 1400 indiciam
662 1368 841 1401 maiorum
868 1371 1099 1410 exspectatur.
1152 1368 1247 1401 Socii
1276 1368 1411 1411 fideles,
1446 1372 1485 1401 ‘at
1511 1368 1670 1401 ecclesiae
1696 1378 1840 1400 caasam

64 1422 138 1455 Deo
165 1422 411 1465 commendent,
437 1421 688 1454 hortabantur.

936 1487 963 1539 ἢ.

890 1564 917 1606 J
921 1578 1020 1605 esus

173 1639 267 1682 Pax
300 1639 461 1682 Christi
492 1640 715 1682 nobiscum
747 1640 1002 1682 Reuerende
1036 1641 1265 1683 admodum
1298 1640 1342 1682 in
1374 1640 1543 1683 Christo
1577 1640 1722 1685 Pater.

190 1723 241 1764 15
274 1722 537 1765 Nouembris
571 1723 698 1766 datas
731 1723 892 1777 accepi.
956 1723 1020 1765 De
1054 1722 1236 1777 collegio
1268 1722 1582 1777 OEnipontano
1614 1726 1663 1766 ut
1694 1724 1841 1765 firmos

64 1791 333 1843 prouentusa
364 1788 571 1843 accipiat,
608 1789 796 1832 scribam
829 1790 883 1832 ad
915 1789 962 1832 P.
997 1789 1258 1840 Victoriam,
1302 1792 1350 1832 ut
1381 1789 1418 1830 is
1450 1803 1528 1843 pro
1562 1789 1658 1844 alijs
1690 1788 1842 1831 itidem

64 1853 267 1908 Collegijs
301 1854 502 1896 dotandis
535 1854 812 1897 fundatorem
846 1855 1076 1897 Caesarem
1108 1855 1278 1908 Pragae
1312 1855 1554 1909 compellet.
1608 1855 1841 1909 Speramus

65 1933 163 1961 eum
194 1919 320 1961 modo
353 1919 543 1973 Pragam
577 1922 620 1962 et
652 1920 704 1962 D.
738 1920 952 1962 Paulum1
986 1920 1199 1962 Viennam
1233 1920 1325 1962 Deo
1360 1920 1466 1962 duce
1498 1920 1761 1974 peruenisse.

184 1984 386 2027 Absoluit
417 1985 595 2027 tandem
628 1985 747 2028 uitae
770 1999 875 2027 suae
907 2000 1089 2039 pensum
1111 1985 1158 2028 P.
1183 1985 1395 2027 Carolus2
1426 1985 1526 2029 foel.
1560 2000 1687 2030 mem.
1722 1988 1842 2040 post-

65 2064 195 2103 quam
227 2050 367 2092 tribus
401 2050 492 2104 egit
523 2050 743 2093 mensibus
777 2050 1045 2105 OEniponti,
1090 2064 1201 2103 quae
1243 2051 1298 2093 ad
1339 2052 1504 2093 statum
1539 2051 1630 2093 eius
1663 2050 1840 2105 Collegij

64 2115 308 2169 pertinent,
351 2115 583 2169 diligenter
624 2130 874 2170 procurans.
940 2116 1144 2158 Miseram
1187 2116 1241 2157 ad
1285 2115 1407 2157 illum
1449 2116 1777 2158 decumbentem
1820 2130 1843 2158 e

64 2180 294 2223 Monachio
327 2181 613 2232 sacerdotem,
648 2181 820 2235 iamque
842 2181 1027 2236 primum
1050 2181 1187 2223 sacris
1219 2181 1437 2224 initiatum
1460 2182 1507 2225 P.
1530 2181 1842 2224 Laurentium3

67 2246 342 2289 Germanum.
406 2246 555 2300 Jgitur
585 2250 686 2301 post
717 2247 967 2301 generalem
1000 2246 1119 2288 uitae
1152 2246 1499 2298 Confessionem‚
1539 2250 1639 2302 post
1670 2260 1843 2289 sacram

66 2310 409 2353 communionem
451 2315 495 2355 et
537 2315 780 2355 extremam
822 2311 1070 2355 unctionem
1110 2311 1180 2366 pie
1224 2315 1495 2366 susceptam,
1541 2315 1641 2367 post
1682 2312 1843 2354 multos

65 2376 237 2419 labores
278 2379 322 2419 et
365 2377 535 2419 dolores
576 2380 729 2420 sancte
766 2378 1002 2428 toleratos,
1044 2376 1088 2418 in
1119 2376 1305 2419 Domino
1347 2377 1542 2420 suauiter
1582 2377 1844 2420 obdormiuit

67 2444 106 2485 3,
141 2441 407 2493 Decembris,
440 2456 525 2484 uno
559 2445 604 2485 et
636 2443 774 2485 altero
809 2456 831 2484 e
864 2442 1058 2484 nostris4
1088 2442 1317 2485 Letaniam
1348 2445 1453 2485 tunc
1485 2443 1713 2486 recitante.
1757 2442 1843 2485 Re-

67 2507 263 2561 quiescat
295 2507 432 2549 bonus
453 2507 588 2551 Pater
620 2511 664 2550 et
696 2508 748 2549 de
780 2507 903 2549 nobis
925 2508 1035 2549 bene
1067 2507 1248 2550 meritus
1270 2507 1410 2550 frater
1439 2507 1484 2550 in
1507 2511 1689 2551 aeterna
1720 2521 1841 2562 pace,

65 2587 144 2627 pro
178 2572 298 2615 cuius
331 2572 475 2615 anima
507 2573 694 2628 petimus
727 2587 879 2627 preces
912 2575 956 2615 et
988 2572 1199 2615 sacrificia
1221 2573 1273 2615 R.
1298 2573 1346 2618 Τ.
1381 2576 1425 2616 et
1457 2573 1639 2615 aliorum
1673 2572 1844 2628 offerrjb

66 2637 251 2680 Domino
284 2652 340 2680 ex
370 2652 490 2680 more
523 2638 755 2681 Societatis
771 2639 800 2681 5.
858 2637 1068 2688 Quoniam
1100 2652 1204 2680 uero
1236 2638 1352 2680 idem
1383 2639 1430 2682 P.
1463 2638 1725 2682 Laurentius
1757 2652 1844 2680 non

187 2766 201 2781 ³
225 2762 420 2805 prouentos
446 2762 534 2796 AB.
632 2761 647 2781 ¹³
674 2760 783 2806 oferrj
811 2762 856 2794 A.

192 2874 201 2892 ¹
227 2871 437 2913 Hoffaeum3
464 2874 548 2908 vide
574 2884 685 2918 supra
711 2884 744 2917 p.
773 2872 852 2906 313.
953 2872 966 2893 ‘³
993 2871 1104 2907 Grim.

189 2925 202 2946 ³
227 2925 525 2968 Hermanutium;
553 2927 635 2961 vide
662 2937 772 2970 supra
797 2937 830 2970 p.
859 2925 961 2960 309⁹.

188 2980 202 2999 4
227 2978 267 3014 P.
294 2979 533 3014 Hermanutio
560 2982 596 3014 et
621 2979 660 3013 P.
688 2978 860 3013 Hermete
886 2979 1093 3024 Halbpaur;
1120 2979 1202 3013 vide
1229 2991 1338 3024 supra
1364 2991 1398 3024 p.
1426 2979 1505 3013 309.
1534 2978 1613 3013 312.

189 3033 202 3052 ⁵
229 3032 425 3074 Grimium,
464 3045 483 3067 e
508 3032 619 3067 nobili
644 3032 783 3066 familia
807 3032 975 3067 tirolensi
1000 3034 1117 3066 ortum
1147 3033 1295 3076 (Socher
1320 3032 1344 3067 l.
1371 3044 1400 3066 c.
1429 3044 1461 3077 p.
1490 3031 1573 3075 94),
1600 3031 1842 3077 Oenipontani

74 3096 267 3130 „perquam
301 3085 496 3120 honorifice
530 3086 568 3119 in
602 3085 781 3120 communi
815 3085 916 3120 urbis
950 3086 1164 3120 coemeterio
1199 3085 1438 3131 sepelierunt“
1473 3086 1661 3129 (Ayrz'cola
1696 3085 1718 3119 1.
1746 3096 1775 3119 c.
1814 3085 1841 3127 I,

69 3137 154 3173 Dec.
182 3139 224 3181 3.,
250 3151 286 3173 n.
312 3139 369 3174 46.
