2093 3444
196 182 275 217 686.
313 181 467 216 Sanctus
493 181 708 216 Franciscus
735 181 885 225 Borgias
913 182 1056 217 Canisio
1083 185 1119 217 et
1145 183 1235 217 aliis.
1280 183 1392 218 Roma
1420 185 1475 218 16.
1503 184 1589 219 Maii
1618 186 1718 220 1562.
1778 188 1860 228 437

91 299 226 348 cebit‚
269 300 412 342 isthuc
453 299 637 342 mittam.
702 299 835 353 Cupio
868 300 1107 354 Religionis
1150 315 1327 343 causam
1369 301 1411 343 in
1451 301 1631 345 Polonia
1672 304 1860 356 quietam

90 369 135 409 et
166 365 333 407 saluam
368 378 475 406 esse.
540 364 639 406 Non
671 367 874 418 possunt,
919 369 967 408 ut
999 366 1102 407 mihi
1135 366 1328 416 uidetur,
1372 367 1610 421 aduersarij
1646 369 1864 411 concitare

88 431 240 473 turbas
273 430 327 472 ad
350 429 571 483 synodum
595 429 901 484 dissipandam,
936 435 984 473 ut
1007 431 1144 474 uelint
1165 431 1367 475 maxime.
1412 432 1469 474 Et
1502 433 1700 486 quamuis
1732 434 1861 477 lente.

88 495 283 550 procedit
315 498 463 537 tamen
497 495 696 548 Synodus
730 495 875 537 diuina
908 496 1052 549 potius
1085 496 1262 539 fauente
1294 497 1461 550 gratia,
1503 512 1633 551 quain
1665 499 1863 541 humanis

89 561 252 603 uiribus
296 560 615 603 accedentibus
689 561 922 603 Confirmet
963 562 1172 603 Dominus
1217 562 1330 615 quod
1375 562 1517 617 coepit
1560 563 1604 605 in
1645 564 1861 607 Patribus,

90 626 232 668 Gallia
264 625 499 668 Concilium
532 626 812 668 uehementer
843 626 1093 677 illustrabit,
1128 627 1191 670 uti
1223 642 1462 682 speramus.
1522 629 1623 671 Sola
1655 629 1787 682 friget
1820 633 1861 672 et

89 691 247 734 dormit
289 691 544 741 Germania,
589 705 698 744 quae
739 691 856 733 misit
897 706 1026 733 unum
1071 692 1362 735 Lauantinum
1404 693 1666 748 Episcopum
1684 696 1710 737 1.
1778 695 1863 738 Det

89 770 238 810 pacem
263 756 474 798 Dominus
496 756 721 798 Ecclesiae
753 771 870 799 suae.
914 757 1086 800 Literas
1119 757 1347 800 adiunctas
1376 762 1547 801 mature
1579 759 1699 801 reddi
1732 760 1860 802 uelim

89 821 271 874 collegio
287 823 315 866 2.
361 822 571 871 Quartum
601 822 865 874 Colloquium
900 823 1066 865 tamdiu
1100 823 1393 866 desideratum
1425 824 1570 866 nescio
1604 824 1675 866 ubi
1707 826 1859 871 lateat.

89 890 134 930 et
166 901 300 940 quare
332 901 418 929 non
451 887 599 930 ueniat
632 887 710 928 sub
743 890 966 941 aspectum
995 888 1228 930 amicorum
1244 889 1272 931 3.
1316 888 1545 931 Aestiuum
1577 891 1658 932 hoc
1689 893 1861 945 tempus

86 952 289 1006 prohibet
321 952 435 994 domi
468 966 640 1006 semper
673 952 949 1003 delitescere,
984 953 1065 995 nisi
1097 953 1211 996 forte
1245 953 1301 995 sit
1334 957 1541 1007 aegrotus
1574 956 1751 1006 author,
1786 960 1861 999 aut

89 1017 161 1070 qui
193 1018 272 1059 sibi
306 1017 411 1060 uelit
445 1018 584 1059 solum
616 1017 786 1067 uiuere,
830 1018 1123 1071 maioremque
1157 1019 1423 1061 aemulorum
1463 1033 1589 1073 quam
1624 1020 1859 1063 amicorum

87 1083 302 1125 rationem
334 1083 507 1126 habere.
572 1083 781 1124 Dominus
823 1083 866 1124 in
899 1097 1022 1125 suam
1054 1084 1236 1137 gloriam
1279 1087 1452 1127 nostros
1486 1089 1632 1129 uertat
1664 1089 1858 1128 conatus.

89 1148 320 1202 Oeniponti
354 1150 378 1190 9
413 1148 515 1201 Maij
553 1149 679 1192 1562.

1038 1209 1197 1250 Seruus
1230 1208 1273 1250 in
1306 1209 1475 1252 Christo
1508 1210 1554 1252 P.
1589 1210 1797 1252 Canisius.

208 1296 495 1339 Ornatissimo
537 1297 631 1338 viro
674 1297 725 1339 D.
762 1297 951 1339 Martino
993 1298 1195 1339 Cromero
1238 1298 1445 1341 Sereniss.
1480 1299 1613 1352 Regis
1654 1300 1860 1342 Poloniae

87 1361 142 1404 ad
175 1362 295 1405 Caes,
329 1362 430 1405 Mai.
465 1363 656 1415 Legato.
699 1363 890 1404 Patrono
924 1362 1206 1415 singulariter
1241 1363 1432 1406 colendo,
1496 1364 1678 1417 Pragae.
1713 1390 1771 1395 —
1802 1365 1858 1407 Jn

87 1427 286 1470 absentia
327 1428 419 1470 eius
452 1428 708 1470 Reuerendo
741 1428 863 1470 Patri
895 1428 1070 1482 Rectorj
1105 1428 1283 1482 Collegij
1317 1429 1429 1483 apud
1462 1430 1512 1472 D.
1548 1430 1810 1473 Clementem
1828 1431 1859 1473 4.

207 1508 353 1544 Cromer
379 1510 604 1555 inscriptioni
630 1509 757 1544 harum
784 1509 988 1543 litterarum
1016 1509 1220 1544 adnotavit:
1254 1510 1329 1551 „14.
1355 1509 1461 1555 Maij“
1494 1509 1687 1555 [traditae]

908 1636 1038 1677 (386.

373 1727 696 1771 SANCTUS
728 1726 1179 1771 FRANOISCUS
1213 1727 1563 1781 BORGIAS,

720 1808 911 1844 Societatis
938 1810 1019 1844 Iesu
1045 1809 1213 1851 vicarius,

133 1893 390 1941 CANISIO
430 1894 508 1940 ET
549 1893 1000 1941 COMPLURIBUS
1041 1893 1210 1940 ALIIS
1251 1892 1617 1942 SOCIETATIS
1658 1894 1801 1942 IESU

727 1969 1210 2018 SUPERIORIBUS.

762 2071 874 2107 Roma
899 2071 946 2107 l6.
974 2070 1058 2107 Maii
1084 2071 1178 2107 1562.

203 2157 259 2191 Ex
284 2158 360 2192 cod.
392 2156 581 2199 „Defuncti
612 2156 866 2191 1557—1601“
897 2156 922 2190 f.
949 2168 1016 2190 non
1045 2156 1136 2199 sign.

202 2235 360 2268 Lav‘nins
385 2238 415 2267 et
441 2234 628 2268 Salmeron
660 2234 866 2267 Tridentum
896 2233 948 2266 ire
972 2234 1073 2266 inssi.

201 2324 255 2365 In
288 2325 460 2379 antiquo
485 2325 555 2365 illo
588 2324 775 2365 indiculo
792 2328 1113 2378 praeceptormn
1137 2337 1162 2364 (ι
1193 2325 1400 2378 supremis
1422 2325 1641 2366 Societatis
1662 2325 1853 2366 modera-

81 2389 243 2431 toribus
265 2390 399 2431 Sociis
421 2381 659 2441 missorem-t,
695 2389 745 2430 de
772 2403 850 2443 quo
873 2403 1005 2443 supra
1028 2403 1066 2443 p.
1092 2389 1176 2429 159
1200 2389 1357 2429 dictum
1381 2393 1450 2441 est,
1483 2390 1584 2431 haec
1607 2391 1651 2430 in
1675 2404 1712 2431 α.
1739 2391 1855 2431 1562

81 2460 224 2497 notata
258 2459 379 2497 smzt:
423 2455 490 2507 „A
523 2455 570 2496 di
602 2456 670 2496 16.
707 2454 754 2495 di
784 2455 946 2509 magsyio
984 2455 1022 2495 si
1062 2454 1323 2495 mcmdorono
1365 2455 1402 2495 Ze
1443 2455 1524 2496 due
1559 2456 1695 2509 polize
1727 2469 1853 2510 sopra

81 2520 110 2561 ἰ1
133 2521 296 2562 audatia
340 2520 385 2561 di
418 2520 471 2562 N.
505 2520 554 2561 P.
590 2520 641 2562 G.
678 2524 713 2560 et
746 2519 791 2560 P.
829 2519 995 2560 Vicarz'o
1037 2520 1078 2560 al
1119 2520 1289 2561 concilio
1330 2519 1596 2561 Lombardz'a
1634 2520 1682 2562 P.
1717 2520 1852 2562 Bene-

82 2586 211 2639 detto,
264 2585 475 2638 Tosoana,
522 2585 678 2640 Napolz‘
720 2590 755 2626 et
796 2585 967 2635 Sicilia,
1010 2584 1246 2639 Alemafflza
1279 2584 1328 2626 P.
1366 2585 1559 2638 Canisio,
1604 2585 1764 2627 Vienna
1799 2587 1850 2628 R.

81 2651 309 2706 Illaymztia
344 2652 377 2692 el
408 2651 583 2704 colonia,
618 2655 653 2692 et
686 2648 948 2704 δαναῖεζᾳηαᾶι

202 2794 401 2837 ¹Ange1us
439 2793 695 2834 Massarollus,
735 2792 876 2827 concilii
913 2793 1148 2834 secretarius,
1187 2793 1346 2835 notavit,
1384 2793 1579 2828 Herculem
1619 2793 1846 2837 „Rettinger“

81 2846 310 2892 [Rottinger],
337 2847 545 2892 episcopum
570 2846 807 2887 lavantinum,
835 2847 866 2880 6.
885 2846 972 2880 Maii
994 2846 1083 2881 1562
1110 2846 1320 2881 Tridentum
1346 2847 1537 2881 advenisse
1564 2849 1599 2881 et
1625 2847 1767 2881 Ioannis
1798 2847 1849 2881 Ia-

79 2900 156 2935 cobi
185 2900 328 2945 [Khuen
354 2901 397 2935 de
423 2899 571 2945 Belasy]
598 2899 859 2944 archiepiscopi
885 2899 1166 2943 salisburgensis
1201 2902 1470 2945 procuratorem
1496 2900 1532 2934 in
1559 2900 1710 2934 concilio
1737 2900 1849 2935 fuisse

81 2954 265 2999 (Thamar,
290 2954 385 2988 Acta
410 2954 567 2997 genuina
592 2954 618 2995 Ι,
648 2953 700 2987 12.
729 2953 837 2987 715*.
865 2953 963 2995 720).

199 3007 213 3028 ²
239 3006 428 3041 Societatis
455 3006 605 3050 collegio
632 3007 814 3051 pragensi.

199 3061 213 3081 ³
237 3060 315 3095 Hoc
345 3059 632 3104 „Colloquium“,
671 3059 832 3104 polonice
859 3070 879 3093 a
906 3059 1074 3094 Cromero
1109 3059 1177 3093 iam
1205 3059 1359 3101 editum,
1398 3059 1509 3094 latine
1546 3071 1626 3094 cum
1654 3060 1674 3094 3
1700 3059 1849 3104 reliquis

79 3125 110 3148 a.
139 3114 230 3149 1568
257 3113 425 3148 Coloniae
452 3112 663 3156 evulgatum
689 3114 764 3153 est;
791 3112 873 3147 vide
899 3123 1008 3157 supra
1034 3124 1067 3157 p.
1095 3112 1195 3146 317⁴.

198 3167 212 3188 ⁴
237 3166 394 3200 Henrico
420 3165 620 3200 Blissemio.
