2093 3444
281 182 361 217 591.
397 181 605 215 Leonardus
632 180 761 215 Kessel
789 180 944 215 Canisio.
989 180 1135 215 Colonia
1165 181 1218 214 11.
1247 180 1469 225 Septembris
1498 182 1599 216 1561.
1748 185 1829 226 211

55 299 256 354 cropedio
290 299 342 340 de
371 301 467 341 arte
489 298 756 353 Epistolari1
781 300 825 340 et
848 301 1003 340 catone
1016 299 1045 341 2.
1086 297 1202 348 Quas
1225 298 1364 340 nostri
1387 298 1590 341 Coloniae
1613 300 1834 342 Ciceronis

57 364 279 420 Epistolas
311 364 576 417 selegerunt,
613 363 798 406 libenter
831 363 1091 418 accipiemus
1109 364 1137 406 3.

177 431 241 472 De
274 429 461 471 Concilio
495 429 600 471 nihil
633 429 746 479 noui,
782 429 930 482 quieta
963 432 1181 482 utcunque
1213 428 1459 472 Germania.
1505 430 1746 472 Scriberem
1780 431 1835 473 ad

58 494 473 549 Archiepiscopum4
505 494 541 536 si
575 508 681 548 opus
715 496 843 536 esset.
890 494 1083 536 Salutem
1118 508 1173 536 ex
1205 508 1273 536 me
1300 495 1352 537 D.
1375 494 1576 536 Vicelio5
1609 498 1652 538 et
1685 495 1836 538 amicis

58 561 168 615 alijs.
215 560 368 603 Gratia
385 559 542 602 Christi
565 559 788 601 nobiscum
812 573 889 614 per
907 559 1062 603 omnia.
1099 559 1326 613 Augustae
1348 560 1558 614 postridie
1575 560 1837 603 Natiuitatis

59 627 198 669 Diuae
223 624 417 679 Virginis
447 627 572 667 1561.
618 625 979 667 Commendamus
1011 639 1090 667 nos
1122 625 1172 668 R.
1207 625 1255 667 T.
1290 625 1490 679 precibus
1522 628 1566 668 et
1599 626 1835 680 sacrificijs.

1010 707 1171 749 Seruus
1204 707 1246 748 in
1281 707 1452 750 domino
1485 708 1531 751 P.
1567 708 1776 753 Canisius,

179 797 208 850 †
239 796 494 838 Reuerendo
532 796 575 837 in
608 795 777 837 Christo
811 796 933 838 Patri
966 796 1179 850 Magistro
1212 796 1371 838 Joanni
1404 796 1561 839 Rhetio
1595 797 1838 839 Coloniensi

59 861 285 905 societatis
307 862 333 904 J
338 861 436 903 ESv
459 861 694 914 Theologo,
725 875 838 903 nunc
861 861 1008 914 agenti
1033 862 1076 903 in
1099 862 1199 903 aula
1222 862 1589 904 Reuerendissimi
1610 861 1839 917 Archiepi-

60 927 181 982 scopi
213 926 472 980 Moguntini.
507 926 774 980 Moguntiae.

182 1015 336 1050 Rethius
362 1014 447 1049 huic
472 1013 700 1059 inscriptioni
727 1014 936 1049 adnotavit:
969 1013 1208 1059 „Rescripsi“.

889 1138 1010 1180 591.

423 1231 487 1273 P.
520 1229 963 1273 LEONARDUS
997 1230 1287 1273 KESSEL
1323 1230 1378 1273 S.
1410 1230 1485 1283 J.9

687 1318 830 1362 collegii
857 1318 1072 1353 coloniensis
1099 1321 1226 1359 rector,

818 1403 1093 1451 CANISIO.

666 1511 813 1549 Colonia
838 1512 878 1549 ll.
906 1511 1132 1560 Septembris
1158 1511 1245 1548 1561.

190 1596 247 1632 Ex
273 1595 481 1642 apographo
507 1596 669 1631 eiusdem
693 1596 877 1641 temporis,
905 1596 949 1630 ab
976 1595 1054 1641 ipso
1072 1597 1230 1630 Kasseno
1257 1595 1391 1641 scripto
1418 1597 1455 1630 et
1479 1595 1533 1630 sic
1558 1595 1751 1640 inscripto:
1782 1595 1844 1638 „ad

70 1663 104 1697 p.
133 1650 350 1686 Canisium“.
404 1650 487 1685 Cod.
516 1650 627 1684 colon.
660 1650 804 1692 „Kess.“
836 1650 870 1683 in
899 1661 929 1684 a.
961 1651 1048 1684 1561
1078 1650 1102 1684 f.
1131 1650 1186 1684 31.

193 1729 294 1762 Duos
313 1729 434 1762 Socios
460 1729 500 1761 in
523 1728 755 1761 Germaniam
781 1728 1001 1771 superiorem
1027 1728 1143 1760 mittit.
1178 1728 1328 1760 Reineri
1345 1727 1463 1760 Fabri
1490 1727 1695 1769 (Fabricii)
1723 1728 1846 1760 virtus.

74 1782 172 1817 Socii
200 1782 349 1816 Colonia
376 1782 448 1815 alio
474 1782 583 1816 missi.
637 1782 723 1825 Spes
747 1792 921 1815 novorum
956 1781 1180 1825 colleyioram
1209 1781 1483 1814 condendorum.
1539 1780 1755 1814 Coloniensi}
1782 1781 1848 1813 col-

69 1837 154 1881 leyii
178 1841 302 1869 status.

607 1901 861 1943 Reuerende
895 1900 938 1942 in
972 1900 1142 1943 Christo
1176 1903 1314 1955 pater.

194 1983 410 2027 Mittimus
442 1984 493 2028 R.
527 1984 581 2028 V.
616 1984 722 2026 duos
764 1983 1007 2026 confratres
1042 1984 1099 2026 M.
1133 1982 1366 2025 Reinerum
1399 1982 1610 2034 Fabrum‚
1655 1986 1699 2026 et
1731 1983 1850 2024 Hen-

72 2050 212 2093 ricum
255 2049 519 2092 Culinarium
564 2049 814 2100 nostrumss,
864 2049 921 2091 M.
965 2048 1178 2090 Reinerus
1224 2048 1306 2090 hoc
1354 2062 1466 2090 anno
1514 2051 1739 2103 promotus
1784 2050 1852 2091 est

74 2115 289 2169 Magister
320 2115 502 2166 artium,
546 2129 624 2157 sua
656 2114 870 2157 modestia
903 2116 947 2156 et
980 2113 1232 2163 alacritate,
1277 2112 1588 2167 diligentiaque
1621 2114 1663 2155 in
1696 2113 1852 2168 studijs

198 2261 208 2281 ¹
235 2260 382 2304 Georgii
407 2272 480 2295 van
505 2259 736 2304 Langhveldt
763 2260 799 2304 (†
828 2259 956 2304 1558),
988 2259 1167 2294 brabantii
1197 2259 1259 2304 (ex
1286 2258 1433 2293 Gemert
1459 2258 1566 2303 orti),
1594 2270 1612 2292 e
1644 2258 1852 2301 „Fratribus

74 2314 174 2349 vitae
201 2314 435 2356 communis“‚
462 2314 523 2358 qui
550 2314 683 2348 scholis
709 2313 991 2354 buscoducensi,
1018 2313 1211 2353 leodiensi,
1251 2312 1499 2347 ultraiectensi
1527 2312 1735 2357 praefuerat
1761 2324 1852 2346 com-

76 2368 270 2413 pluresque
295 2367 407 2402 libros
432 2368 700 2412 grammaticos,
728 2367 957 2409 dramaticos,
983 2366 1207 2411 theologicos
1234 2366 1509 2411 conscripserat,
1540 2365 1757 2411 „Epistolica
1777 2392 1784 2400 .
1810 2393 1816 2400 .
1846 2393 1853 2400 .

75 2433 170 2466 quae
204 2420 436 2456 nihilominus
472 2421 642 2466 quicquid
678 2422 722 2455 ad
758 2421 874 2466 prima
900 2421 1112 2455 Rhetorices
1149 2420 1328 2455 elementa
1362 2419 1511 2461 attinet,
1547 2419 1719 2454 breuibus
1754 2431 1854 2465 prae-

75 2474 196 2520 cept-is
215 2474 322 2519 plane
340 2474 625 2520 complectitur“,
651 2474 807 2520 primum
826 2486 856 2509 a.
879 2474 970 2509 1543
989 2475 1212 2519 Antverpiae
1231 2473 1328 2508 edita
1347 2484 1426 2508 esse
1444 2473 1578 2514 fertur;
1609 2484 1639 2507 a.
1663 2473 1754 2507 1564
1773 2483 1853 2507 cum

76 2528 183 2563 titulo
214 2528 427 2571 „Methodus
449 2528 503 2563 De
522 2528 798 2563 Conscribendis
816 2527 1010 2573 Epistolis“
1034 2530 1101 2562 etc.
1133 2527 1302 2571 Dilingae
1329 2538 1463 2561 excusa
1490 2529 1546 2561 est
1567 2527 1619 2570 (J.
1639 2527 1685 2561 N.
1704 2527 1855 2571 Ραριιοί,

78 2581 271 2616 Memoires
308 2594 398 2627 pour
433 2581 549 2616 servir
585 2584 606 2616 a
631 2581 817 2616 I'Histoire
843 2581 1036 2616 Litteraire
1063 2581 1125 2615 des
1161 2581 1320 2626 dix—sept
1347 2579 1544 2614 Provinces
1579 2580 1642 2614 des
1668 2579 1855 2625 Pays-Bas

79 2636 114 2670 II
140 2634 318 2679 [Louvain
346 2634 464 2680 1768}
492 2636 692 2670 611—613.
726 2636 946 2669 Bibliotheca
972 2635 1132 2679 Belgica.
1167 2633 1438 2679 Bibliographie
1465 2633 1635 2676 generale
1661 2633 1724 2667 des
1742 2632 1854 2678 Pays-

79 2689 163 2723 Bas.
198 2689 381 2723 Premiere
406 2688 511 2723 serie.
545 2688 585 2723 T.
611 2688 733 2723 XVIII
761 2688 947 2732 [Gand-La
974 2688 1079 2734 Haye
1108 2686 1357 2731 1880—1890]
1384 2687 1432 2721 Μ.
1460 2687 1516 2722 80.
1544 2687 1592 2721 M.
1620 2687 1693 2730 87).

201 2742 214 2762 2
240 2742 380 2776 Latinis
406 2742 596 2776 sententiis
623 2743 700 2776 sive
733 2742 955 2787 „praeceptis
981 2741 1197 2776 moralibns“
1228 2741 1357 2776 incerti
1383 2740 1562 2784 auctoris,
1591 2751 1683 2784 quae
1711 2739 1856 2774 Catonis

80 2807 210 2830 nomen
236 2807 322 2841 prae
348 2807 388 2830 se
414 2796 556 2837 ferunt;
582 2795 665 2829 vide
696 2796 782 2830 Can.
810 2795 901 2840 Epp.
927 2795 954 2836 I,
983 2795 1083 2830 558⁵.

203 2850 216 2870 ³
242 2848 335 2883 Socii
362 2848 585 2883 colonienses
613 2848 669 2893 (P.
696 2849 849 2883 Ioannes
876 2848 1031 2883 Rethius
1042 2849 1076 2893 5³)
1114 2848 1184 2882 iam
1212 2850 1294 2882 ante
1322 2859 1352 2881 a.
1383 2846 1473 2881 1558
1505 2845 1747 2888 ,Selectarum
1775 2846 1856 2891 Epi-

80 2902 257 2937 stolarum
286 2901 468 2936 Ciceronis
494 2901 606 2936 libros
633 2902 673 2935 3“
704 2901 860 2935 edidisse
886 2901 1059 2936 videntur
1087 2901 1251 2945 (Hansen
1278 2900 1301 2934 1.
1329 2911 1359 2934 c.
1385 2911 1419 2944 p.
1449 2899 1551 2934 304⁵.
1577 2899 1677 2943 484).

203 2957 216 2976 ‘¹
242 2955 430 2990 Danielem
456 2955 621 2990 Brendel.

205 3009 218 3030 ⁵
244 3008 421 3053 Georgius
446 3008 609 3044 Vicelius
638 3007 803 3052 (Witzel)
837 3007 994 3050 „senior“
1036 3007 1095 3052 (de
1122 3018 1191 3051 quo
1218 3007 1299 3040 vide
1330 3007 1417 3041 Can.
1446 3005 1534 3050 Epp.
1562 3005 1597 3046 Ι,
1625 3005 1694 3040 588
1705 3006 1732 3049 ²³)
1770 3007 1857 3040 tunc

84 3062 294 3107 Moguntiae
321 3062 510 3097 habitabat
538 3062 596 3106 (F.
624 3063 730 3106 Falla,
757 3061 807 3095 Zu
833 3061 998 3096 Witzel's
1023 3060 1295 3105 Monographie,
1321 3059 1357 3093 in
1381 3057 1593 3102 „Katholik⁴‘
1621 3059 1678 3093 71.
1697 3058 1858 3103 Jahrg.1

85 3114 220 3160 [Mainz
247 3115 365 3160 1891]‚
395 3115 490 3160 136).

206 3169 220 3189 ⁶
245 3168 298 3204 De
323 3169 380 3204 his
406 3168 545 3203 duobus
570 3167 663 3210 vide,
691 3179 783 3213 quae
809 3167 876 3203 sub
903 3167 1019 3214 ipsam
1045 3168 1138 3201 hanc
1165 3165 1357 3212 epistulam
1385 3164 1560 3200 dicentur.

1510 3222 1578 3257 14*
