2093 3444
625 193 669 227 II.
705 193 932 227 Prooemium
960 192 1153 228 voluminis
1181 193 1290 228 tertii.
1729 209 1843 237 XXXI

66 310 209 353 rentia
251 310 496 365 expeditius
538 311 649 353 solvi
690 313 890 365 possent,
935 325 980 353 se
1024 325 1079 353 ex
1116 310 1276 353 Canisii
1317 310 1585 364 aliorumque
1625 313 1844 356 sententia

67 388 163 417 eam
204 376 402 430 proxime
442 390 520 430 per
551 376 598 419 P.
632 376 840 418 Natalem
881 376 925 417 in
967 376 1075 418 duas
1116 375 1362 431 provincias
1396 375 1589 419 dividere
1621 378 1843 429 statuisse,

65 440 238 494 iamque
271 442 553 495 collegiorum
587 441 838 496 pragensis,
872 441 1232 493 vindobonensis,
1275 442 1571 496 tyrnaviensis
1602 444 1845 486 rectoribus

66 506 342 561 praecipere,
385 509 434 549 ut
465 507 509 548 in
541 509 765 561 posterum
799 507 851 549 de
889 507 1078 561 negotiis
1118 521 1203 549 non
1245 507 1330 549 iam
1373 507 1428 549 ad
1460 507 1699 560 Canisium,
1743 523 1844 552 con-

65 571 255 614 tionibus
300 572 483 626 aliisque
524 572 745 614 laboribus
788 572 972 614 salutem
1016 572 1233 627 publicam
1266 572 1566 627 spectantibus
1600 574 1845 629 occupatis-

66 637 244 687 simum,
287 638 364 680 sed
395 637 651 681 Tridentum
693 638 746 680 ad
789 638 930 692 ipsum
973 638 1271 692 praepositum
1312 639 1561 692 generalem
1604 640 1845 683 scriberent

185 768 281 810 Hoc
313 768 483 811 Canisio
526 771 651 812 tanto
694 768 959 810 commodius
1001 768 1181 820 accidit,
1225 769 1338 822 quod
1377 770 1455 811 sub
1490 771 1559 812 31.
1593 771 1845 813 Decembris

69 834 182 876 1562
216 833 604 877 Ferdinandus
636 834 668 876 I.
712 833 1022 888 imperator
1063 834 1236 877 litteras
1278 835 1333 876 ad
1375 849 1472 877 eum
1507 835 1647 886 dedit,
1691 836 1844 889 quibus

66 912 163 940 eum
195 898 425 952 Augustae
456 914 527 942 res
558 900 622 942 ita
655 899 882 953 disponere
914 899 1104 950 iubebat,
1146 902 1193 942 ut
1225 903 1409 943 vocatus
1442 900 1593 943 statim
1627 901 1845 956 Oenipon-

64 966 153 1006 tem
188 965 242 1006 ad
275 979 321 1007 se
353 965 503 1007 venire
534 968 684 1019 posset
716 964 853 1018 (586).
910 965 1028 1015 Quae
1060 965 1238 1007 litterae
1271 979 1418 1008 semen
1451 966 1626 1019 aliquod
1667 967 1846 1010 fuerunt

66 1029 223 1072 famosi
255 1030 371 1072 illius
410 1031 736 1084 „theologorum
771 1033 1012 1073 conventus
1045 1030 1349 1084 oenipontani“
1388 1045 1500 1073 anno
1536 1033 1650 1074 1563
1694 1032 1844 1083 habiti,

64 1094 109 1136 in
142 1109 226 1148 quo
260 1095 456 1139 Canisius
501 1099 545 1138 et
589 1095 756 1138 caesari
806 1098 849 1138 et
894 1095 1075 1138 concilio
1121 1095 1358 1139 tridentino
1401 1096 1625 1151 egregiam
1668 1111 1842 1153 operam

66 1163 310 1203 navaturus
344 1165 452 1205 erat.

184 1226 340 1280 Neque
381 1227 495 1269 enim
537 1227 641 1269 solis
675 1226 906 1269 Societatis
937 1226 1182 1269 hominibus
1215 1227 1436 1281 germanis
1468 1228 1670 1282 regendis
1704 1232 1748 1272 et
1779 1228 1844 1270 iu-

64 1291 220 1333 vandis
253 1292 413 1335 Canisii
444 1293 488 1334 in
522 1292 799 1335 Germaniam
833 1306 954 1334 amor
987 1292 1201 1335 contineri
1233 1295 1429 1347 poterat:
1464 1293 1673 1343 Canisius‚
1708 1309 1844 1348 quan-

64 1359 158 1399 tum
190 1360 385 1412 poterat,
418 1358 529 1402 toti
563 1358 894 1401 Germaniae
926 1358 1160 1403 serviebat.
1224 1358 1293 1401 Ita
1323 1358 1503 1402 ineunte
1536 1373 1574 1402 a.
1613 1361 1723 1402 1561
1758 1375 1843 1402 non

65 1423 206 1465 solum
227 1423 333 1478 ipse,
362 1438 417 1466 ex
435 1424 554 1467 Urbe
578 1423 779 1475 monitus,
804 1423 967 1473 sedulo,
992 1424 1248 1477 quibusnam
1269 1424 1511 1467 rationibus
1530 1425 1844 1468 Germanorum

64 1488 238 1542 publica
269 1490 388 1532 salus
421 1490 564 1532 curari
598 1503 832 1543 eorumque
865 1488 1054 1543 episcopi
1087 1489 1285 1531 adiuvari
1317 1492 1519 1544 possent,
1555 1491 1844 1545 expendebat,

66 1554 142 1595 sed
183 1555 316 1598 etiam
359 1570 508 1597 omnes
550 1554 802 1610 provinciae
843 1554 1093 1598 sacerdotes
1126 1555 1420 1608 singularibus
1454 1558 1585 1598 antea
1618 1556 1673 1598 ad
1705 1557 1844 1598 Deum

66 1619 266 1673 precibus
292 1621 519 1672 institutis,
554 1620 759 1674 quidnam
783 1620 875 1662 eius
897 1620 1070 1673 generis
1093 1620 1174 1662 sibi
1197 1621 1470 1671 occurrisset,
1506 1621 1561 1663 ad
1585 1635 1631 1663 se
1653 1621 1846 1663 scribere

65 1684 192 1727 iussit
224 1684 338 1740 (15);
381 1686 493 1729 sicut
536 1686 668 1728 etiam
709 1685 865 1728 Iulium
903 1685 1117 1738 Pflugium
1160 1686 1409 1740 episcopum
1449 1687 1843 1740 naumburgensem

65 1751 259 1804 rogavit,
294 1755 361 1803 ut,
396 1752 610 1806 quomodo
645 1751 836 1793 Saxonia
868 1750 1147 1805 reliquaeque
1180 1751 1489 1806 septentrionis
1521 1755 1671 1806 partes
1702 1752 1843 1795 iuvari

65 1820 263 1871 possent,
306 1817 491 1860 Romam
524 1817 712 1859 referret
744 1816 853 1871 (23).
916 1817 1081 1858 Eodem
1116 1817 1375 1859 Germaniae
1407 1831 1554 1859 amore
1586 1820 1731 1860 motus
1763 1818 1843 1860 Ca-

65 1882 201 1924 nisius
233 1882 431 1926 Tridenti
466 1883 510 1925 in
553 1883 743 1925 secunda
785 1881 953 1924 concilii
994 1881 1185 1924 sessione
1226 1885 1525 1937 protestantes
1576 1883 1643 1934 „in
1687 1883 1842 1937 spiritu

65 1947 285 1991 lenitatis“
335 1951 553 1992 tractatos
598 1962 693 1991 esse
739 1947 863 2001 (392)
909 1947 1151 2000 gaudebat,
1206 1947 1414 1999 „Indicis“
1470 1947 1835 2002 „mitigationem“

67 2013 350 2057 vehementer
382 2015 661 2057 desiderabat
694 2013 813 2067 (490.
850 2014 949 2056 516.
985 2012 1111 2066 527),
1145 2016 1391 2068 potestates
1423 2014 1583 2065 varias,
1617 2017 1666 2057 ut
1697 2014 1842 2056 ieiunii

67 2079 446 2134 abstinentiaeque
478 2080 599 2134 leges
630 2078 882 2129 relaxandi,
928 2078 1062 2121 libros
1094 2079 1333 2133 prohibitos
1366 2079 1560 2122 externis
1593 2079 1725 2122 etiam
1766 2079 1842 2122 ho-

65 2144 251 2187 minibus
283 2146 586 2200 permittendi,
630 2145 711 2187 sibi
753 2145 928 2198 suisque
969 2145 1170 2199 petebat;
1215 2144 1506 2199 amplissimas
1548 2144 1662 2186 enim
1704 2145 1842 2187 facul-

65 2213 183 2253 tates
224 2210 269 2252 in
311 2211 545 2253 Germania
586 2210 856 2253 necessarias
898 2223 1015 2261 esse,
1064 2209 1124 2260 „si
1167 2209 1262 2263 quis
1302 2210 1546 2252 hominibus
1588 2210 1842 2252 satisfacere

66 2289 145 2317 nec
178 2276 377 2329 cuiquam
412 2277 640 2331 displicere
673 2290 724 2318 ac
756 2274 990 2328 tranquille
1019 2275 1169 2317 vivere
1191 2275 1349 2318 vellet“
1378 2276 1468 2327 (75.
1494 2277 1591 2319 130.
1619 2277 1716 2318 141.
1744 2277 1840 2319 144.

68 2341 185 2395 580).
250 2343 314 2384 Ac
347 2357 424 2396 pro
459 2342 690 2385 Societatis
724 2341 1001 2383 confessariis
1033 2341 1078 2382 in
1110 2340 1290 2383 Austria
1328 2344 1371 2383 et
1402 2341 1594 2383 Bavaria
1625 2341 1842 2384 versanti-

67 2407 146 2449 bus
178 2407 414 2451 facultates
442 2408 652 2462 quasdam
679 2422 705 2449 a
727 2406 946 2449 cardinale
968 2406 1104 2448 Hosio
1128 2420 1363 2460 quaerens:
1397 2407 1506 2449 Peto
1530 2406 1653 2457 hanc,
1687 2407 1840 2460 inquit,

73 2472 286 2526 „gratiam
318 2473 539 2516 tractandi
572 2472 827 2515 clementius
858 2475 1032 2515 nostros
1067 2472 1328 2523 Germanos,
1370 2486 1425 2514 ne
1456 2472 1589 2514 linum
1623 2472 1842 2525 fumigans

68 2537 424 2592 exstinguamus“
462 2538 599 2592 (373).
653 2538 882 2580 Laudabat
914 2537 1021 2579 haec
1053 2537 1100 2580 P.
1135 2537 1428 2591 Hieronymus
1459 2537 1660 2587 Natalis,
1695 2538 1841 2580 Socie-

67 2603 174 2646 tatis
225 2604 450 2655 visitator,
506 2604 577 2657 qui
628 2603 767 2645 Lainii
818 2603 1058 2657 praepositi
1109 2603 1327 2656 generalis
1378 2603 1588 2645 mandatu
1635 2603 1841 2645 Tridento

69 2671 137 2712 29.
163 2670 416 2712 Decembris
441 2672 554 2712 1562
578 2669 747 2711 Canisio
770 2668 986 2710 scribens:
1017 2669 1200 2721 „Magno
1210 2670 1243 2719 “‚
1267 2668 1420 2722 inquit,
1450 2668 1636 2719 „solacio
1660 2668 1838 2719 afficior,

69 2749 164 2777 cum
205 2749 275 2777 res
309 2735 570 2777 Germaniae
610 2733 887 2776 reverentiae
918 2736 1094 2776 vestrae
1134 2736 1367 2787 tantopere
1400 2747 1529 2775 curae
1562 2747 1657 2775 esse
1690 2734 1839 2784 video3

67 2800 111 2842 id
143 2801 256 2853 quod
290 2814 369 2854 ego
403 2800 575 2842 domino
609 2799 846 2842 adiuvante
877 2798 1039 2841 imitari
1072 2799 1277 2841 studeb0“
1317 2797 1455 2851 (577).

187 2866 255 2907 Ad
293 2865 405 2907 hanc
439 2864 699 2907 Germaniae
741 2878 888 2905 curam
930 2863 1060 2905 etiam
1095 2863 1253 2905 Canisii
1294 2863 1518 2905 labores
1560 2863 1840 2906 litterarii

67 2931 367 2985 pertinebant;
406 2932 455 2972 ut
487 2945 582 2971 cum
616 2944 654 2972 a.
692 2931 802 2971 1561
843 2928 1055 2979 „Parvum
1091 2928 1402 2971 catechismum
1434 2928 1777 2971 Catholicorum“
1815 2944 1841 2971 a

68 3011 114 3039 se
156 2996 432 3039 emendatum
473 2995 518 3037 in
551 2994 782 3037 Societatis
820 2994 1002 3047 collegio
1036 2993 1349 3035 vindobonensi
1390 2996 1434 3036 et
1466 2993 1668 3035 Coloniae
1701 2994 1839 3036 denuo

69 3062 367 3104 excudendum
401 3060 583 3107 curavit,
618 3073 730 3101 novo
753 3059 988 3113 impetrato
1012 3059 1275 3101 Ferdinandi
1296 3059 1328 3101 I.
1354 3058 1544 3100 caesaris
1567 3059 1722 3110 edicto,
1757 3073 1840 3112 quo

68 3141 153 3169 non
174 3127 262 3169 iam
283 3127 328 3168 in
349 3127 442 3168 sola
464 3125 644 3167 Austria
672 3124 890 3175 inferiore,
924 3125 1001 3166 sed
1022 3124 1066 3166 in
1089 3124 1285 3166 omnibus
1308 3123 1543 3178 provinciis
1566 3123 1839 3167 Ferdinando

68 3192 272 3235 subiectis
305 3192 422 3234 solus
448 3191 607 3233 Canisii
640 3189 928 3232 catechismus
961 3216 1018 3220 ——
1055 3189 1299 3240 „Summa“,
1331 3189 1530 3242 inquam,
1565 3191 1609 3231 et
1648 3190 1841 3240 „Parvus

138 3268 266 3293 Braun
276 3268 448 3299 sberger,
469 3268 579 3293 canisii
594 3266 751 3297 Epistulae
771 3267 801 3290 et
815 3266 900 3290 Acta.
919 3267 972 3290 111.
1545 3270 1563 3292 c
