2093 3444
254 215 338 255 596
404 212 560 246 Monuni.
591 209 824 254 (augustana)
853 210 931 245 232.
962 211 1007 253 (A
1034 222 1078 245 m.
1106 210 1237 244 Martio
1266 210 1356 244 1559
1383 210 1426 244 ad
1452 222 1498 246 m.
1526 210 1659 244 Maium
1686 222 1717 245 a.
1747 210 1864 254 1561.)

250 332 389 372 totam
436 328 573 371 vitam
626 330 874 369 contractas
923 326 1136 368 diluerent
1179 361 1186 369 .
1226 325 1424 368 Accessit
1470 328 1686 379 generalis
1732 331 2009 382 peccatorum

252 394 439 436 omnium
480 392 797 445 exomologesis
831 407 839 433 :
874 391 966 441 Qua
998 394 1198 445 peracta,
1239 390 1464 432 mirificam
1498 392 1668 434 diuinae
1700 392 1870 445 gratiae
1908 406 2008 435 con-

251 459 530 508 solationem,
574 461 618 500 et
657 457 878 510 ingentem
922 455 1211 498 conscientiae
1243 470 1393 510 pacem
1426 456 1531 498 laeti
1562 460 1917 510 reportauemnt,
1960 461 2009 500 vt

249 523 408 565 idcirco
431 523 601 565 Christo
635 525 679 565 et
710 521 833 563 nobis
857 521 1012 565 debere
1045 535 1090 562 se
1122 520 1352 575 plurimum
1375 520 1598 563 fateantur
1632 556 1640 563 .
1674 522 1800 576 Domj
1834 525 2009 564 nostrae

250 591 546 630 conuenerunt
571 588 783 629 hactenus
815 585 1010 635 studiosi,
1045 588 1089 628 et
1122 600 1175 627 ex
1197 585 1263 626 his
1297 585 1532 635 consulum,
1566 585 1769 627 nobilium
1805 586 2008 629 diuitum-

250 668 332 707 que
379 653 477 706 filij,
527 652 680 706 quibus
728 651 1025 693 Catechismus
1072 650 1337 704 explicatur,
1387 650 1447 691 sic
1494 651 1815 704 postulantibus
1862 665 2008 693 eorum

250 718 504 772 parentibus
546 720 590 759 et
631 716 780 759 amicis
813 732 822 758 ε
857 730 983 769 quem
1016 730 1120 758 sane
1153 716 1344 758 laborem
1383 715 1497 757 haud
1529 730 1688 758 vanum
1729 716 1862 758 fuisse
1894 730 2008 758 com-

249 783 438 837 perimus
453 785 480 825 1.
529 782 729 835 Pergrati
762 784 863 823 sunt
894 781 1032 823 nostri
1064 781 1384 835 poenitentibus
1418 780 1570 823 ‚Vnde
1603 781 1657 823 ad
1689 781 1865 823 Sacram
1900 781 2008 823 Con-

250 848 483 890 fessionem
526 860 837 902 saepenumero
877 848 1162 900 expetuntur,
1205 845 1414 898 multique
1455 859 1534 887 sua
1573 845 1659 887 illis
1700 860 1860 888 arcana
1893 860 2008 887 com-

250 913 443 964 mittunt,
479 915 610 966 atque
632 926 728 954 cum
751 911 984 965 lachrymis
1007 911 1230 964 detegunt.
1258 946 1264 953 .
1293 946 1299 952 .
1327 945 1334 952 .
1380 910 1474 952 Dic-i
1507 910 1668 963 nequit,
1703 925 1830 964 quam
1854 911 2008 953 acerbo

249 980 293 1020 et
315 977 463 1020 hostili
495 977 581 1020 sint
613 977 655 1018 in
679 991 757 1018 nos
780 976 921 1018 animo
945 976 1143 1030 Sectarij,
1178 975 1250 1028 qui
1282 975 1445 1016 nullum
1468 974 1783 1017 Catholicorum
1817 975 2008 1017 ordinem

248 1043 388 1085 minus
432 1043 617 1097 probare
661 1056 711 1084 ac
755 1041 869 1083 ferre
913 1045 1115 1096 possunt,
1162 1043 1293 1094 atque
1334 1039 1527 1082 ‚Jesuitas
1573 1039 1652 1093 (sic
1696 1040 1808 1081 enim
1852 1040 2008 1093 vulgus

248 1111 421 1151 nostros
454 1108 665 1162 appellat)
699 1108 751 1149 ab
784 1106 851 1148 his
883 1110 1082 1149 metuunt
1115 1105 1194 1147 sibi
1228 1120 1356 1158 quam
1390 1105 1577 1146 maxime
1612 1140 1620 1147 .
1653 1105 1764 1146 Hinc
1797 1119 1873 1158 pro
1906 1118 2007 1146 con-

249 1173 441 1215 cionibus
484 1174 673 1215 clamant
714 1175 758 1214 et
790 1174 965 1213 monent
1007 1171 1156 1218 anxie,
1201 1173 1385 1213 caueant
1425 1170 1506 1211 sibi
1548 1184 1695 1211 omnes
1728 1184 1753 1211 a
1784 1183 1895 1211 nouo
1928 1169 2008 1211 hoc

249 1239 467 1280 hominum
501 1252 673 1291 genere,
708 1238 820 1290 quod
853 1251 936 1278 non
969 1236 1095 1278 modo
1129 1235 1393 1285 doctrinam,
1428 1235 1503 1276 sed
1537 1235 1669 1277 etiam
1700 1234 1930 1289 probitatis
1963 1237 2007 1276 et

248 1303 425 1358 pietatis
466 1303 651 1358 speciem
695 1303 808 1344 haud
850 1302 1075 1354 vulgarem
1117 1314 1223 1355 prae
1263 1315 1309 1342 se
1351 1300 1466 1342 ferre
1498 1300 1670 1342 videtur
1674 1335 1820 1342 .....
1874 1300 2006 1341 Frae-

248 1372 431 1422 quenter
475 1368 653 1417 accidit,
700 1370 748 1409 vt
788 1367 1022 1420 Lutheranj
1066 1367 1276 1408 Doctores
1318 1366 1544 1418 Augustae
1588 1365 1764 1408 Patrem
1809 1364 2007 1406 audirent

248 1434 575 1476 concionantem
612 1468 619 1475 .
656 1432 855 1475 Gaudent
881 1431 1051 1474 interim
1077 1430 1299 1480 Catholici,
1333 1444 1407 1472 eos
1430 1444 1575 1471 coram
1600 1430 1652 1471 de
1675 1429 1763 1471 suis
1785 1428 2007 1471 admoneri

247 1499 485 1550 erroribus,
529 1498 649 1548 Quod
682 1497 852 1551 quidem
886 1497 1079 1539 modeste
1111 1496 1203 1538 fieri
1246 1496 1377 1545 solet,
1422 1497 1465 1537 et
1503 1496 1730 1537 confirmat
1770 1494 1864 1548 pios
1905 1508 2005 1536 con-

247 1567 397 1618 specta
429 1564 610 1606 istorum
643 1563 686 1604 in
718 1562 907 1604 moribus
938 1561 1174 1611 barbaries,
1210 1561 1308 1602 dum
1341 1560 1518 1614 perinde
1552 1574 1602 1601 ac
1635 1559 1752 1601 athei
1784 1559 2006 1612 rabidique

248 1643 397 1680 canes,
440 1629 701 1683 templorum
744 1631 787 1670 et
819 1641 1040 1669 sacrorum
1079 1625 1325 1668 reuerentia
1368 1639 1420 1666 ne
1452 1625 1671 1667 tantillum
1705 1624 1875 1677 quidem
1908 1627 2006 1666 tan-

247 1697 432 1748 guntur,
485 1694 570 1735 imo
618 1693 795 1747 perinde
843 1706 892 1735 ac
940 1692 1138 1734 Saulus
1185 1691 1256 1733 ille
1304 1690 1591 1744 spirantes
1638 1689 1904 1731 minarum
1953 1692 2006 1731 et

249 1759 468 1802 caedis2
501 1762 646 1801 astare
679 1758 882 1800 videntur
916 1793 923 1800 .
959 1758 1041 1799 Sed
1074 1771 1127 1799 ne
1159 1757 1324 1807 multis,
1365 1756 1560 1798 fatentur
1592 1755 1811 1809 sapientes
1844 1768 2003 1805 omnes,

249 1825 395 1878 magni
428 1825 604 1875 referre,
637 1827 687 1867 vt
718 1824 824 1865 haec
856 1822 1063 1878 primaria
1086 1822 1200 1876 Resp
1235 1837 1243 1863 :
1277 1822 1321 1863 in
1354 1835 1482 1874 quam
1514 1821 1649 1862 totius
1673 1819 1930 1862 Germaniae
1963 1823 2006 1862 et

248 1891 359 1932 oculi
393 1893 437 1932 et
466 1889 594 1944 animj
620 1890 761 1931 solent
794 1902 888 1931 esse
911 1887 1120 1936 conuersi,
1154 1887 1286 1929 talem
1310 1887 1470 1928 habeat
1494 1885 1852 1935 concionatorem,
1887 1883 2006 1926 cuius

247 1955 490 1998 authoritas
512 1957 819 2009 praeterquam
842 1953 955 2006 quod
976 1953 1104 2005 longe
1127 1953 1301 2005 lateque
1324 1952 1473 1998 claret,
1505 1950 1635 1993 etiam
1658 1949 2004 1992 aduersariorum

244 2021 288 2062 in
320 2021 401 2062 hac
424 2021 529 2062 vrbe
562 2022 607 2062 et
637 2018 830 2062 finitimis
860 2018 966 2060 locis
989 2017 1229 2060 doctrinam
1262 2017 1478 2065 obscurat,
1512 2015 1776 2069 impeditque
1809 2017 2002 2065 conatus,

245 2099 324 2128 nee
356 2086 496 2127 minus
519 2084 764 2127 Catholicos
789 2086 1042 2138 praesentes
1073 2082 1197 2124 iuxta
1230 2084 1273 2123 et
1306 2082 1508 2123 absentes
1538 2080 1581 2121 in
1606 2079 1745 2121 officio
1768 2079 2005 2132 Religionis

246 2152 474 2193 confirmat
507 2185 515 2193 .
550 2149 761 2192 Scribitur
792 2148 846 2190 ad
875 2152 1045 2203 patrem
1067 2146 1254 2200 Vndique
1285 2145 1456 2199 magnis
1489 2145 1540 2186 de
1573 2145 1714 2195 rebus,
1747 2143 2003 2198 praesertim

246 2230 356 2270 quae
389 2216 443 2258 ad
475 2215 742 2257 Catholicam
774 2214 901 2255 fidem
938 2213 982 2254 in
1016 2212 1248 2254 Germania
1288 2211 1494 2253 tuendam
1526 2209 1689 2252 faciant
1725 2225 1733 2251 ε
1766 2209 1860 2250 Nec
1892 2209 2005 2251 vllus

245 2284 313 2324 est
344 2281 388 2322 in
416 2280 646 2323 Germania
679 2280 811 2328 locus
844 2282 894 2321 vt
926 2278 1126 2327 arbitror,
1162 2277 1234 2330 qui
1268 2275 1429 2318 rectius
1462 2274 1722 2316 Prouinciali
1755 2273 1917 2316 seruiat
1949 2274 2003 2316 ad

246 2345 499 2388 Prouinciae
531 2345 655 2386 huius
678 2343 869 2396 Collegia
902 2342 1165 2385 commodius
1195 2340 1540 2384 administranda
1552 2341 1579 2382 3.
1627 2339 1811 2381 Oramus
1834 2338 2003 2380 demum

246 2410 471 2452 Vniuersos
504 2413 548 2452 et
580 2409 796 2462 singulos,
839 2408 908 2461 qui
942 2408 1050 2449 haec
1082 2406 1257 2457 lecturi,
1299 2406 1370 2447 vel
1403 2404 1590 2446 audituri
1622 2408 1743 2460 sunt,
1786 2403 1959 2445 Chariss
1993 2419 2001 2444 :

246 2475 401 2517 Patres
443 2477 487 2516 et
519 2475 718 2523 Fratres,
765 2477 813 2515 vt
853 2472 942 2514 suis
983 2472 1037 2514 ad
1069 2471 1284 2514 Christum
1326 2470 1525 2524 precibus
1566 2482 1696 2523 saepe
1736 2469 2003 2521 multumque

246 2540 353 2582 fusis
395 2539 583 2581 diuinam
624 2539 746 2580 nobis
791 2540 835 2580 et
874 2536 1143 2591 Augustanis
1184 2535 1371 2589 gratiam
1415 2535 1650 2588 impetrare
1694 2533 1959 2576 contendant
1992 2568 2000 2576 .

245 2605 472 2659 Augustae
506 2605 530 2646 8
562 2603 680 2658 Maij.
718 2604 843 2646 1561.
1380 2600 1646 2642 Guilhehnus
1678 2598 1901 2640 Eldrensis
1914 2604 1940 2640 ³.

363 2746 376 2759 ³
402 2740 447 2772 In
473 2739 550 2772 AB
573 2740 734 2782 seqnitur
758 2735 982 2780 subscripsit,
1009 2748 1031 2768 (ι
1056 2736 1136 2769 Ie'br.
1165 2736 1221 2777 (att
1249 2736 1390 2768 omnino
1418 2735 1573 2773 ridetur)
1601 2733 1771 2766 additum.

368 2873 377 2891 ¹
402 2872 585 2905 Autumno
611 2882 643 2904 a.
664 2869 753 2904 1560
772 2868 905 2903 Canisii
931 2867 1078 2902 aedibus
1104 2867 1216 2911 ipsius
1242 2869 1369 2910 rogatu
1396 2878 1527 2900 novum
1553 2865 1733 2907 conclave,
1759 2864 1795 2898 in
1813 2876 1882 2908 quo
1900 2865 1999 2909 pueri

245 2924 518 2958 instituerentur
554 2923 651 2967 („ain
686 2921 821 2957 stublin
846 2921 904 2955 fur
930 2921 985 2954 die
1011 2920 1215 2963 knabeffl),
1251 2932 1271 2953 a
1307 2919 1463 2964 capitulo
1499 2918 1697 2954 cathedrali
1731 2917 1890 2952 additum
1923 2919 2000 2951 erat

247 2977 352 3021 (Can.
380 2977 468 3022 Epp.
496 2977 540 3020 H,
567 2977 666 3020 863).
812 2974 826 2995 ²
851 2975 931 3008 Aet.
958 2974 989 3014 9,
1019 2974 1048 3008 1.

365 3031 377 3051 ³
403 3029 583 3074 Antiquus
609 3028 751 3072 collegii
768 3027 960 3071 augustani
978 3027 1166 3060 historicus
1187 3026 1241 3069 (P.
1260 3025 1467 3060 Matthaeus
1484 3025 1646 3059 Raderus
1665 3023 1698 3058 S.
1719 3023 1751 3058 J.
1764 3024 1797 3067 5³)
1827 3023 1998 3057 *scribit:

244 3085 347 3117 Anno
373 3083 460 3117 1561
489 3083 680 3117 cardinalis
699 3082 783 3116 Otto
803 3081 985 3115 Sociorum
1010 3081 1290 3123 augustanorum
1323 3090 1487 3120 „censum
1513 3088 1669 3112 annuum
1694 3077 1864 3110 trecentis
1890 3078 2000 3120 auget

243 3137 399 3170 nummis
433 3136 666 3181 philippaeis“
707 3134 807 3179 (cod.
842 3134 993 3177 friburg.
1034 3132 1146 3175 „Hist
1182 3132 1261 3166 coll.
1296 3132 1409 3175 Aug.“
1447 3143 1480 3176 p.
1510 3131 1580 3173 10).
1633 3129 1686 3164 Of.
1725 3130 1811 3164 Ccm.
1838 3129 1926 3174 Epp.
1953 3128 1997 3170 Π,

245 3189 443 3223 842-843.
