2093 3444
626 219 795 253 Tridento
822 220 876 254 24.
904 219 1119 254 Novembris
1148 221 1247 254 1562.
1733 222 1816 263 541

391 337 534 379 Jesus.
598 337 735 379 Molto
768 338 1024 379 Reuerendo
1057 338 1101 379 111
1133 337 1302 380 Christo
1335 337 1475 379 Padre

785 412 880 453 Pax
912 411 1083 455 Christi.

169 485 320 534 Quella
364 485 430 527 del
474 486 609 539 padre
650 488 815 529 Doctor
846 487 997 541 Lanoy
1038 501 1116 541 per
1157 487 1458 529 commissione
1500 487 1552 528 de
1585 488 1636 530 V.
1672 488 1722 531 R.
1766 488 1819 530 de

54 551 106 592 14
140 550 208 592 del
241 553 473 605 presente1
514 550 705 594 riceuete
746 554 895 594 nostro
937 553 1094 606 padre,
1138 555 1182 595 et
1222 553 1265 594 la
1306 552 1496 606 risposta
1534 552 1612 594 che
1655 552 1690 594 si
1722 552 1820 595 fara

50 615 173 670 perla
204 620 408 670 presente
440 619 569 669 potra
602 617 767 659 seruire
801 616 934 659 etiam
966 617 1074 671 peril
1108 618 1228 660 detto
1261 618 1395 672 padre
1427 618 1591 671 Lanoy.

169 681 215 722 Ci
257 681 521 723 consoliamo
566 682 608 723 in
652 682 821 723 domino
868 682 945 723 che
986 683 1029 724 la
1073 682 1298 725 uisitation
1339 683 1407 724 del
1448 682 1582 736 padre
1626 686 1818 725 maestro

50 745 186 789 Natal
219 746 285 788 sia
317 749 436 789 stata
468 747 690 789 fruttuosa
718 747 766 801 jn
798 747 1075 800 Jngolstadio
1109 751 1153 789 et
1186 748 1387 801 Augusta
1420 762 1540 789 come
1572 747 1608 789 si
1641 747 1781 789 scriue
1809 763 1818 788 :

50 813 95 853 613
127 811 215 853 0061
249 826 448 866 speramo
481 812 521 854 lo
556 826 654 854 sera
686 813 729 854 in
751 812 970 866 Hispruch
1004 816 1047 855 et
1079 813 1179 854 nell'
1204 813 1305 855 altri
1336 813 1484 866 luoghi
1517 813 1569 855 de
1603 827 1680 855 sua
1712 813 1819 855 Pro-

50 876 192 918 uincia
223 877 370 931 laqual
411 877 677 920 intendiamo
720 877 756 919 si
795 877 954 919 risolue
987 892 1067 931 pur
1109 878 1344 921 deuisitare
1377 879 1517 933 prima
1551 878 1591 919 di
1633 878 1756 920 uenir
1793 892 1818 920 a

50 941 211 984 Trento
247 977 254 985 .
289 943 341 985 D.
375 942 431 985 N.
467 944 507 985 S.
542 943 582 985 10
616 942 747 996 guidi,
783 946 826 985 et
858 942 993 985 molto
1026 942 1061 984 si
1094 957 1221 985 serua
1254 944 1351 985 dell'
1376 958 1509 998 opera
1541 958 1632 986 sua.

169 1007 292 1050 Circa
324 1008 354 1049 il
377 1008 455 1050 dar
488 1008 637 1050 ordine
669 1007 711 1050 di
733 1008 802 1050 far
824 1007 1006 1061 qualche
1029 1008 1317 1061 grammatica
1349 1009 1568 1051 rhetorica
1600 1011 1644 1050 et
1676 1008 1818 1061 logica

49 1073 333 1115 accomodata
354 1087 432 1128 per
463 1074 490 1115 l'
514 1087 591 1115 uso
616 1073 657 1115 di
689 1076 838 1116 nostre
870 1073 1046 1114 schuole
1079 1087 1102 1115 e
1136 1084 1235 1115 'cosa
1268 1074 1347 1115 che
1375 1074 1540 1116 ricerca
1573 1074 1818 1116 considera-

49 1136 166 1179 tione
199 1140 244 1180 et
275 1142 420 1192 tempo
464 1141 508 1180 et
549 1139 585 1180 si
617 1140 810 1181 trattara
849 1138 915 1180 col
947 1139 1081 1193 padre
1114 1141 1303 1180 maestro
1336 1139 1472 1181 Natal
1515 1140 1685 1192 quando
1719 1141 1818 1181 sera

49 1205 210 1245 uenuto
243 1203 286 1245 in
314 1206 397 1257 qua
433 1238 440 1246 .
475 1204 524 1245 In
547 1206 701 1257 questo
735 1217 878 1245 mezzo
913 1204 979 1245 001
1012 1203 1244 1245 medesimo
1278 1204 1313 1245 61
1345 1207 1473 1258 1101116
1505 1207 1669 1247 trattar
1701 1204 1742 1245 di
1774 1204 1818 1246 16

50 1268 102 1310 (16
125 1268 242 1321 quali
264 1268 540 1322 grammatici
573 1272 641 1311 etc
676 1304 684 1311 .
718 1268 923 1322 fraquelli
956 1268 1034 1310 0116
1066 1269 1102 1310 61
1134 1271 1318 1311 trouano
1344 1269 1447 1312 fatti
1470 1269 1680 1312 debbiano
1715 1283 1818 1311 usar

48 1333 78 1374 11
111 1333 250 1376 nostri
281 1334 325 1375 in
348 1334 592 1388 Alemagna
626 1337 670 1376 et
701 1333 731 1375 il
758 1348 834 1375 suo
858 1347 986 1388 parer
1008 1333 1042 1375 si
1065 1335 1192 1388 potra
1214 1335 1420 1377 mandare
1454 1349 1479 1377 a
1511 1337 1660 1376 nostro
1683 1335 1817 1388 padre

50 1399 220 1452 quando
252 1399 432 1442 insieme
464 1400 491 1441 l’
515 1400 709 1442 haueran
742 1399 966 1442 conferitO.

167 1465 249 1506 Del
289 1465 563 1520 rebaptizare
605 1465 737 1519 quelli
779 1465 856 1507 che
901 1478 1036 1507 sonno
1080 1465 1316 1507 battezzati
1359 1465 1477 1519 dagli
1516 1464 1697 1508 heretici
1738 1466 1816 1506 sub

49 1530 295 1572 conditione
327 1545 404 1585 per
430 1531 644 1573 dubitarsi
667 1531 781 1573 della
812 1530 1023 1584 integrita
1046 1530 1159 1572 della
1191 1530 1459 1573 intentionea
1491 1534 1574 1573 etc,
1609 1545 1634 1572 a
1667 1533 1817 1573 nostro

0 1596 1 1620 l
48 1595 183 1649 padre
227 1610 313 1638 non
354 1596 385 1638 li
424 1610 530 1651 pare
574 1596 746 1638 douersi
789 1596 883 1638 fare
924 1610 970 1638 se
1016 1610 1100 1637 11011
1145 1599 1369 1639 0011616666
1413 1596 1708 1638 chiaramente
1750 1595 1819 1638 (161

47 1660 255 1703 deffettob
288 1662 401 1704 nelle
434 1676 533 1704 cose
566 1661 846 1704 substantiali
859 1663 887 1704 2.

341 1795 460 1830 Jesus.
511 1795 628 1830 Valde
652 1795 850 1830 reverende
876 1795 913 1829 in
939 1795 1082 1829 Christo
1109 1797 1220 1839 pater.
1271 1794 1350 1828 Pax
1377 1794 1521 1828 Christi.

165 1859 324 1895 Litterae
360 1872 381 1895 a
414 1863 517 1906 patre
543 1861 688 1895 doctore
714 1860 847 1895 Lanoio
873 1859 915 1894 R.
941 1859 985 1894 V.
1020 1860 1120 1894 iussu
1156 1859 1212 1893 die
1241 1860 1295 1894 14.
1321 1859 1429 1893 huius
1463 1859 1597 1893 mensis
1632 1859 1817 1904 601111166Χ

45 1913 140 1957 patri
166 1915 288 1948 nostro
313 1914 469 1949 traditae
495 1917 590 1956 sunt,
618 1917 654 1949 et
680 1926 772 1958 quae
798 1914 866 1948 hac
893 1913 1047 1959 epistula
1072 1912 1322 1954 rescribemus,
1350 1912 1459 1946 6116111
1485 1912 1579 1958 patri
1604 1912 1657 1946 illi
1684 1912 1816 1946 Lanoio

45 1967 126 2001 usui
153 1978 232 2002 esse
258 1969 438 2013 poterunt.
1168 1966 1169 1969 ’

165 2021 206 2054 111
241 2022 381 2057 domino
416 2022 636 2066 gaudemus,
672 2022 767 2066 quod
792 2021 906 2066 patris
932 2020 1100 2063 magistri
1125 2020 1267 2054 Natalis
1293 2019 1454 2054 visitatio
1480 2021 1517 2053 et
1543 2019 1755 2063 Ingolstadii
1781 2021 1817 2053 et

47 2074 244 2117 Augustae,
270 2078 312 2110 ut
336 2076 505 2119 scribitis,
532 2075 730 2110 utilitatem
756 2075 889 2110 nostris
925 2074 1070 2115 attulit;
1107 2085 1233 2118 quam,
1268 2075 1309 2108 ut
1334 2085 1540 2118 speramus,
1577 2074 1685 2107 etiam
1712 2072 1814 2107 Oeni-

44 2130 152 2171 ponte
179 2129 305 2163 afferet
331 2132 368 2164 et
394 2131 523 2164 ceteris
549 2130 638 2164 locis
656 2129 864 2175 provinciae
888 2128 1012 2169 istius;
1041 2139 1149 2172 quam
1168 2127 1312 2171 quidem
1337 2139 1418 2161 eum
1435 2127 1596 2169 visitare,
1623 2128 1816 2171 antequam

45 2180 256 2217 Tridentum
282 2183 432 2226 veniret,
458 2183 495 2218 in
522 2184 680 2218 animum
706 2182 893 2217 induxisse
928 2181 1105 2216 audimus.
1155 2180 1254 2215 Deus
1284 2183 1321 2215 et
1346 2180 1510 2215 dominus
1536 2182 1658 2215 noster
1684 2180 1757 2214 dux
1783 2180 1816 2214 ei

45 2234 94 2269 sit
120 2235 269 2280 eiusque
296 2249 403 2282 opera
430 2237 572 2283 copiose
598 2239 734 2271 utatur.

162 2288 262 2331 Quod
288 2291 423 2336 petitis,
449 2293 490 2325 ut
515 2291 625 2325 libros
652 2290 792 2334 aliquos
818 2290 864 2323 ad
890 2301 966 2323 rem
986 2288 1274 2332 grammaticam,
1301 2290 1416 2322 artem
1443 2288 1646 2330 oratoriam,
1673 2287 1815 2330 logicen

45 2343 279 2387 pertinentes,
306 2344 367 2388 qui
392 2344 598 2387 scholarum
625 2346 828 2378 nostrarum
854 2343 937 2377 usui
955 2342 1216 2377 accommodati
1241 2341 1325 2383 sint,
1352 2341 1526 2376 conscribi
1548 2341 1745 2383 iubeamus,
1773 2352 1814 2375 ea

45 2407 103 2430 res
139 2399 175 2431 et
209 2398 531 2433 considerationem
567 2400 604 2432 et
638 2399 781 2442 tempus
818 2396 933 2440 exigit
968 2398 1004 2430 et
1040 2407 1120 2429 cum
1145 2397 1249 2440 patre
1274 2395 1424 2437 Natale,
1460 2407 1542 2429 cum
1567 2395 1637 2429 11110
1663 2394 1813 2435 venerit,

46 2450 271 2486 tractabitur.
321 2452 464 2486 Interea
489 2453 611 2486 autem
638 2463 719 2485 cum
745 2450 870 2485 eodem
896 2450 978 2484 istic
1013 2449 1216 2494 expendere
1242 2448 1426 2494 poteritis,
1464 2449 1680 2493 quibusnam
1713 2448 1815 2482 libris

45 2504 292 2546 grammaticis
318 2507 386 2540 etc.
413 2505 508 2539 inter
533 2516 605 2549 eos,
632 2504 693 2548 qui
719 2503 846 2548 scripti
871 2503 943 2537 iam
969 2505 1125 2545 exstant,
1152 2503 1269 2537 nostri
1294 2503 1331 2536 in
1350 2502 1544 2537 Germania
1570 2502 1623 2536 uti
1649 2502 1814 2542 debeant,

45 2558 154 2601 atque
180 2557 294 2603 ipsius
321 2559 594 2600 auctoritatem,
630 2569 711 2592 cum
746 2557 840 2591 inter
864 2568 930 2591 vos
956 2556 1201 2597 contuleritis,
1237 2557 1281 2590 ad
1307 2559 1446 2600 patrem
1482 2557 1644 2590 nostrum
1670 2555 1814 2589 mittere

45 2611 221 2656 poteritis.

165 2664 266 2706 Quod
293 2665 337 2699 ad
359 2664 521 2699 homines
548 2665 592 2698 ab
618 2663 812 2698 haereticis
838 2663 1057 2708 baptizatos,
1094 2675 1133 2697 eo
1161 2663 1255 2707 quod
1281 2663 1324 2697 de
1349 2662 1559 2707 integritate
1594 2661 1812 2703 intentionis,

47 2728 155 2761 quam
173 2717 336 2760 dicimus,
363 2721 431 2753 etc.
458 2718 651 2758 dubitetur,
680 2729 760 2751 cum
779 2716 987 2751 condicione
1005 2716 1137 2751 iterum
1154 2717 1391 2762 baptizandos
1410 2716 1550 2758 attinet,
1577 2716 1671 2761 patri
1689 2716 1812 2749 nostro

46 2771 82 2805 id
108 2771 316 2806 faciendum
342 2783 421 2806 esse
446 2783 517 2805 non
543 2771 698 2812 videtur,
723 2771 793 2805 nisi
820 2771 904 2815 quid
931 2782 974 2805 ex
1002 2770 1057 2813 iis,
1085 2782 1177 2815 quae
1203 2770 1248 2804 ad
1274 2770 1492 2814 baptismum
1518 2780 1665 2814 prorsus
1691 2779 1812 2802 neces-

46 2825 142 2859 saria
168 2827 263 2865 sunt,
291 2825 416 2859 deesse
442 2824 548 2869 plane
575 2826 717 2859 constet
731 2825 754 2858 2.

167 2944 179 2956 Λ
208 2937 267 2971 Sic
293 2938 375 2971 libr.
404 2939 475 2980 ipse
501 2938 658 2970 correxit
685 2947 727 2970 ex
753 2935 847 2969 della
873 2935 1000 2979 forma,
1028 2937 1121 2979 qnod
1142 2937 1250 2979 prius
1275 2938 1478 2978 scripserat.

168 2991 181 3010 '’
208 2992 241 3024 A
269 2991 350 3024 libr.
379 2992 452 3033 ipso
479 2994 674 3023 correctum
700 3001 743 3023 ex
768 2988 1013 3024 chiaramente
1039 2989 1137 3022 detto
1164 2989 1297 3022 effetto.

169 3103 180 3123 ¹
205 3101 284 3136 Hae
309 3102 452 3136 litterae
478 3101 614 3146 perisse
638 3100 818 3135 videntur.

168 3155 181 3176 ²
206 3155 406 3190 Dolendum
432 3166 518 3189 66116
545 3156 618 3196 661,
653 3165 718 3188 1106
744 3154 834 3196 16111,
870 3164 976 3198 quam
1003 3153 1249 3198 quaestionem
1276 3163 1346 3196 qua
1373 3152 1415 3186 de
1441 3162 1550 3186 causa
1576 3150 1705 3195 quibus
1732 3162 1812 3184 011111

49 3208 349 3253 explicationibus
377 3208 542 3243 Canisius
568 3207 691 3242 Lainio
717 3207 960 3252 proposuerit,
996 3207 1102 3252 plane
1129 3206 1274 3240 definire
1304 3217 1373 3239 non
1409 3216 1532 3250 posse3
1569 3216 1614 3239 ex
1649 3215 1719 3249 qua
1755 3205 1811 3238 de-
