2093 3444
649 220 818 255 Tridento
844 220 875 255 2.
903 220 1118 256 Novembris
1147 222 1248 256 1562.
1743 226 1824 266 521

180 339 372 393 Auqusta
406 338 552 379 Padre
587 339 758 381 Canisio
793 374 800 382 .
836 341 921 381 Seli
962 343 1111 383 scrisse
1153 342 1228 383 alli
1267 344 1307 383 2.
1345 342 1390 383 oli
1422 341 1657 383 Nouembre
1700 344 1828 385 1562.

64 404 134 445 che
165 403 367 445 mandasi
407 404 437 445 il
470 404 583 458 plico
627 406 668 445 al
700 405 846 447 Padre
877 406 1010 448 Natal
1050 407 1156 448 cloue
1194 406 1302 460 fossi
1341 412 1398 448 etc
1431 439 1440 448 .
1475 412 1511 448 et
1552 407 1622 449 clze
1664 409 1829 450 intorno

64 469 150 510 alla
183 469 312 510 uisita
345 470 379 510 s’
402 483 472 510 era
519 471 689 511 refnzesso
722 470 777 512 N.
811 471 956 512 Paolre
999 472 1040 512 al
1072 472 1218 513 Paclre
1250 472 1405 514 Natale
1444 473 1533 514 etc.1
1572 473 1642 514 che
1674 475 1716 515 la
1749 475 1829 515 ris-

57 539 180 589 posta
211 534 323 588 satta
367 535 438 576 all'
459 535 726 589 Jmperatore
765 541 829 576 sta
864 536 1003 588 bene‘2,
1049 542 1083 578 et
1115 538 1185 578 che
1219 538 1266 578 cli
1297 538 1378 592 qua
1412 538 1443 578 il
1476 537 1621 579 Paclre
1652 538 1830 580 Vittoria

63 600 92 641 l'
113 600 169 641 lia
201 601 408 641 mandata
433 600 543 641 altra
579 602 619 641 in
644 615 763 642 nome
786 602 884 642 delli
917 602 1076 656 colleyij
1095 602 1241 658 Praya
1275 608 1310 644 et
1331 603 1508 655 Vienna,
1542 617 1625 644 non
1649 604 1832 646 clisimile

63 670 204 720 tropoa
235 670 391 720 quanto
425 666 510 708 alla
544 666 831 708 conclusione3
870 671 906 708 et
938 668 1009 708 clze
1038 667 1155 720 forse
1186 669 1217 710 li
1249 667 1530 709 mostrarebbe
1564 669 1592 709 il
1618 684 1754 724 parer
1786 670 1833 710 de·

64 735 204 771 nostro
227 731 372 772 Padre
404 745 529 786 sopra
554 732 595 772 la
619 733 863 773 comunione
894 732 969 772 sub
1002 732 1220 787 utraqueby
1256 734 1409 788 ilquale
1431 734 1507 775 ben
1540 735 1680 775 scritto
1712 749 1830 775 man-

66 796 185 837 dassi
217 797 259 837 al
284 796 427 851 padre
459 797 665 838 Vittoria4
706 811 749 838 se
782 798 893 838 altra
927 811 1020 838 cosa
1054 812 1134 839 non
1164 800 1356 853 paresst,
1401 799 1462 840 clil
1494 799 1564 840 che
1596 814 1698 841 sara
1733 800 1832 841 bene

64 862 217 903 auisar
238 861 292 903 Ν.
316 861 464 903 Padre
496 867 532 903 et
565 862 634 903 clze
667 862 742 903 seli
772 861 1058 903 mandarebbe
1093 863 1121 903 il
1153 865 1384 905 testimonio
1417 864 1517 905 delli
1548 866 1574 906 4
1608 865 1732 919 lesyati
1767 866 1834 907 alel

64 927 234 967 concilio
267 941 394 982 sopra
426 929 462 969 le
494 941 595 981 cose7
630 928 700 968 che
732 941 831 969 sono
865 932 1028 981 opposte
1062 928 1085 968 ὰ
1120 928 1172 970 N.
1205 929 1350 970 Paolre
1384 931 1496 971 accio
1530 931 1567 971 si
1598 930 1765 971 uedano
1798 931 1833 972 le

64 992 258 1033 calunie5
291 994 403 1034 accio
426 1006 552 1034 serua
578 1007 660 1047 per
690 994 732 1034 la
766 997 873 1034 corte
899 993 943 1033 dt
976 1006 1055 1034 sua
1077 993 1243 1035 Maesta
1278 999 1312 1035 et
1335 995 1401 1036 clel
1423 995 1546 1036 Duca
1572 995 1618 1036 cli
1639 996 1831 1038 Bauiera

65 1062 100 1098 et
123 1058 228 1099 douc
253 1059 333 1112 piu
369 1059 589 1112 accaclera‘,
626 1062 661 1099 et
683 1072 785 1099 sara
820 1059 992 1099 insieme
1025 1072 1133 1100 come
1165 1073 1253 1100 una
1286 1059 1559 1114 apr-obatione
1583 1061 1693 1103 della
1729 1075 1832 1103 com-

56 1125 221 1177 paqnia
256 1128 398 1164 nostra
432 1125 498 1165 nel
531 1124 701 1165 concilio
730 1138 811 1165 non
847 1124 1078 1178 disputata)
1111 1139 1181 1165 ma
1208 1131 1474 1180 presuposta.

184 1193 219 1229 et
251 1189 321 1230 che
344 1190 511 1230 intorno
535 1189 585 1230 cle
609 1190 771 1230 intrata
796 1194 831 1230 et
853 1203 951 1230 casa
974 1190 1019 1230 in
1042 1191 1236 1244 Auqusta
1259 1192 1380 1232 tratti
1401 1192 1461 1232 col
1483 1191 1629 1233 Paclre
1650 1191 1834 1233 Natale6

66 1258 123 1294 etc
141 1287 149 1296 .
169 1253 240 1295 che
265 1254 290 1295 ’l
307 1253 453 1295 Padre
469 1255 671 1295 Vittoriac
695 1269 830 1296 ucnne
853 1256 876 1295 a
903 1254 1053 1296 Trento
1075 1270 1151 1309 per
1173 1260 1287 1297 conto
1312 1256 1358 1297 dt
1380 1255 1568 1309 conferir
1589 1258 1631 1298 la
1650 1258 1832 1311 risposta

64 1319 135 1360 che
168 1320 333 1361 cloueua
367 1320 472 1361 dare
505 1320 576 1362 all’
597 1319 864 1375 Jmperatore
897 1334 1023 1374 sopra
1060 1322 1090 1361 il
1123 1321 1247 1362 calice
1281 1355 1288 1363 .
1325 1326 1360 1362 et
1392 1321 1463 1363 clze
1493 1323 1661 1364 intorno
1694 1324 1736 1364 al
1758 1337 1832 1364 suo

63 1386 229 1439 neqocio
261 1385 317 1427 lia
352 1385 458 1427 detto
486 1399 587 1440 poco
601 1385 630 1438 ⁷¹,
663 1386 731 1426 ma
766 1386 837 1427 clze
868 1399 910 1427 se
941 1386 1110 1427 intende
1137 1386 1281 1427 clziaro
1313 1387 1385 1428 clee
1414 1401 1492 1441 per
1519 1401 1601 1428 non
1629 1393 1751 1442 poter
1772 1389 1835 1429 lui

184 1542 383 1584 Auyustam
418 1542 465 1575 ad
496 1546 637 1585 patrem
667 1542 862 1575 Cani-sium.
905 1543 982 1575 -Dte
1015 1544 1046 1575 2.
1074 1542 1280 1575 Novembris
1307 1545 1398 1576 1562
1434 1545 1467 1576 ei
1490 1544 1663 1587 scriptum
1688 1549 1756 1578 est:
1794 1545 1835 1578 Ut

64 1596 279 1638 fasciculum
306 1596 404 1629 illum
425 1597 528 1639 patri
553 1596 681 1629 Natali
707 1597 745 1628 in
771 1597 896 1638 locmn,
924 1606 992 1639 quo
1018 1600 1242 1638 moraretur,
1277 1597 1426 1630 mitteret
1451 1601 1509 1630 etc.
1530 1598 1549 1631 ¹.
1600 1598 1647 1631 Et
1673 1609 1762 1641 quae
1787 1598 1836 1631 ad

65 1649 297 1683 visitationem
323 1654 529 1693 spectarent,
556 1661 577 1682 a
598 1654 706 1693 patre
731 1654 853 1683 nostro
877 1650 996 1692 patris
1022 1649 1164 1682 Natalis
1190 1649 1343 1682 arbitrio
1363 1652 1541 1692 permissa
1567 1662 1636 1684 esse
1661 1655 1719 1685 etc.
1770 1652 1835 1685 Re-

65 1703 286 1745 sponsionem
311 1704 524 1746 imperatori
547 1704 681 1746 factam
719 1703 800 1736 bene
825 1702 998 1745 habere&
1036 1707 1065 1736 et
1099 1703 1182 1735 binc
1210 1706 1354 1745 patrem
1380 1704 1574 1737 Victoriam
1610 1705 1834 1748 collegiorum

59 1757 250 1800 praqensis
275 1761 305 1790 et
330 1757 599 1790 vindobonensis
624 1758 766 1790 nomine
791 1757 940 1789 alteram
967 1767 1109 1800 eamque
1135 1756 1178 1789 ab
1204 1757 1280 1800 illa,
1308 1760 1480 1800 quantum
1505 1758 1553 1791 ad
1579 1759 1833 1792 conclusionem

63 1811 267 1854 pertineret,
293 1810 392 1843 haucl
417 1811 468 1843 ita
493 1810 594 1843 valde
620 1811 875 1853 discrepantem.
902 1811 934 1843 ei
959 1811 1095 1843 misisse
1109 1810 1133 1853 3,
1170 1814 1200 1842 et
1230 1810 1382 1852 fortasse
1408 1811 1554 1844 eundem
1579 1813 1786 1845 sententiam
1813 1823 1834 1845 a

62 1867 169 1906 patre
194 1868 314 1897 nostro
340 1864 381 1897 de
406 1865 650 1898 communione
675 1864 739 1897 sub
765 1868 916 1907 utraque
951 1864 1061 1897 latam
1097 1864 1129 1895 et
1162 1867 1446 1896 monstraturum
1484 1875 1574 1907 esse;
1608 1870 1638 1898 et
1672 1869 1712 1899 ut
1744 1865 1837 1899 hanc

67 1918 140 1960 ipse
165 1917 246 1951 bene
271 1919 438 1961 scriptam
460 1919 564 1961 patri
581 1918 759 1951 Victoriae
784 1918 932 1950 mitteret
948 1917 972 1961 4,
998 1918 1070 1950 nisi
1096 1917 1198 1950 aliud
1223 1918 1293 1960 ipsi
1318 1918 1430 1950 risum
1456 1922 1550 1962 esset,
1577 1923 1682 1962 atque
1707 1919 1748 1952 de
1773 1919 1837 1952 hoc

61 1975 203 2014 patrem
231 1976 390 2005 nostrumv
424 1972 607 2005 certiorem
633 1971 715 2013 fieri
740 1971 947 2012 conrenirc,·
982 1975 1012 2003 et
1047 1971 1147 2013 fore,
1182 1974 1220 2003 ut
1254 1971 1489 2004 testimonium
1523 1972 1563 2005 de
1588 1972 1711 2016 rebus,
1747 1983 1837 2016 quae

64 2026 168 2067 patri
190 2029 312 2059 nostro
339 2026 562 2069 obiciuntur,
599 2036 621 2058 a
648 2028 669 2058 4
695 2026 838 2058 concilii
863 2024 1005 2067 leyatis,
1044 2029 1082 2056 ut
1109 2024 1310 2057 calumniae
1335 2029 1569 2069 apparerent,
1606 2027 1780 2069 scriptum
1806 2028 1838 2059 ei

67 2079 266 2112 mitteretur
281 2079 304 2122 ⁵,
331 2080 370 2112 in
395 2080 591 2112 maiestatis
615 2090 701 2112 suae
727 2084 757 2111 et
783 2079 962 2112 Baearz‘ae
988 2079 1088 2110 dacis
1113 2078 1209 2110 aulis
1234 2081 1265 2110 et
1293 2077 1356 2111 ubi
1374 2082 1564 2121 praeterea
1590 2090 1721 2112 necesse
1744 2080 1837 2122 foret

67 2133 328 2175 adhibendmn‚·
353 2144 497 2176 eamque
521 2132 629 2165 simul
655 2133 946 2176 approbationem
973 2131 1152 2175 quandam
1182 2131 1366 2164 Socz'etatis
1391 2136 1534 2165 nostrae
1556 2133 1655 2176 fore,
1691 2134 1727 2166 in
1757 2143 1838 2166 con-

68 2187 150 2220 cilio
174 2197 246 2220 non
272 2187 489 2230 disputando
515 2188 752 2230 impetratam,
778 2186 838 2219 secl
858 2196 930 2228 pro
956 2186 1147 2227 impetrata
1172 2189 1400 2227 assumptam.

187 2241 234 2273 Et
260 2245 298 2273 ut
323 2241 365 2273 ole
384 2241 571 2274 Sociorum
598 2244 879 2283 anqustanormn
904 2239 1021 2271 reditu
1049 2239 1218 2281 domoque
1237 2248 1312 2271 cum
1333 2242 1443 2281 patre
1460 2238 1590 2272 Natale
1607 2243 1724 2282 aqeret
1742 2244 1801 2272 etc.
1814 2238 1837 2273 ⁶.

69 2294 212 2327 Patrem
230 2295 421 2327 Victoriana
447 2294 653 2327 Tridentum
682 2294 824 2336 venisse,
854 2297 901 2336 ut,
928 2303 1017 2336 quae
1035 2292 1077 2324 <le
1102 2292 1209 2324 calice
1226 2292 1437 2334 imperatori
1462 2293 1675 2335 respondere
1692 2293 1838 2336 deberet,

69 2348 248 2382 nobiscum
274 2348 474 2390 conferret;
500 2351 530 2380 et
555 2348 596 2381 (le
623 2358 767 2380 munere
793 2347 930 2390 quidem
958 2356 1021 2379 suo
1048 2356 1124 2377 cum
1138 2355 1258 2388 pauca
1278 2345 1410 2378 dixisse
1426 2344 1460 2386 ⁷,·
1486 2349 1637 2379 attamen
1668 2356 1730 2379 nos
1755 2346 1839 2379 liaec

188 2488 200 2503 ²²
230 2484 305 2517 Hoc
330 2495 359 2517 v.
387 2494 408 2516 a
436 2483 516 2517 libr.
537 2487 659 2526 postea
688 2482 848 2515 additum
877 2485 935 2514 est.

188 2536 202 2557 ¹³
231 2537 437 2580 Sequuntur
462 2548 511 2570 rr.
538 2547 577 2570 se
603 2547 673 2569 non
699 2534 837 2580 paressi
864 2533 968 2577 altro,
995 2534 1038 2567 ab
1064 2535 1139 2577 ipso
1167 2534 1246 2568 libr.
1274 2534 1484 2568 oblitterata.

192 2597 202 2610 ⁰
231 2591 401 2634 Sequitur
427 2601 499 2633 era,
526 2601 547 2623 a
574 2590 657 2622 libr.
685 2589 934 2622 oblitteratum.

194 2731 203 2750 ¹
231 2729 285 2764 Cf.
313 2741 355 2764 su
383 2741 422 2764 ra
459 2742 482 2764 1.
510 2730 590 2765 518.

190 2783 204 2804 ²
229 2741 461 2829 Resposssuml
482 2784 525 2818 de
551 2783 663 2818 calice
690 2782 863 2816 laicorum
881 2780 937 2814 23.
957 2779 1124 2814 Octobris
1153 2780 1242 2814 1562
1270 2791 1290 2814 a
1310 2779 1452 2814 Canisio
1478 2779 1522 2814 ad
1549 2791 1733 2814 caesarem
1759 2780 1840 2814 mis—

73 2847 172 2878 sum3
200 2836 293 2881 quod
320 2836 402 2871 vide
430 2848 539 2882 supra
565 2848 598 2881 p.
626 2834 827 2870 499—513.

192 2890 206 2910 ³
229 2889 283 2924 De
308 2890 376 2924 hac
402 2890 632 2936 responsione
658 2888 740 2922 vide
767 2898 875 2932 supra
902 2898 935 2932 p.
964 2887 1044 2921 514.

191 2945 204 2964 ⁴
231 2943 331 2984 Vide,
358 2955 450 2988 quae
476 2943 543 2977 sub
569 2943 685 2987 ipsam
710 2941 804 2975 hano
830 2939 1023 2985 epistulam
1049 2939 1224 2974 dicentur.

192 2998 205 3018 ⁵
230 2997 272 3031 In
296 2997 450 3042 publicis
476 2996 533 3030 his
558 2995 690 3029 litteris
718 2997 748 3029 1.
775 2993 990 3028 Novembris
1019 2993 1109 3027 1562
1135 2993 1230 3027 datis
1255 2992 1367 3036 legati
1393 2992 1736 3037 pronuntiaverunt,
1763 2991 1840 3027 Lai-

72 3050 170 3085 nium
202 3052 260 3093 „ut
285 3050 529 3096 praepositum
555 3047 760 3093 generalem
779 3046 998 3092 approbatae
1024 3045 1228 3090 religioni&
1259 3046 1303 3080 ad
1321 3045 1533 3090 suffragium
1565 3045 1836 3088 ⁷‚diffinitivum⁴‘

73 3107 110 3137 et
133 3103 312 3149 pontificis
347 3104 448 3138 iussu
484 3105 519 3137 et
555 3114 600 3136 ex
634 3101 784 3146 antiqua
810 3100 1068 3134 consuetudine
1103 3111 1123 3134 a
1158 3111 1196 3134 se
1223 3099 1420 3134 admissum
1447 3110 1525 3133 esse
1552 3110 1594 3134 ac
1619 3101 1841 3144 postremum

72 3156 166 3192 inter
196 3157 423 3201 „generales“
453 3156 571 3191 locum
596 3155 729 3189 habere
755 3154 934 3195 voluisse;
960 3152 1064 3198 plura
1090 3153 1172 3187 vide
1198 3153 1292 3187 infra
1318 3165 1352 3198 p.
1380 3153 1578 3187 531—532.

195 3211 208 3231 ⁶
233 3210 285 3244 De
311 3210 378 3244 hac
404 3222 442 3244 re
468 3208 549 3243 vide
574 3208 680 3246 infra,
706 3219 860 3242 monum.
888 3206 1085 3242 280--283,
1113 3206 1193 3241 285.
1294 3206 1307 3227 ⁷
1333 3206 1386 3241 Of.
1413 3217 1521 3251 supra
1548 3218 1580 3252 p.
1607 3207 1687 3240 444.
1715 3206 1795 3241 460.
