2093 3444
506 206 670 249 Augusta
697 205 965 240 Vindelicorum
993 206 1048 240 23.
1077 205 1243 240 Octobris
1273 207 1373 240 1562.
1738 212 1821 252 501

51 325 363 377 promereatur.
429 322 585 364 Omnia
619 326 736 365 certe
769 323 891 364 nobis
925 323 1163 365 deserenda
1196 338 1245 365 ac
1279 325 1572 378 perpetranda
1611 326 1729 379 prius
1762 326 1826 368 ui—

52 389 229 439 dentur,
264 402 393 440 quam
426 390 474 429 ut
506 388 728 430 Ecclesiae
761 391 940 430 sanctae
972 388 1087 439 iura,
1132 391 1176 431 et
1208 389 1446 443 Religionis
1480 390 1728 433 Catholicae
1762 392 1826 433 in-

50 453 209 496 stituta
251 453 460 494 uiolemus
502 453 606 507 ipsi,
652 455 728 495 aut
772 453 807 495 si
849 453 1076 507 prohibere
1121 468 1373 508 possumus,
1420 454 1572 496 uiolari
1618 456 1671 497 ab
1715 457 1824 510 aliis,

51 518 281 573 patiamur.
343 518 512 560 Delirat
544 518 612 560 hic
645 519 829 560 mundus
862 519 905 560 in
938 521 1136 561 extrema
1168 522 1358 570 senecta,
1394 522 1438 561 et
1470 534 1628 572 magno
1662 521 1826 575 impetu

47 598 256 638 praeceps
280 583 593 636 quodammodo
627 584 714 627 ruit
746 584 789 625 in
812 599 981 626 omnem
1003 587 1096 626 tum
1122 585 1401 626 rebellionem
1423 587 1515 627 tum
1538 585 1823 639 impietatem.

49 649 190 691 Multa
229 648 401 691 interim
446 648 718 691 dissimulare
761 649 955 702 cogimur
997 664 1047 691 ac
1089 649 1257 704 perpeti
1299 650 1350 692 ob
1392 652 1636 704 temporum
1669 651 1825 703 iniqui-

49 717 210 757 tatem:
253 714 330 755 sed
372 714 425 756 ad
468 728 568 756 aras
601 729 758 768 usque,
802 717 849 757 ut
883 715 982 756 olim
1017 718 1135 757 recte
1175 715 1334 758 dictum
1378 715 1621 769 accepimus
1640 716 1666 758 ¹.
1732 717 1825 770 Ego

49 794 152 821 uero
194 779 412 822 Christum
456 779 555 833 Opt.
598 780 715 822 Max.
759 794 916 833 rogare
957 794 1160 834 pergam,
1206 783 1254 823 ut
1296 781 1537 823 Caesareae
1579 781 1825 824 Maiestatis

49 848 222 888 uestrae
265 847 446 887 conatus
488 847 532 887 et
564 845 708 887 studia
740 845 784 886 in
816 859 940 886 suam
982 848 1129 887 uertat
1161 845 1367 898 gloriam,
1412 849 1456 888 et
1488 847 1571 887 ada
1602 847 1825 889 Ecclesiae

47 912 276 964 prosperet
316 910 552 952 utilitatem
596 945 603 952 .
648 911 875 963 Augustae
916 909 1240 952 Vindelicorum
1283 913 1337 953 23
1372 911 1523 954 Octob.
1557 911 1683 954 Anno
1726 915 1825 966 post

47 975 265 1018 Christum
298 977 449 1017 natum
486 977 598 1017 1562
634 1011 641 1018 .
954 975 1114 1017 Seruus
1147 976 1190 1017 in
1224 976 1393 1019 Christo
1426 977 1519 1019 Pet.
1555 977 1762 1021 Canisius.

211 1073 296 1130 D[e
329 1074 431 1130 us]u
464 1074 577 1117 sacri
611 1073 777 1129 [calicis
810 1074 909 1129 p]ro
944 1075 1176 1117 Germania
1208 1076 1350 1118 Laicis
1386 1074 1615 1130 [p]etendo
1651 1112 1658 1119 .

167 1159 227 1201 Vt
259 1158 450 1200 breuiter
490 1160 535 1200 et
568 1155 788 1211 0[rdinate
829 1156 1092 1211 tract]emus
1135 1159 1186 1200 de
1228 1159 1452 1212 proposita
1494 1159 1616 1200 nobis
1653 1160 1823 1202 consul-

45 1223 227 1275 tatione,
262 1237 372 1277 quae
405 1222 560 1265 summi
593 1226 660 1265 est
683 1237 787 1264 sane
823 1221 1115 1278 [m]o[menti]
1152 1257 1159 1274 ‚
1195 1225 1239 1265 et
1262 1227 1420 1266 exacta
1452 1225 1824 1278 peruestigatione

45 1289 126 1331 hoc
166 1289 425 1344 praesertim
465 1291 660 1342 tempore
695 1288 883 1341 indiget,
928 1303 1005 1330 nos
1046 1302 1138 1330 rem
1180 1291 1320 1331 totam
1362 1289 1405 1330 in
1448 1290 1636 1342 quinque
1679 1290 1824 1345 capita

46 1356 353 1397 contrahemus
396 1390 404 1396 .
447 1354 636 1395 Primum
680 1353 784 1404 erit,
832 1355 900 1395 An
942 1355 1154 1408 petendus
1196 1354 1253 1396 sit
1293 1369 1396 1396 usus
1439 1355 1550 1397 sacri
1592 1355 1739 1397 calicis
1780 1356 1823 1397 in

45 1420 344 1463 communione
366 1419 677 1473 Augustissimi
711 1433 761 1461 ac
794 1419 1048 1461 diuinissimi
1077 1420 1341 1462 sacramenti
1364 1420 1701 1462 Eucharistiae?
1746 1422 1822 1463 Se-

46 1486 231 1528 cundum
265 1486 348 1528 Pro
383 1485 536 1539 quibus
568 1485 764 1539 personis
796 1485 922 1526 huius
955 1485 1100 1527 calicis
1133 1500 1236 1527 usus
1275 1485 1584 1528 conuenienter
1616 1488 1823 1540 petatur?

44 1551 253 1602 Tertium⁷
282 1552 351 1593 An
373 1551 451 1593 sub
476 1550 792 1593 conditionibus
816 1550 1071 1603 quibusdam
1094 1565 1217 1592 usum
1242 1551 1387 1593 calicis
1411 1554 1624 1604 congruat
1642 1554 1823 1605 petere?

43 1617 255 1667 Quartum
289 1616 407 1666 Quae
448 1630 549 1658 nam
590 1616 691 1658 illae
733 1616 1001 1658 conditiones
1042 1616 1085 1657 in
1126 1616 1238 1658 hunc
1279 1618 1408 1658 finem
1441 1617 1746 1670 proponendae
1780 1620 1824 1660 et

45 1682 199 1736 quibus
241 1682 384 1724 uerbis
426 1681 735 1736 exprimendae
776 1681 894 1724 sint?
958 1681 1161 1731 Quintum
1203 1684 1247 1724 et
1279 1682 1551 1724 Postremum
1587 1698 1595 1724 :
1630 1682 1745 1724 Num
1778 1682 1823 1724 in

44 1748 138 1790 foro
180 1748 386 1791 interiore
427 1750 599 1790 tantum
634 1781 641 1798 ‚
682 1761 737 1789 an
779 1747 905 1788 simul
948 1750 992 1789 et
1033 1746 1076 1788 in
1116 1747 1323 1790 interiore
1365 1750 1409 1789 et
1450 1747 1667 1790 exteriore
1709 1748 1822 1790 sacri

45 1813 193 1856 calicis
226 1828 328 1856 usus
361 1813 573 1867 petendus
606 1812 674 1855 sit.
741 1812 863 1854 Circa
895 1813 1002 1854 haec
1034 1812 1169 1865 igitur
1201 1813 1346 1867 capita
1380 1813 1638 1867 explicanda
1671 1827 1821 1855 uersa-

43 1879 205 1930 bimur‚
253 1882 301 1922 ut
345 1879 480 1921 totius
522 1878 853 1921 consultationis
894 1880 1043 1932 partes
1085 1877 1246 1921 rectius
1288 1878 1487 1920 distribui
1532 1893 1582 1920 ac
1624 1879 1821 1922 exactius

42 1944 225 1986 iudicari
257 1944 438 1999 possint,
473 1944 641 1987 Christo
676 1943 860 1985 Domino
893 1943 1088 1998 inprimis
1121 1943 1360 1986 auxiliante
1395 1979 1402 1986 .

174 2045 206 2087 Ι.
250 2044 319 2086 An
350 2044 408 2087 sit
439 2044 652 2098 petendus
681 2057 784 2085 usus
814 2043 926 2085 sacri
957 2042 1101 2085 calicis
1129 2042 1173 2084 in
1203 2056 1327 2084 sacra
1358 2042 1687 2085 communione?

164 2133 432 2187 Respondeo,
468 2132 563 2174 Etsi
595 2132 735 2186 prima
766 2132 874 2173 haec
897 2130 1095 2184 quaestio
1117 2130 1367 2186 principalis
1395 2131 1516 2173 uelut
1547 2131 1820 2174 fundamenti

43 2198 184 2240 locum
217 2200 360 2248 tenet,
404 2197 472 2239 cui
505 2200 736 2251 sequentes
778 2196 890 2238 aliae
929 2196 1205 2249 quaestiones
1248 2198 1629 2250 superstruuntur,
1672 2198 1819 2238 tamen

43 2277 129 2306 non
170 2264 277 2306 adeo
319 2262 567 2305 necessaria
611 2265 656 2305 et
697 2262 1011 2315 quodammodo
1053 2261 1362 2316 intempestiua
1406 2261 1543 2303 uideri
1586 2264 1733 2316 potest
1776 2261 1820 2303 in

43 2329 267 2383 proposita
309 2328 639 2371 consultatione.
713 2327 878 2381 Quippe
920 2341 1006 2369 non
1047 2327 1089 2368 in
1128 2327 1301 2369 dubium
1343 2327 1411 2369 hic
1452 2327 1578 2369 modo
1621 2330 1818 2378 uocatur,

43 2395 156 2448 quod
189 2408 215 2436 a
247 2408 374 2436 sacra
407 2394 572 2448 synodo
605 2407 757 2435 recens
789 2393 1059 2447 postulatum
1092 2407 1170 2434 nec
1195 2392 1470 2447 repudiatum
1504 2407 1598 2435 esse
1632 2395 1818 2443 constat,

44 2460 243 2514 quodque
276 2460 431 2502 Patres
458 2459 649 2513 Concilij,
684 2473 780 2500 cum
814 2458 884 2499 diu
917 2460 1198 2510 tractassent,
1232 2458 1410 2500 tandem
1443 2458 1499 2500 ad
1531 2458 1677 2500 sedem
1700 2457 1818 2512 Apo-

43 2525 241 2567 stolicam
285 2525 560 2567 referendum
600 2524 924 2574 iudicauerunt,
971 2523 1084 2576 quod
1128 2523 1303 2578 insuper
1346 2523 1558 2566 maiorum
1600 2526 1747 2566 aetate
1792 2538 1818 2566 a

44 2590 218 2645 Concilij
261 2589 515 2632 Basiliensis
556 2589 760 2632 Patribus
805 2603 1055 2631 concessum
1097 2589 1299 2631 Bohemis
1343 2589 1426 2631 fuit
1441 2590 1469 2632 2.
1543 2589 1661 2631 Juris
1703 2589 1817 2630 enim

162 2712 176 2727 2
205 2707 375 2750 Sequitm·
402 2705 548 2750 Christi,
575 2717 597 2739 a
625 2706 674 2739 St.
703 2706 950 2739 oblitteratum.

167 2819 175 2837 ¹
202 2818 321 2852 Aulus
342 2818 489 2861 Gellius,
514 2816 648 2851 Noctes
665 2816 810 2850 Atticae
836 2815 859 2850 l.
882 2816 911 2857 1,
939 2827 966 2849 0.
995 2815 1035 2850 3:
1067 2814 1244 2857 „Pericles
1271 2813 1330 2848 ille
1355 2814 1588 2848 Atheniensis
1616 2842 1622 2847 .
1643 2841 1650 2847 .
1672 2842 1678 2848 .
1706 2825 1815 2858 quum

43 2871 181 2906 amicus
208 2882 289 2905 eum
315 2872 477 2914 rogaret,
513 2871 553 2904 ut
577 2881 640 2914 pro
666 2881 705 2903 re
732 2880 913 2913 causaque
940 2868 1016 2902 eius
1042 2868 1175 2902 falsum
1202 2867 1397 2908 deieraret,
1434 2867 1490 2901 his
1516 2867 1559 2901 ad
1587 2879 1668 2901 eum
1694 2867 1816 2902 verbis

43 2936 132 2960 usus
159 2926 230 2959 est:
260 2924 320 2957 Δεῖ
340 2937 387 2965 με
405 2924 637 2968 συμπράττειν
663 2926 735 2961 τοῖς
753 2923 875 2967 φίλοις,
903 2922 1279 2967 ἀλλὰ,υ.έχριβωμῶν“
1314 2920 1410 2965 (alii:
1438 2922 1563 2966 „ss-5291
1592 2922 1727 2962 θεῶν“;
1755 2921 1816 2955 ubi

46 2990 181 3023 „usque
208 2978 252 3012 ad
279 2977 380 3011 aras“
410 2977 448 3011 in
473 2976 589 3011 veteri
615 2975 792 3010 Theodori
819 2975 937 3010 Gazae
964 2975 1129 3009 versione
1157 2974 1241 3018 est).

164 3031 177 3052 2
203 3031 368 3076 Synodus
406 3029 620 3065 basileensis
658 3030 711 3064 15.
740 3029 895 3063 Ianuarii
933 3029 1022 3063 1437
1063 3028 1320 3073 „Compactata
1357 3027 1594 3072 iglaviensia“
1637 3027 1815 3072 probavit,

43 3085 173 3129 quibus
200 3084 399 3118 communio
425 3083 492 3118 sub
519 3085 672 3127 utraque
698 3082 818 3127 specie
844 3082 1012 3116 Bohemis
1038 3082 1271 3126 Moravisque
1307 3081 1588 3122 concedebatur,
1624 3081 1731 3125 idque
1757 3081 1814 3115 de-

43 3140 141 3173 creto
176 3138 231 3172 23.
259 3136 469 3172 Decembris
507 3137 595 3171 1437
634 3136 809 3181 (sessione
843 3135 973 3180 XXX.)
1011 3135 1106 3169 edito
1141 3135 1346 3169 accuratius
1381 3134 1589 3179 explicavit.
1642 3134 1695 3169 Cf.
1727 3135 1814 3169 Can.

45 3191 134 3237 Epp.
161 3192 186 3233 1,
215 3191 282 3226 553
294 3192 315 3225 ¹.
