2093 3444
231 144 316 185 328
387 142 466 175 641.
503 140 668 176 Gauisius
694 141 879 186 Alphonso
905 141 1115 176 Salmeroni.
1157 142 1251 185 Aug.
1277 139 1384 174 Vind.
1414 140 1467 174 13.
1494 139 1702 174 Decembris
1730 141 1832 174 1561.

231 252 338 294 satis
372 254 500 306 aptus
523 252 695 294 uidetur
728 253 780 294 ad
805 251 1040 304 Collegium
1074 252 1155 294 hoc
1177 251 1579 303 administrandum,
1614 253 1836 307 multoque
1857 256 1998 299 minus

230 317 288 359 M.
332 317 516 358 Hermes
563 317 721 359 ibidem
769 317 941 359 futurus
989 316 1268 359 concionator
1313 317 1470 358 saltem
1514 317 1568 358 ad
1615 319 1807 372 tempus,
1857 322 1999 374 quoad

231 382 283 423 D.
317 382 629 433 Lambertus1,
673 385 749 424 aut
781 381 934 423 similis
975 382 1174 435 obtingat
1215 381 1325 423 alius
1357 384 1448 423 tam
1481 382 1661 424 solemni
1692 383 1785 425 loco
1820 385 1996 438 dignus:

230 447 403 488 Jdcirco
436 447 643 489 maiorem
684 447 727 488 in
762 446 935 488 modum
978 460 1151 488 oramus
1182 446 1233 489 R.
1268 446 1316 489 T.
1349 449 1398 488 ut
1437 449 1608 489 mature
1649 447 1850 492 mittatur
1882 450 2016 504 quisr

229 511 345 566 piam
378 512 433 553 ad
455 512 733 566 prouehenda
764 512 851 562 illa,
887 525 996 564 quae
1018 511 1177 566 partim
1210 514 1368 566 empta,
1401 511 1561 565 partim
1593 513 1812 568 aedificarj
1845 519 2000 570 coepta

230 580 331 619 sunt
372 577 415 619 in
457 591 506 619 eo
549 577 762 630 Collegio,
805 576 877 618 ubi
918 577 1055 619 nostri
1097 591 1122 618 a
1163 576 1341 630 Reginis
1384 579 1427 618 et
1461 577 1688 619 Dominis‘2
1728 593 2000 635 summopere

231 645 508 696 expetuntur.
573 642 753 685 Centum
787 642 929 683 aureis
961 642 1047 683 iam
1081 643 1282 683 emendos
1317 642 1449 683 libros
1483 648 1709 693 curarunt,
1753 646 1797 686 et
1828 648 1997 688 tantum

231 707 452 761 admonerj
485 709 654 761 petunt,
689 707 842 760 quibus
864 709 1094 761 praeterea
1126 706 1183 749 sit
1215 721 1321 761 opus
1338 707 1364 749 3.
1410 707 1478 748 Ex
1510 707 1590 749 1100
1613 707 1841 751 Prouincia
1873 724 1999 764 quem

231 773 462 814 Rectorem
504 775 580 814 0111
620 776 947 826 procuratorem
989 772 1074 814 illis
1115 772 1309 814 inuenire
1353 772 1567 826 possimus
1604 787 1690 815 non
1730 773 1877 825 uideo,
1919 775 2001 818 nisi

230 838 441 880 Rectores
482 837 598 891 ipsos
631 852 816 879 auocare
848 838 1052 888 uelimus,
1096 838 1208 890 quod
1250 837 1354 879 mihi
1395 837 1568 880 difficile
1606 838 1778 891 quidem
1810 842 1855 882 et
1886 839 2000 883 forte

230 903 537 957 poenitendum
571 903 702 945 etiam
736 903 831 944 fore
864 903 1048 944 uidetur.
1097 902 1162 944 Ac
1194 916 1298 944 sane
1330 905 1501 956 tempus
1534 917 1628 945 esse
1661 907 1779 957 puto,
1812 904 2001 958 reliquos

233 968 364 1009 etiam
399 968 469 1021 qui
503 982 551 1009 eo
585 968 835 1018 mittentur,
872 968 1148 1021 designandi,
1191 968 1243 1009 (10
1277 967 1430 1020 quibus
1463 982 1544 1021 ego
1576 968 1662 1010 iam
1695 973 1797 1012 ante
1830 970 2001 1024 saepius

231 1032 407 1074 memini
449 1034 598 1086 quales
641 1036 958 1087 expectenius³.
1023 1033 1245 1086 Rogamus
1287 1032 1412 1074 enixe
1450 1033 1500 1075 R.
1536 1033 1582 1075 Τ.
1617 1036 1665 1076 01
1699 1034 1999 1090 OEnipoutanj

232 1098 410 1152 Collegij
456 1112 631 1140 causam
676 1099 849 1140 minime
891 1098 1138 1151 uulgarem,
1186 1100 1229 1140 et
1270 1112 1420 1152 preces
1461 1102 1634 1141 nostras
1676 1099 1880 1142 ardentes
1922 1100 2002 1142 sibi

233 1177 361 1205 curae
394 1164 528 1205 fuisse
562 1163 766 1206 declaret.

351 1229 596 1270 Jubilaeum
639 1228 952 1283 publicabimus
968 1229 996 1270 4.
1067 1228 1197 1271 Faxit
1238 1228 1447 1270 Dominus
1488 1232 1536 1272 ut
1577 1232 1774 1283 optatum
1813 1230 2002 1273 fructum

232 1294 425 1345 adferat,
469 1295 593 1336 iuxta
634 1294 747 1348 piam
788 1294 852 1348 Pij
889 1293 1108 1335 I'ontificis
1151 1294 1513 1348 expectationem.
1579 1295 1825 1338 Gaudemus
1865 1296 2002 1338 indies

232 1360 383 1412 augeri
424 1374 648 1401 numerum
683 1359 994 1413 Episcoporum
1028 1359 1234 1402 Tridenti.
1300 1360 1363 1401 De
1396 1360 1443 1402 P.
1478 1360 1690 1402 Generale
1728 1364 1772 1403 et
1803 1360 2003 1403 Jndianis

232 1424 370 1466 literis
403 1425 529 1466 auide
563 1428 857 1479 expectamus.

351 1490 583 1531 Pecuniam
619 1490 818 1531 Caesaris
851 1492 895 1531 et
928 1490 1153 1531 collectam
1187 1489 1307 1531 breui
1345 1489 1567 1533 mittemus
1583 1491 1611 1533 5.
1675 1491 1744 1532 Ex
1776 1490 2004 1544 Moguntia

233 1555 338 1597 nihil
371 1555 627 1609 accepimus.
663 1558 707 1597 01
739 1555 878 1596 rarius
911 1555 965 1596 ad
998 1568 1076 1596 nos
1108 1554 1167 1596 illi
1202 1555 1408 1597 scribunt.

352 1620 502 1662 Visum
538 1624 605 1662 est
638 1620 839 1662 Patribus
871 1619 1328 1674 Jngolstadiensibus6
1360 1623 1404 1662 et
1436 1620 1560 1670 mihi,
1600 1635 1656 1662 ex
1688 1620 1897 1671 omnibus,
1931 1620 2003 1674 qui

234 1686 288 1728 ad
331 1685 649 1728 Profectionem
688 1686 920 1727 Jndianam
962 1688 1141 1740 paratos
1183 1685 1351 1727 animos
1392 1686 1701 1736 exhibuerunt,
1746 1686 1851 1728 duos
1891 1700 2004 1728 nunc

234 1751 486 1804 deligendos
527 1764 644 1801 esse,
687 1751 915 1793 Nicolaum
952 1750 1217 1801 Sei-uatium,
1266 1751 1308 1792 in
1352 1751 1676 1793 humanioribus
1716 1751 1854 1794 literis
1895 1752 2004 1793 bene

234 1819 469 1866 uersatum,
504 1830 684 1870 corpore
716 1830 800 1858 non
833 1830 985 1870 parum
1019 1816 1256 1865 robustum,
1291 1818 1335 1858 et
1357 1830 1515 1869 magno
1549 1817 1705 1859 adhoc
1734 1816 1818 1859 iter
1849 1815 2004 1871 spiritu

233 1881 562 1932 inflammatum,
597 1883 645 1923 ut
678 1881 768 1923 eius
800 1882 954 1924 literae
988 1881 1218 1923 adiunctae
1241 1881 1348 1923 satis
1371 1883 1591 1924 testantur
1607 1882 1636 1925 ⁷.
1680 1883 1743 1924 Αο
1776 1884 2004 1936 praeterea

354 2005 367 2018 ²¹
395 2000 629 2042 expectamus
656 1998 697 2031 Β.

360 2111 368 2128 ¹
397 2110 504 2143 Auer.

357 2163 370 2182 ²
395 2164 427 2196 A
454 2162 728 2205 magistratibus
755 2161 934 2196 caesareis
960 2161 1038 2196 sive
1068 2160 1241 2203 „dominis
1267 2160 1309 2194 de
1335 2159 1530 2203 regimine“
1570 2161 1606 2193 et
1641 2159 1705 2202 „de
1738 2159 1922 2200 camera“;
1958 2158 2004 2193 cf.

237 2227 345 2261 supra
373 2227 405 2260 p.
437 2216 501 2249 165
512 2215 536 2250 2.
565 2216 641 2250 169.
671 2216 749 2249 247.
896 2215 909 2234 ³
936 2214 990 2248 Cf.
1016 2214 1119 2256 infra,
1146 2226 1301 2248 monum.
1330 2214 1408 2247 321.
1436 2213 1634 2247 323—325.

358 2271 370 2289 ⁴
397 2269 483 2303 Pius
501 2268 562 2302 IV.
590 2269 731 2303 litteras
759 2267 975 2313 apostolicas
993 2267 1106 2301 Roma
1127 2268 1179 2301 15.
1198 2266 1413 2301 Novembris
1433 2267 1519 2300 1561
1551 2266 1708 2307 dederat,
1735 2265 1865 2309 quibus
1882 2264 2007 2299 fideles

239 2334 380 2364 0011100,
417 2322 523 2367 plena
548 2322 773 2366 indulgentia
800 2321 835 2355 in
863 2322 977 2355 forma
1004 2321 1168 2362 1111111001,
1195 2322 1236 2354 ut
1262 2320 1429 2361 dicimus,
1457 2319 1596 2360 oblata,
1630 2318 1864 2353 vehementer
1888 2318 2007 2353 horta—

239 2376 364 2418 batur,
399 2378 458 2417 ut,
494 2377 689 2420 postquam
715 2375 858 2409 litterae
884 2374 968 2408 11100
996 2374 1040 2408 ad
1067 2385 1188 2407 eorum
1214 2374 1380 2407 notitiam
1406 2373 1677 2417 pervenissent,
1716 2372 1831 2406 altera
1857 2372 2007 2406 duarum

238 2429 543 2464 hebdomadarum
576 2428 805 2472 sequentium
840 2427 1002 2468 ieiuniis,
1038 2427 1278 2468 orationibus,
1314 2426 1419 2471 stipis
1452 2425 1660 2469 largitione,
1699 2427 2008 2459 sacramentorum

238 2482 483 2528 paenitentiae
509 2484 546 2516 et
571 2481 811 2516 eucharistiae
836 2481 1065 2525 susceptione
1101 2491 1310 2525 prosperum
1346 2478 1486 2514 concilii
1520 2478 1707 2512 tridentini
1741 2489 1949 2512 successum
1987 2489 2008 2512 a

239 2537 314 2571 Deo
341 2536 534 2580 impetrare
560 2535 757 2569 studerent.
792 2534 950 2568 Litteras
976 2533 1059 2568 illas
1089 2534 1199 2576 (haud
1224 2532 1402 2576 integras)
1430 2533 1626 2577 posuerunt
1643 2532 1856 2575 Raynazdus
1873 2531 1896 2565 l.
1916 2543 1946 2566 c.
1972 2531 2008 2565 in

241 2601 273 2624 a.
302 2589 389 2623 1561
418 2601 451 2622 n.
483 2589 524 2623 10
551 2590 588 2622 et
615 2588 675 2631 (ex
703 2587 758 2631 eo)
789 2589 876 2622 Jml.
904 2588 955 2621 Le
980 2588 1081 2631 Plat,
1117 2586 1431 2620 Monumentorum
1463 2585 1507 2619 ad
1534 2584 1732 2619 Historiam
1759 2583 1907 2618 Concilii
1933 2583 2009 2618 Tri-

241 2641 380 2677 dentini
407 2670 413 2676 .
443 2670 449 2676 .
477 2642 718 2686 spectantium
748 2668 753 2675 .
784 2668 792 2675 .
819 2640 983 2674 collectio
1010 2639 1061 2674 IV
1100 2639 1266 2682 (Lovanii
1295 2639 1422 2683 1784),
1462 2638 1661 2673 735—736.
1712 2636 1808 2679 Quas
1844 2637 2010 2672 Canisius

243 2697 297 2731 14.
324 2695 534 2730 Decembris
563 2695 673 2736 1561,
709 2706 800 2738 quae
831 2693 1036 2735 „Dominica
1062 2694 1123 2727 III.
1151 2693 1361 2727 Adventus“
1392 2694 1488 2733 erat,
1525 2693 1713 2735 Augustae
1739 2702 1785 2725 ex
1810 2691 1910 2725 aedis
1935 2701 2010 2725 ma-

241 2749 362 2783 ximae
388 2751 563 2792 suggestu
591 2747 855 2793 promulgavit;
881 2747 964 2781 vide
990 2746 1094 2789 infra,
1121 2757 1276 2780 monum.
1305 2746 1384 2780 248.
1507 2745 1520 2765 ⁵
1547 2744 1600 2779 Cf.
1627 2755 1736 2789 supra
1761 2755 1796 2788 p.
1822 2744 1902 2779 299.
1929 2743 2009 2779 300.

363 2803 376 2822 ‘³
401 2802 546 2843 Lanoio,
574 2801 787 2842 Cuvillonio,
814 2800 957 2842 Pisano,
984 2799 1181 2845 praepositi
1206 2799 1439 2844 provincialis
1469 2797 1788 2840 „consultoribus“.

363 2856 375 2875 ⁷
403 2854 456 2889 Cf.
486 2856 574 2890 Can.
600 2854 690 2900 Epp.
717 2854 770 2896 Π,
797 2854 877 2889 345.
927 2853 1099 2888 Ν1001000
1125 2853 1331 2894 Servatius,
1367 2850 1701 2895 luxemburgensis,
1735 2861 1782 2884 m.
1810 2849 2015 2900 Septembri·

246 2909 336 2944 1560
363 2908 477 2942 Roma
501 2908 538 2942 in
566 2907 794 2943 Germaniam
821 2907 1043 2952 superiorem
1068 2907 1203 2941 missus
1231 2906 1336 2949 (Can.
1365 2905 1453 2950 Epp.
1481 2905 1532 2946 II,
1561 2903 1665 2947 729),
1701 2903 1767 2937 sub
1802 2914 1847 2937 m.
1874 2902 2010 2936 Maium

246 2962 334 2996 1561
363 2962 398 2996 in
425 2961 577 3006 collegio
602 2961 809 2996 monacensi
840 2960 910 3003 „3²²0
936 2960 1064 2994 classis
1090 2971 1240 3003 gramm.
1260 2959 1491 3004 praecept0r“
1514 2959 1592 2991 erat
1610 2956 1643 3000 (*
1655 2955 1850 2998 Catalogus
1869 2955 2012 2999 collegii

244 3016 480 3057 monacensis,
506 3015 573 3049 sub
598 3026 645 3049 m.
672 3015 808 3048 Maium
835 3025 866 3048 a.
889 3014 976 3048 1561
1006 3025 1026 3047 0
1052 3013 1090 3048 P.
1116 3014 1331 3046 Tleeodorc'co
1357 3013 1502 3046 Canisz'o
1527 3012 1667 3044 rectore
1692 3009 1842 3043 Romam
1867 3008 2009 3043 missus.

246 3068 330 3102 Ood.
361 3068 423 3111 „G.
451 3068 515 3113 Ep.
543 3068 595 3102 11⁶⁶
625 3069 651 3102 f.
681 3068 778 3102 153³.
832 3066 886 3101 Cf.
913 3066 1066 3100 similem
1094 3065 1336 3109 *Catalogum
1362 3065 1406 3099 ab
1433 3064 1556 3098 eodem
1583 3062 1774 3107 scriptum,
1814 3073 1906 3096 anno
1941 3073 2012 3096 non

246 3122 415 3166 ascripto.
468 3121 551 3155 Cod.
583 3121 646 3163 „G.
674 3121 710 3155 C.
739 3121 804 3155 67“
833 3132 867 3166 p.
896 3120 993 3164 159).
