2093 3444
229 204 314 245 430
750 199 829 234 683.
866 198 1031 233 Canisius
1057 198 1240 244 Alphonso
1267 198 1476 234 Salmeroni.

228 317 428 367 uintiale,
473 331 598 370 quem
630 315 733 358 licet
766 315 832 369 (ut
865 315 944 369 ait)
978 317 1095 357 amet
1127 329 1178 357 ac
1211 318 1466 358 reuereatur
1508 315 1637 370 officij
1680 318 1724 358 et
1756 316 1997 359 vocationis
2044 321 2056 374 3

227 382 409 433 ratione,
444 382 561 423 nullo
593 384 740 424 tamen
773 381 899 423 modo
932 381 975 422 in
1008 379 1322 434 gubernatione
1349 383 1501 423 contra
1533 394 1653 422 suam
1689 381 1996 425 conscientiam
2046 434 2047 439 Ἰ

228 450 272 490 et
316 462 412 490 cum
460 446 719 489 detrimento
765 446 1045 499 collegiorum
1090 445 1210 498 sequi
1255 448 1412 499 potest.
1486 445 1562 488 Ait
1606 460 1758 501 saepe,
1805 446 1850 489 P.
1891 447 1998 489 Pro·
2049 455 2052 494 ζ

227 512 449 555 uintialem
483 526 567 554 non
600 512 654 553 ad
686 511 960 566 prouintialis
993 510 1204 560 officium,
1247 510 1321 552 sed
1355 510 1409 552 ad
1447 510 1780 553 contionandum
1814 514 1858 554 et
1889 512 1996 554 scri·

187 604 190 606 -
226 579 412 620 bendum
445 592 538 620 esse
571 577 793 618 idoneum:
828 589 1010 629 eumque
1043 575 1122 617 sibi
1144 575 1187 616 in
1220 575 1416 617 omnibus
1449 589 1544 618 esse
1577 590 1831 630 semperque
1864 577 1997 619 fuisse

228 643 514 686 contrarium:
548 656 627 684 nec
650 641 764 683 omni
788 641 914 695 culpa
938 654 1096 682 vacare
1119 640 1165 683 P.
1190 640 1427 694 Lanoyum,
1462 644 1510 683 ut
1532 641 1605 694 qui
1637 641 1694 684 sit
1724 641 1998 696 prouintialis
2053 663 2057 675 ν

228 708 517 763 compatriota
535 709 560 751 ¹.
606 707 731 748 Hanc
764 707 817 748 ob
851 720 1025 748 causam
1059 719 1106 747 se
1138 705 1363 758 reliquisse
1386 705 1674 748 Viennensem
1699 706 1996 758 Rectoratum,

229 778 272 816 et
305 788 418 815 nunc
449 773 587 815 modis
621 772 818 814 omnibus
850 770 1143 826 praesentiam
1177 773 1220 813 et
1244 771 1501 824 colloquium
1523 771 1796 826 prouintialis
1829 773 1998 815 subter-

229 840 404 892 fugere,
450 838 562 892 quod
605 837 685 879 sibi
717 836 823 879 nihil
864 836 1090 878 molestius
1132 838 1207 878 aut
1247 836 1425 889 grauius
1468 836 1641 878 euenire
1674 839 1826 890 queat,
1870 851 1998 890 quam
2048 828 2053 832 .

229 905 390 957 aliquid
424 919 519 946 cum
552 902 813 957 prouintiale
846 904 1052 944 tractare.
1111 901 1240 944 Dolet
1271 901 1445 944 interim
1478 901 1722 956 plurimum,
1757 902 1869 955 quod
1902 915 1999 943 cum

230 971 280 1013 R.
308 970 354 1012 P.
383 969 590 1011 Romanis
623 967 853 1021 aliquoties
887 970 930 1009 et
963 968 1078 1009 clare
1111 966 1219 1009 satis
1252 967 1358 1009 haec
1389 967 1705 1022 perscripserit,
1738 967 1820 1022 ipsi
1851 970 1998 1010 tamen

231 1035 524 1085 dissimulent,
567 1048 618 1076 ac
650 1034 685 1075 si
728 1033 866 1076 nolint
896 1047 986 1074 rem
1022 1032 1279 1086 intelligere.
1344 1033 1563 1086 Expectat
1604 1035 1752 1075 tamen
1794 1046 1849 1074 ex
1882 1032 1999 1074 Vrbe

230 1101 403 1150 literaS,
447 1100 600 1154 quibus
641 1099 709 1141 uel
753 1098 924 1140 omnino
967 1098 1020 1139 ab
1062 1098 1142 1139 hoc
1174 1097 1391 1140 tractandi
1434 1097 1570 1140 offitio
1612 1098 1886 1146 absoluatur,
1929 1097 1998 1139 uel

232 1169 349 1208 certe
381 1165 510 1207 liceat
533 1164 613 1206 sibi
644 1178 720 1218 pro
745 1163 923 1206 arbitrio
957 1177 1033 1205 suo
1058 1163 1336 1216 collegiorum
1359 1163 1535 1216 negotia
1564 1165 1771 1206 tractare.
1815 1162 1998 1204 Causam

231 1231 394 1272 nullam
428 1230 559 1281 uidet,
595 1244 669 1271 cur
701 1228 778 1271 sibi
814 1228 1013 1271 diffidant
1045 1228 1307 1282 superiores,
1340 1227 1383 1269 in
1415 1228 1680 1270 tractatione
1711 1228 1997 1281 negotiorum.

231 1297 346 1338 Nam
379 1296 470 1337 siue
494 1295 774 1349 experientia,
810 1294 900 1335 siue
923 1293 1138 1344 iudicium,
1173 1293 1264 1335 siue
1286 1293 1413 1335 fauor
1434 1293 1667 1344 hominum,
1701 1293 1792 1335 siue
1815 1292 1999 1346 denique

231 1362 422 1404 charitas
455 1375 583 1414 quam
616 1360 759 1410 habet,
795 1362 1029 1413 spectetur,
1064 1373 1109 1400 se
1143 1372 1238 1400 eum
1273 1372 1366 1400 esse
1396 1358 1512 1408 dicit,
1546 1358 1618 1412 qui
1641 1358 1745 1400 nulli
1777 1358 1999 1401 societatis

229 1427 344 1482 patri
390 1426 528 1469 cedat.
603 1426 722 1467 Haec
768 1427 811 1467 et
852 1425 1087 1479 plaeraque
1133 1424 1217 1465 alia
1262 1438 1372 1477 quae
1416 1423 1633 1466 lubentius
1675 1423 1827 1466 omitto
1871 1437 1999 1477 quam

229 1492 382 1542 scribo,
419 1491 543 1534 dicit:
577 1504 730 1544 meque
763 1489 998 1540 admonuit,
1034 1492 1082 1531 ut
1115 1488 1150 1530 si
1184 1489 1235 1530 de
1268 1489 1333 1530 his
1361 1489 1406 1532 P.
1431 1489 1482 1530 V.
1517 1488 1762 1539 scriberem,
1797 1489 1839 1531 id
1872 1489 1998 1531 ualde

229 1557 466 1612 prudenter
498 1558 632 1606 fieret,
667 1569 719 1597 no
741 1555 788 1597 P.
815 1556 865 1598 V.
890 1555 988 1597 hinc
1021 1554 1401 1596 scandalizaretur.
1447 1554 1654 1606 Equidem
1678 1555 1841 1596 nullum
1874 1568 1999 1596 scan-

231 1623 375 1664 dalum
411 1636 465 1664 ex
506 1624 631 1676 parte
672 1621 886 1663 humanae
928 1619 1193 1662 infirmitatis
1226 1619 1267 1661 in
1301 1620 1351 1662 R.
1386 1620 1437 1662 V.
1471 1619 1601 1662 timeo
1634 1619 1714 1662 Dei
1746 1619 1911 1673 gratia,
1955 1622 2000 1663 et

228 1687 409 1742 proinde
442 1687 575 1728 libere
608 1686 773 1741 scripsi,
809 1700 891 1739 quo
925 1685 1095 1727 facilius
1128 1684 1252 1726 malis
1284 1684 1442 1727 futuris
1475 1687 1738 1727 occurratur.
1803 1685 1918 1727 Nam
1950 1687 2000 1728 vt

230 1753 314 1804 ait,
359 1753 439 1794 nisi
472 1752 690 1794 timuisset
722 1751 975 1800 Dominum,
1018 1751 1129 1793 hanc
1171 1751 1223 1792 ob
1256 1764 1346 1791 rem
1379 1749 1538 1792 iamdiu
1576 1750 1812 1792 maximum
1845 1750 1999 1793 salutis

231 1832 280 1860 ac
313 1817 555 1860 vocationis
597 1831 700 1859 suae
734 1817 1040 1859 detrimentum
1082 1830 1236 1870 passus
1276 1815 1453 1865 fuisset,
1491 1816 1581 1869 jino
1623 1817 1671 1857 ut
1708 1818 1911 1870 apparet,
1955 1818 2000 1858 et

229 1883 322 1938 ipse
357 1883 669 1936 quodammodo
693 1883 869 1931 fatetur,
904 1882 1128 1935 Vtriusque
1160 1881 1363 1923 sanitatis
1385 1881 1493 1923 satis
1525 1895 1660 1934 graue
1693 1881 1999 1924 detrimentum

231 1949 417 2003 patitur,
463 1963 557 1990 cum
598 1949 678 1990 hac
720 1948 772 1989 de
805 1961 936 1989 causa
978 1961 1075 1989 raro
1117 1947 1226 1988 bene
1258 1946 1406 1988 valeat
1443 1960 1642 2000 corpore,
1686 1960 1736 1988 ac
1778 1947 1998 2001 perpetuis
2061 1987 2063 1992 .

231 2013 363 2055 animi
395 2013 792 2068 perturbationibus
825 2013 1062 2066 affligatur,
1096 2015 1144 2055 ut
1176 2012 1267 2067 ipse
1300 2012 1374 2054 ait.

350 2079 408 2121 Et
449 2079 666 2121 concludit
709 2078 860 2120 deinde
894 2078 1075 2120 Rector:
1118 2077 1371 2120 Timendum
1414 2079 1481 2119 est
1521 2091 1616 2119 meo
1648 2077 1824 2128 iudicio,
1869 2091 1922 2119 ne
1963 2076 1999 2119 si
2059 2109 2064 2132 :

230 2143 301 2185 diu
333 2144 419 2186 ista
452 2144 620 2194 durent,
655 2144 721 2185 vir
753 2144 824 2185 ille
847 2143 1057 2198 paulatim
1090 2143 1333 2184 huiusmodi
1356 2142 1692 2195 cogitationibus
1719 2143 2011 2186 contabescat·

230 2211 273 2251 et
306 2209 572 2252 conficiatur.
631 2210 854 2252 Hactenus
888 2222 968 2262 ego
1001 2208 1070 2250 uel
1104 2208 1384 2259 dissimulaui,
1419 2208 1532 2262 quod
1563 2210 1759 2262 putarem
1793 2221 1861 2249 me
1894 2207 1998 2250 nihil

228 2277 427 2317 acturum
461 2288 576 2326 esse,
620 2275 689 2317 uel
722 2288 1027 2327 nonnunquam
1070 2287 1155 2327 qua
1186 2273 1306 2328 potui
1348 2273 1561 2316 modestia
1600 2272 1789 2316 tractaui
1821 2273 1901 2315 de⁸
1934 2271 1995 2328 [Ρ]

227 2353 277 2381 eo
313 2374 321 2382 .
355 2339 517 2381 Verum
559 2354 654 2381 cum
697 2339 799 2381 nihil
842 2339 1055 2381 effecerim
1097 2339 1177 2380 hoc
1215 2339 1363 2389 modo,
1407 2338 1554 2382 dubito
1591 2341 1737 2380 Vtrum
1778 2338 1995 2392 expediat,

226 2405 297 2446 uel
339 2404 470 2447 etiam
508 2405 565 2447 sit
605 2404 769 2447 licitum
813 2404 850 2446 ei
893 2404 1178 2446 absolutionis
1220 2403 1505 2446 beneficium2
1543 2403 1778 2458 impertiri,
1821 2403 1903 2445 nisi
1943 2403 1996 2446 de

226 2470 448 2523 superiore
481 2484 556 2511 suo
589 2470 749 2512 rectius
780 2470 963 2524 posthac
995 2470 1200 2522 loquatur
1232 2472 1276 2511 et
1307 2469 1481 2512 sentiat.
1545 2469 1651 2511 Peto
1683 2468 1829 2522 igitur,
1864 2482 1920 2510 an
1951 2468 1995 2510 in

226 2534 303 2576 tali
338 2537 458 2576 stat-u
489 2537 840 2588 perseuerantem
884 2534 1015 2577 liceat
1048 2534 1286 2576 absoluere.
1350 2534 1436 2576 Res
1477 2533 1584 2575 haec
1625 2547 1709 2575 non
1740 2547 1894 2588 parum
1927 2547 1994 2575 me
2054 2579 2061 2591 ἑ

225 2599 457 2642 sollicitum
490 2602 633 2649 tenet,
679 2602 727 2641 ut
768 2599 947 2653 proinde
988 2599 1303 2653 quamprimum
1343 2598 1503 2640 habere
1542 2597 1766 2640 consilium
1809 2598 1990 2652 cupiam.

345 2665 582 2718 Hucusque
614 2665 748 2706 verba
777 2664 988 2716 Rectoris,
1024 2664 1176 2717 quibus
1209 2678 1289 2718 ego
1322 2677 1461 2717 pauca
1493 2663 1703 2717 quaedam
1737 2663 1992 2717 adiungam:

226 2729 416 2771 Primum
451 2744 506 2772 ex
538 2729 679 2771 animo
712 2743 780 2771 me
814 2730 971 2780 dolere,
1006 2729 1119 2783 quod
1151 2729 1201 2771 R.
1229 2729 1275 2772 P.
1303 2728 1499 2770 Victoria
1530 2728 1573 2770 in
1605 2731 1790 2782 vtroque
1821 2727 1993 2770 homine

225 2797 405 2849 propter
436 2808 504 2836 me
537 2796 582 2836 et
612 2794 961 2849 imperfectiones
993 2808 1113 2836 meas
1134 2796 1224 2836 tam
1258 2793 1414 2835 misere
1440 2793 1676 2847 affligatur,
1710 2807 1761 2836 ac
1792 2793 1993 2836 fortassis

345 2943 360 2958 ὃ
385 2939 442 2971 Ita
468 2939 502 2972 A
528 2939 584 2981 B,·
621 2940 680 2972 sed
713 2939 918 2973 Blessenmcs
951 2940 1102 2982 fortasse
1135 2940 1348 2982 scripserat:
1386 2949 1466 2971 cum
1478 2951 1491 2980 ,·
1524 2939 1564 2972 id
1598 2939 1692 2982 quod
1725 2949 1780 2971 res
1811 2938 1992 2982 postulare

225 2991 376 3025 videtur.

350 3125 360 3145 ¹
389 3124 442 3159 Cf.
469 3136 578 3170 supra
604 3137 636 3169 p.
663 3125 778 3159 250-
783 3124 862 3159 253.
890 3125 1006 3159 313—
1010 3125 1087 3166 315,
1115 3126 1152 3158 et
1176 3124 1280 3166 infra,
1307 3135 1462 3158 monum.
1489 3122 1569 3158 382.
1597 3123 1676 3158 383.

349 3177 427 3211 ‘2112
453 3179 678 3212 sacramento
703 3177 946 3223 paenitentiae
973 3177 1267 3212 administrando.
