2093 3444
612 203 655 237 ΙΙ.
693 202 920 237 Prooemium
948 202 1142 237 voluminis
1166 202 1278 237 tertii.
1750 218 1832 246 XIX

57 325 106 365 ut
148 323 199 364 de
241 320 581 375 locupletissimo
623 321 696 362 illo
729 320 853 374 regni
885 321 1078 363 bavarici
1112 320 1289 363 archivo
1323 321 1571 363 monacensi
1605 320 1834 373 („Reichs-

58 386 255 440 archiv“)
288 386 476 437 fatetur,
520 386 592 439 qui
626 386 697 428 diu
735 385 797 427 illi
828 387 1021 440 praefuit
1053 387 1209 428 Franc.
1246 387 1296 428 de
1329 387 1468 429 Lo'lzer
1501 386 1665 439 (Ueber
1697 386 1834 428 hand-

57 452 325 495 schriftliche
357 451 557 493 Annalen
599 452 685 493 und
718 451 922 494 Berichte
955 452 1032 493 der
1063 452 1284 502 Jesuiten,
1328 452 1371 493 in
1410 451 1835 505 „Sitzungsberichte

59 519 134 560 der
165 516 551 572 philos-philolog.
586 517 673 558 und
706 516 993 559 historischen
1027 517 1174 559 Classe
1216 517 1293 559 der
1325 517 1367 560 k.
1401 517 1441 559 b.
1475 516 1716 559 Akademie
1759 517 1836 559 der

58 583 436 625 Wissenschaften
468 597 519 624 zu
542 582 802 633 Muncheffl,
836 582 989 636 Jahrg.
1028 584 1154 633 1874,
1188 582 1230 624 Π
1264 581 1500 637 [M'unchen
1531 582 1678 637 1874j1,
1718 583 1833 636 163).

178 649 222 702 2)
261 648 590 699 „Monumenta“
618 662 747 702 porro
771 647 993 690 canisiana
1015 647 1175 702 partim
1199 648 1439 690 domestica
1457 650 1572 699 sunt,
1597 651 1645 691 ut
1664 648 1835 690 codices

59 714 309 757 contionum
342 713 516 765 Canisfi,
554 713 730 756 litterae
769 713 1181 766 „quadrimestres“‚
1216 713 1329 756 aliae
1361 713 1589 767 epistulae,
1625 727 1732 766 quas
1764 714 1835 756 vel

58 780 278 835 privatim,
314 779 385 821 vel
418 793 474 821 ex
507 779 649 821 officio
674 778 906 821 Societatis
932 778 1172 832 praepositi
1205 779 1365 832 aliique
1388 779 1502 821 Socii
1535 779 1650 822 inter
1682 793 1727 820 se
1761 779 1836 820 de-

59 846 236 896 derunt,
280 845 439 899 partim
473 848 679 895 externa,
723 858 778 886 ex
811 843 944 886 variis
977 844 1169 886 fontibus
1203 845 1481 899 deprompta,
1521 847 1569 887 ut
1601 847 1703 886 sunt
1736 848 1836 887 acta

58 911 325 955 cathedralis
359 910 539 964 capituli
572 910 819 962 augustani,
855 912 956 951 acta
989 909 1157 951 concilii
1189 910 1413 952 tridentini
1447 911 1500 952 ab
1524 911 1694 963 Angelo
1718 911 1836 952 Mas-

59 977 218 1019 sarello
257 976 448 1018 eiusdem
482 975 718 1018 secretario
752 974 1021 1029 conscripta,
1064 975 1301 1017 relationes
1334 976 1386 1017 de
1418 977 1547 1018 rebus
1580 976 1748 1018 concilii
1782 976 1836 1017 ad

60 1042 380 1084 Ferdinandum
413 1041 444 1083 I.
480 1055 703 1083 caesarem
738 1043 781 1083 et
813 1039 1043 1082 Albertum
1076 1041 1129 1083 V.
1163 1041 1381 1083 Bavariae
1414 1042 1566 1083 ducem
1600 1042 1654 1083 ab
1688 1056 1836 1084 eorum

60 1107 305 1150 oratoribus
337 1106 587 1149 tridentinis
621 1108 703 1148 etc.
739 1105 911 1156 missae,
946 1109 1228 1149 monumenta
1261 1107 1499 1149 domestica
1521 1107 1714 1149 familiae
1737 1107 1836 1160 fug-

59 1186 272 1227 geranae,
319 1174 420 1214 acta
466 1171 736 1225 „regiminis“
785 1172 993 1214 Austriae
1035 1171 1272 1225 superioris
1306 1172 1548 1227 Oeniponte
1593 1172 1834 1223 constituti,

58 1237 252 1280 Annales
285 1237 520 1291 augustani
553 1252 578 1279 a
612 1237 801 1279 Gassaro
845 1237 937 1278 eius
978 1237 1188 1291 temporis
1230 1238 1403 1290 aequali
1446 1238 1696 1292 compositi,
1738 1237 1837 1280 libri

60 1304 209 1346 eodem
242 1306 441 1358 tempore
472 1303 543 1345 vel
576 1317 602 1344 a
635 1303 860 1345 catholicis
893 1303 963 1344 vel
996 1317 1022 1344 a
1054 1303 1403 1357 protestantibus
1436 1303 1633 1357 evulgati
1666 1307 1748 1348 etc.

179 1369 253 1412 VI.
292 1369 332 1421 1)
365 1369 428 1411 Ut
460 1369 515 1410 ad
548 1382 635 1410 res
667 1368 784 1422 ipsas
817 1368 1037 1417 accedam,
1072 1369 1282 1422 epistulas
1310 1369 1440 1410 hasce
1469 1372 1837 1423 monumentaque

61 1435 285 1477 canisiana
315 1434 549 1488 imaginem
574 1433 749 1483 dixeris,
784 1434 826 1475 in
857 1448 942 1487 qua
973 1434 1302 1476 Germaniae
1335 1437 1522 1476 status
1554 1434 1837 1488 religiosus

61 1501 115 1543 ad
138 1500 287 1542 vivum
320 1500 581 1554 depingatur
612 1499 688 1549 ita,
722 1502 771 1541 ut
803 1499 931 1541 simul
965 1500 1177 1552 quaedam
1211 1500 1266 1542 ad
1299 1503 1477 1543 exteras
1509 1500 1709 1542 nationes
1738 1515 1838 1555 per-

60 1565 248 1608 tinentia
280 1565 617 1619 conspiciantur.
660 1565 801 1606 Multa
824 1567 942 1607 certe
964 1564 1006 1606 in
1029 1565 1111 1606 hac
1133 1565 1324 1618 imagine
1347 1569 1583 1609 cernuntur
1606 1566 1838 1608 admodum

61 1634 186 1674 atra
219 1633 386 1684 atque
419 1631 669 1673 funesta:
704 1630 1068 1684 Archiepiscopus
1101 1631 1489 1684 magdeburgensis
1519 1632 1665 1685 palam
1688 1632 1742 1673 ab
1766 1646 1837 1674 ec-

62 1696 193 1738 clesia
235 1695 450 1738 catholica
492 1696 635 1738 deficit
678 1694 823 1750 (360);
868 1696 1144 1750 episcopatus
1185 1697 1580 1749 merseburgensis,
1624 1697 1838 1740 Michaele

62 1761 293 1815 Heldingio
328 1760 474 1815 (quem
507 1761 704 1803 Canisius
737 1761 1034 1803 doctissimum
1074 1761 1190 1804 inter
1223 1762 1481 1804 Germaniae
1523 1762 1749 1817 episcopos
1794 1765 1839 1805 et

62 1827 463 1880 eloquentissimum
505 1826 641 1879 ducit)
683 1829 876 1878 mortuo,
920 1841 945 1869 a
986 1826 1179 1881 principe
1220 1828 1409 1870 electore
1452 1828 1669 1870 Saxoniae
1711 1843 1838 1870 occu-

61 1895 192 1947 patur
224 1892 343 1946 (257.
380 1893 506 1947 360);
553 1893 698 1947 ampla
730 1892 806 1935 illa
838 1896 958 1935 terra
991 1892 1316 1947 archiepiscopo
1350 1896 1395 1936 et
1436 1894 1613 1936 electori
1655 1908 1839 1947 mogun-

61 1958 154 2001 tino
196 1958 392 2001 subiect-a
433 1972 595 2011 magna
629 1958 869 2000 animorum
906 1958 1182 2012 corruptione
1214 1959 1388 2001 laborat
1421 1958 1539 2010 (192.
1576 1961 1674 2002 205.
1710 1961 1837 2012 210);

63 2023 288 2078 Herbipoli
329 2023 495 2065 nobiles
539 2023 803 2066 cathedralis
837 2023 1048 2065 ecclesiae
1081 2023 1276 2065 canonici
1316 2024 1381 2074 „in
1422 2039 1591 2067 summa
1631 2025 1833 2068 licentia“

63 2089 218 2131 vivunt
251 2088 398 2142 (422);
442 2089 487 2130 in
528 2089 819 2131 universitate
860 2089 1174 2131 vindobonensi
1214 2089 1465 2143 theologiae
1506 2091 1727 2133 auditores
1769 2092 1839 2133 vel

63 2155 294 2197 admodum
326 2154 454 2208 pauci
486 2155 556 2196 vel
589 2168 743 2208 parum
776 2154 920 2196 idonei
943 2153 1088 2208 (267);
1122 2155 1238 2197 inter
1270 2155 1573 2198 adulescentes
1605 2170 1839 2209 germanos

63 2219 203 2274 pauci,
238 2222 286 2262 ut
319 2219 515 2262 Canisius
549 2220 765 2273 queritur,
800 2220 961 2262 litteris
993 2219 1141 2262 latinis
1174 2221 1430 2274 graecisque
1463 2224 1507 2263 et
1539 2221 1839 2276 philosophiae

64 2285 176 2327 serio
209 2285 316 2327 dant
349 2299 526 2339 operam
559 2284 705 2338 (277);
748 2285 793 2326 in
834 2286 948 2327 clero
981 2285 1170 2328 avaritia
1203 2288 1247 2328 et
1280 2286 1463 2328 simonia
1495 2287 1611 2328 haud
1643 2287 1706 2329 ita
1738 2302 1838 2329 raro

65 2352 318 2405 comparent
360 2350 478 2403 (512.
514 2350 790 2404 632—635);
836 2350 961 2393 multi
1003 2351 1254 2394 sacerdotes
1295 2351 1560 2394 breviarium
1602 2367 1687 2394 non
1728 2353 1840 2394 reci-

63 2418 179 2467 tant3
222 2416 361 2458 multa
393 2416 663 2458 monasteria
696 2416 892 2465 deserta3
936 2416 1286 2459 contionatorum
1329 2419 1373 2459 et
1414 2431 1584 2464 eorum,
1632 2419 1704 2471 qui
1746 2419 1839 2460 ani-

64 2495 231 2522 marum
271 2495 419 2522 curam
462 2484 641 2534 gerant,
684 2495 846 2534 magna
886 2481 1033 2536 inopia
1075 2481 1163 2535 (75.
1200 2484 1298 2525 387.
1334 2484 1433 2525 223.
1469 2485 1567 2526 365.
1606 2485 1702 2526 134.
1741 2486 1838 2527 175.

65 2548 164 2589 312.
190 2546 307 2598 321).
353 2546 496 2608 Quare
528 2546 572 2587 in
601 2546 810 2588 Bohemia
843 2547 1157 2589 catholicorum
1190 2561 1396 2590 numerus
1428 2548 1471 2590 in
1505 2549 1597 2591 dies
1629 2549 1840 2592 minuitur

64 2610 201 2664 (189).
266 2611 315 2652 In
346 2611 555 2654 Austriae
587 2611 805 2653 inferioris
846 2612 1111 2665 magistratu
1152 2613 1245 2655 sive
1288 2613 1548 2667 „regimine“
1594 2614 1740 2668 plures
1772 2615 1839 2656 lu-

64 2676 237 2719 therani
269 2690 400 2729 quam
433 2677 635 2719 catholici
668 2680 771 2720 sunt
803 2677 939 2731 (367).
997 2677 1227 2732 Augustae
1259 2679 1605 2730 Vindelicorum‚
1653 2680 1723 2732 qui
1767 2694 1839 2722 ca-

62 2741 249 2784 tholicos
282 2741 415 2783 libros
449 2743 650 2792 excudat,
684 2742 770 2784 iam
803 2757 889 2784 non
920 2742 1142 2785 invenitur
1165 2742 1283 2796 (772.
1310 2745 1426 2798 785).
1475 2745 1650 2787 Interea
1671 2746 1840 2787 Naum-

65 2806 192 2860 burgi
213 2806 431 2860 principes
452 2810 753 2861 protestantes
775 2808 952 2850 nuntios
975 2808 1251 2862 apostolicos,
1285 2823 1311 2851 a
1335 2810 1489 2862 quibus
1523 2811 1577 2852 ad
1611 2810 1838 2852 concilium

64 2871 321 2922 invitantur,
354 2872 544 2926 turpiter
576 2873 793 2927 repellunt
825 2876 870 2915 et
902 2874 956 2915 ab
978 2872 1166 2927 Angliae
1198 2874 1352 2927 regina
1374 2875 1627 2928 Daniaeque
1659 2889 1763 2929 rege
1795 2876 1839 2917 in

70 2937 375 2987 „Confessione
397 2940 667 2991 augustana“
697 2938 889 2980 tenenda
912 2940 1224 2981 confirmantur
1241 2937 1468 2992 (84—86).
1505 2940 1714 2994 Theologi
1737 2955 1839 2994 pro-

64 3003 282 3044 testantes
312 3002 608 3044 communibus
641 3003 814 3055 quidem
837 3003 992 3044 studiis
1016 3003 1266 3053 catholicos,
1300 3004 1490 3046 maxime
1512 3004 1634 3046 libris
1657 3005 1838 3047 famosis

65 3066 205 3117 editis,
239 3067 462 3109 lacessunt
485 3066 602 3119 (240.
629 3069 727 3110 326.
754 3069 852 3110 374.
879 3069 978 3111 409.
1002 3070 1102 3111 491.
1128 3069 1227 3111 527.
1255 3068 1380 3121 772);
1415 3070 1667 3123 ceteroquin
1690 3074 1837 3113 autem

65 3131 224 3174 acriter
254 3131 370 3173 inter
401 3146 448 3174 se
479 3136 678 3186 pugnant
710 3132 797 3185 (86.
834 3135 934 3176 322.
969 3135 1067 3176 325.
1103 3135 1202 3176 378.
1238 3135 1337 3176 469.
1373 3136 1472 3176 488.
1508 3135 1628 3188 490).
1693 3136 1838 3178 Calvi-

65 3196 228 3238 nismus
260 3196 401 3250 magis
426 3197 653 3250 magisque
675 3198 1055 3240 Lutheranismum
1080 3202 1259 3253 superat
1283 3199 1400 3252 (239.
1427 3199 1544 3253 381).
1589 3201 1657 3242 Ex
1683 3201 1837 3252 Gallia,
