2093 3444
245 179 329 220 290
480 175 559 210 622.
596 175 804 220 Alphonsus
831 175 1016 211 Salmeron
1043 174 1197 210 Canisio.
1240 175 1353 211 Roma
1379 177 1412 212 8.
1438 176 1653 213 Novembris
1681 179 1783 214 1561.

600 294 661 336 Vt
693 293 806 335 cassi
837 292 1086 335 melioribus
1119 293 1288 336 dedisse

600 358 687 409 Bis,
722 358 924 412 quiddam
957 358 1186 409 modicum,
1221 359 1334 412 quod
1366 373 1462 401 esse
1493 373 1639 402 remur

600 424 700 466 Non
733 423 880 478 dispar
912 423 1090 464 nimium
1123 438 1149 465 a
1180 426 1255 466 tuo
1288 424 1449 475 labore,

599 489 664 531 Ac
697 489 853 538 dono1,
887 491 1036 530 tamen
1067 488 1111 529 id
1143 488 1275 530 velim
1306 489 1507 543 repellas,

599 554 664 596 Ac
697 567 890 608 spernas,
925 553 1006 594 nisi
1040 552 1261 607 quippiam
1292 554 1475 608 putaris,

601 619 675 662 Sin
707 632 812 660 vero
844 618 1031 673 placeat,
1065 618 1307 672 probesque
1341 619 1583 673 quicquam,

599 685 693 726 Duc
724 683 792 725 fas
825 697 920 725 esse
952 683 1031 726 tibi
1062 683 1150 725 tuis
1182 683 1329 726 iubere

599 749 701 792 Istis
732 748 982 790 muneribus
1015 747 1171 799 subire,
1204 748 1343 803 ijsque

601 814 818 857 Inseruire
851 814 947 868 alijs
979 828 1107 867 mage
1139 814 1442 868 approbandis.

659 889 718 932 Ni
749 892 798 932 tu
830 893 958 944 turpe
990 893 1118 944 putes
1149 890 1264 932 heris
1297 891 1471 933 venusti

602 955 699 998 Oris
732 955 993 1009 mancipium
1026 955 1259 997 admouere
1291 955 1478 1007 foedum,

600 1021 658 1064 Et
689 1021 896 1062 IVDITH
929 1020 1091 1062 similes
1123 1019 1316 1063 ABRAS
1348 1022 1546 1075 requiras
1562 1022 1591 1064 2.

661 1097 862 1151 Dilingae
898 1098 1023 1140 1561.
1058 1097 1196 1151 pridie
1229 1097 1349 1139 Non:
1383 1098 1644 1140 Nouembris
1679 1133 1687 1141 .

363 1183 415 1218 De
442 1182 618 1228 epistulae
644 1181 750 1215 huius
777 1180 1094 1225 hendekasyllabis
1130 1182 1355 1226 conscriptae
1382 1183 1527 1216 auctore
1558 1182 1595 1215 in
1621 1181 1819 1226 *Cataloyo
1844 1182 2018 1217 universi-

243 1237 330 1272 tatis
357 1237 563 1280 dilinganae
589 1234 656 1269 sub
683 1246 714 1269 a.
736 1235 826 1269 1562
852 1234 911 1268 vel
939 1235 1029 1269 1563
1056 1235 1201 1279 scripto,
1229 1234 1272 1268 de
1298 1246 1367 1279 quo
1393 1246 1503 1280 supra
1529 1247 1562 1280 p.
1582 1235 1650 1270 283
1678 1235 1812 1270 dictum
1839 1237 1904 1277 est,
1930 1235 2019 1271 haec

244 1294 347 1326 sunt:
389 1291 455 1333 „M.
482 1289 675 1324 Mathaeus
702 1288 862 1323 Galenus
888 1288 1093 1331 Theologus
1129 1288 1232 1322 docet
1267 1289 1353 1322 liora
1382 1289 1435 1323 .6¹²
1466 1300 1571 1323 mane
1607 1290 1644 1322 et
1677 1288 1764 1323 hora
1799 1289 1842 1323 2³
1879 1289 2020 1334 uesperi

244 1345 459 1389 Magistrum
487 1342 754 1377 Sententiarum
791 1345 826 1375 et
851 1341 980 1375 librum
1015 1341 1171 1385 aliquem
1198 1341 1290 1375 Noui
1317 1342 1539 1376 Testamenti
1569 1369 1574 1375 .
1601 1341 1737 1376 Diebus
1763 1342 1867 1377 festis
1893 1342 2019 1377 Latine

244 1399 482 1434 contionatur.
534 1396 651 1430 Habet
678 1394 860 1429 auditores
886 1394 1104 1438 Theologiae
1133 1395 1198 1429 .18.
1226 1395 1286 1439 qui
1314 1395 1499 1440 disputant
1530 1395 1684 1439 singulis
1715 1395 1791 1429 fere
1817 1395 2014 1431 Sabbatis.“

244 1452 364 1497 Atque
398 1451 494 1485 hunc
529 1450 643 1484 solum
670 1448 836 1492 Dilingae
871 1451 958 1483 tunc
985 1448 1204 1492 theologiam
1239 1449 1432 1483 tradidisse
1467 1461 1512 1483 ex
1547 1449 1671 1483 eodem
1707 1449 1872 1493 catalogo
1907 1451 2018 1494 patet.

244 1506 301 1540 Ex
327 1504 558 1550 inscriptione
584 1506 703 1537 autem
738 1503 908 1544 orationi,
945 1502 987 1536 de
1014 1514 1084 1546 qua
1110 1502 1223 1543 infra,
1260 1502 1380 1537 adnot.
1411 1503 1427 1537 1
1456 1502 1562 1536 huius
1588 1513 1691 1547 pag,
1726 1502 1933 1548 praeposita
1968 1503 2019 1537 in-

244 1559 443 1603 tellegitur,
469 1569 550 1592 eum
572 1555 919 1601 „Vestcappelliun1“
946 1556 1007 1598 (ex
1021 1555 1304 1601 VVestcappelle,
1330 1567 1423 1601 pago
1441 1555 1630 1590 Flandriae
1649 1555 1892 1598 occidentalis,
1917 1556 2021 1600 regni

244 1612 394 1657 belgici,
430 1622 540 1657 prope
574 1609 800 1644 Zeelandiam
837 1609 926 1651 sito,
963 1608 1095 1653 ortum)
1135 1611 1172 1643 et
1207 1609 1448 1653 „Theologum
1480 1609 1760 1643 Louaniensem“
1802 1609 2020 1654 (theologiae

245 1667 426 1701 doctorem
453 1663 601 1698 Lovanii
630 1663 806 1706 creatum)
835 1663 947 1697 fuisse
974 1674 1015 1697 ac
1042 1663 1108 1697 sub
1134 1675 1179 1696 ni.
1209 1662 1454 1708 Septembrem
1482 1674 1512 1697 a.
1540 1662 1629 1697 1559
1655 1662 1838 1707 Dilingam
1864 1663 2021 1698 venisse.

246 1719 406 1755 Galenus
436 1719 521 1762 (van
541 1716 670 1760 Galen)
700 1728 731 1750 a.
754 1716 843 1750 1563
862 1715 1008 1759 Dilinga
1026 1716 1189 1750 Duacum
1207 1716 1363 1758 transiit,
1390 1716 1450 1750 ubi
1468 1728 1583 1761 usque
1609 1716 1653 1750 ad
1677 1719 1827 1751 mortem
1857 1716 1892 1760 (†
1912 1716 2019 1760 1573)

245 1772 465 1816 theologiam
493 1770 651 1811 tradidit,
678 1781 741 1815 per
767 1770 787 1803 5
815 1781 928 1804 3111103
954 1769 1106 1812 singulis
1126 1770 1252 1804 diebus
1277 1770 1391 1804 sacris
1418 1769 1678 1804 catechismum
1705 1769 1881 1814 exposuit,
1909 1769 2020 1804 eccle—

245 1827 381 1862 siarum
408 1826 442 1860 S.
469 1824 587 1866 Petri,
624 1826 749 1869 postea
776 1823 810 1857 S.
838 1823 958 1857 Amati
991 1823 1238 1868 praepositus,
1272 1823 1525 1858 universitatis
1558 1823 1796 1857 cancellarius
1821 1823 1900 1857 fuit.
1953 1822 2020 1865 Qui

245 1882 389 1926 praeter
407 1879 529 1913 varias
548 1877 738 1912 Orationes
766 1878 832 1911 etc.
857 1876 929 1919 „De
949 1876 1164 1918 Christiano,
1191 1879 1227 1910 et
1246 1876 1429 1911 Catholico
1448 1876 1664 1918 Sacerdotio,
1693 1875 2015 1911 Commentarium¹⁴

248 1933 450 1978 (Dilingae,
486 1931 579 1976 apud
607 1930 798 1965 Sebaldum
825 1930 972 1975 Mayer,
1001 1929 1129 1972 1563),
1161 1929 1232 1972 „De
1258 1930 1456 1974 originibus
1482 1930 1712 1971 Monasticis‚
1747 1941 1811 1964 seu
1837 1930 1880 1964 de
1905 1930 2022 1975 prima

247 1987 473 2022 Christianae
491 1984 711 2019 Monastices
738 1983 894 2027 origine“
929 1983 1074 2027 (ibidem
1097 1983 1215 2027 1564),
1247 1983 1541 2029 „Areopagitica“
1567 1983 1750 2027 (Coloniae
1776 1983 1870 2029 apud
1888 1983 2021 2018 Mater-

245 2053 329 2075 num
357 2039 548 2074 Cholinum
577 2038 678 2073 1563.
731 2037 880 2072 Parisiis
917 2037 1010 2082 apud
1038 2036 1269 2071 Guilielmum
1297 2036 1497 2071 Chaudiere
1525 2036 1654 2081 1565),
1694 2037 1765 2079 „De
1791 2039 2021 2072 sacrosancto

244 2094 380 2128 Missae
407 2092 609 2133 Sacrificio,
636 2091 953 2126 commentarium⁴⁶
986 2090 1243 2135 (Antverpiae‚
1270 2091 1364 2135 apud
1390 2090 1542 2125 heredes
1568 2090 1712 2124 Ioannis
1739 2089 1882 2124 Steelsii
1911 2090 2017 2135 1574)

245 2147 393 2192 scripsit
420 2146 613 2190 (liuderus,
641 2144 726 2179 Can.
753 2156 786 2189 p.
809 2144 895 2185 118;
923 2145 1071 2188 Hurter,
1098 2143 1353 2178 Nomenclator
1370 2144 1396 2186 Ι,
1423 2144 1506 2185 251,
1534 2145 1570 2178 J.
1589 2145 1633 2178 N.
1653 2145 1801 2188 Paquot,
1827 2143 2020 2178 Memoires

245 2213 335 2246 pour
360 2199 477 2235 servir
503 2201 524 2233 a
546 2198 732 2233 l‘Histoire
751 2197 943 2232 Litteraire
963 2198 1026 2231 des
1045 2197 1204 2242 dix-sept
1222 2196 1420 2232 Provinces
1439 2198 1501 2232 des
1520 2197 1706 2242 Pays-Bas
1724 2197 1775 2230 ΙΙΙ
1795 2185 1840 2241 [A
1858 2196 2021 2232 Louvain

248 2253 366 2298 1770],
394 2252 593 2288 301—306.
645 2252 988 2295 A11271.Belleslze15⁷›2‚
1007 2250 1180 2285 Wilhelm
1208 2250 1376 2285 Cardinal
1403 2250 1509 2285 Allen
1535 2249 1669 2294 [Mainz
1698 2249 1803 2294 1885]
1829 2262 1863 2295 p.
1888 2250 1943 2285 33.
1964 2251 2018 2285 77.

251 2309 314 2342 Th.
333 2309 398 2342 Fr.
416 2308 537 2350 Knox,
564 2305 639 2339 The
666 2305 762 2340 First
787 2305 857 2339 and
883 2304 1018 2339 Second
1038 2303 1179 2339 Diaries
1205 2304 1245 2338 of
1267 2304 1328 2338 the
1355 2304 1506 2348 English
1525 2303 1680 2348 College,
1706 2303 1833 2349 Douay
1860 2302 2019 2348 [London

248 2360 353 2405 1878]
379 2372 413 2406 p.
440 2358 657 2403 272-273).

1066 2423 1197 2465 622.

691 2508 1130 2553 ALPHONSUS
1165 2508 1578 2562 SALMERON,

780 2584 970 2619 Societatis
995 2585 1079 2619 Iesu
1104 2584 1263 2619 vicarius
1289 2584 1481 2628 generalis,

993 2662 1268 2710 CANISIO.

870 2764 982 2801 Roma
1008 2766 1040 2801 8.
1067 2764 1281 2801 Novembris
1308 2764 1394 2801 1561.

367 2843 423 2878 Ex
449 2842 656 2888 apographo
691 2841 850 2876 eiusdem
875 2841 1067 2887 temporis;
1103 2842 1139 2876 in
1165 2841 1328 2885 margine
1361 2841 1485 2876 eadem
1511 2852 1637 2875 manu:
1678 2839 1813 2883 „Padre
1840 2839 2017 2876 Canisio‘.

248 2897 332 2932 0011.
365 2896 504 2940 „Germ
534 2897 643 2931 1561“
675 2896 700 2930 f.
728 2895 784 2930 28.

371 2997 382 3018 ¹
408 2995 566 3031 Galenus
607 2995 904 3041 „panegyricum“
944 2994 981 3029 in
1007 2994 1041 3029 S.
1068 2994 1330 3040 Hieronymum
1356 2994 1411 3029 30.
1438 2993 1659 3039 Septembris
1686 2993 1778 3028 1559
1802 2992 1970 3037 Dilingae
1996 3004 2017 3028 a

248 3061 287 3085 se
312 3049 478 3084 habitum
503 3049 610 3090 dieit3
637 3049 697 3093 qui
722 3049 759 3082 in
785 3048 941 3083 editione
968 3047 1206 3093 epistularum
1224 3047 1258 3082 S.
1278 3046 1488 3092 Hieronymi
1515 3046 1619 3081 modo
1636 3047 1835 3080 memorata
1853 3045 2016 3091 proxime

248 3105 330 3148 post
354 3102 453 3148 ipsas
478 3102 545 3136 has
572 3101 701 3136 Galeni
725 3102 869 3136 litteras
895 3101 920 3135 f.
947 3101 968 3135 b
987 3101 1099 3136 2³—c
1118 3101 1163 3135 6b
1189 3111 1346 3135 excusus
1372 3102 1438 3134 est.

368 3155 382 3175 ²
409 3155 463 3190 Cf.
489 3155 611 3190 Iudith
638 3155 670 3196 8,
697 3154 761 3196 32;
791 3154 845 3197 10,
871 3154 1008 3195 2—10;
1039 3154 1092 3196 12,
1122 3154 1184 3195 19;
1214 3154 1268 3196 16,
1295 3153 1353 3189 28.
