2093 3444
97 209 255 243 Monum.
283 208 458 253 (august.)
487 209 567 243 249.
597 209 733 254 (Sacris
759 209 938 253 Quadrag.
966 208 1081 253 [Febr.
1109 211 1146 244 et
1169 209 1292 254 Mart]
1319 221 1350 244 a.
1380 209 1467 244 1561
1497 212 1533 244 et
1557 210 1674 255 1562.)
1731 213 1816 253 623

52 329 96 369 et
135 340 241 380 rogo
275 340 423 368 omnes
464 328 512 369 ut
552 326 671 368 illam
703 327 932 369 materiam
973 327 1118 370 uelitis
1159 328 1213 369 ab
1255 327 1327 368 illo
1361 326 1593 380 diligenter
1625 328 1773 370 audire
1808 363 1816 370 .

50 392 145 445 Ego
188 391 445 433 contendam
487 405 583 432 cum
616 391 697 432 Dei
739 392 884 444 gratia
925 394 1119 435 tractare
1161 392 1213 434 de
1246 393 1529 434 Sacramento
1563 392 1728 435 Altaris
1770 397 1818 435 ut

52 470 200 498 omnes
232 455 379 509 magni
421 458 466 498 et
497 457 621 510 paruj
667 470 763 498 cum
795 457 949 498 maiori
982 458 1123 499 fructu
1167 457 1406 511 accipiant“
1456 457 1529 510 (ex
1571 458 1818 500 sscontionis

54 520 385 571 commentario,
435 535 461 563 a
505 521 674 563 Canisio
723 521 886 564 dictato
936 525 980 564 et
1023 522 1262 575 recognito.
1327 522 1426 566 Cod.
1477 523 1600 571 „Can
1644 524 1694 566 X.
1737 524 1812 566 T.“

52 587 81 629 f.
120 586 420 639 15Ob—15122).
484 586 630 638 Atque
671 586 770 627 inde
803 587 856 627 ab
893 587 960 629 18.
994 587 1141 629 Martii
1183 588 1425 641 complures
1458 587 1510 628 de
1543 587 1819 630 Eucharistia

52 666 272 694 sermones
304 650 477 701 habuit,
521 664 543 692 e
576 650 730 704 quibus
771 651 993 692 minimum
1035 655 1126 694 tres
1160 653 1211 694 de
1252 652 1572 701 „communione
1614 653 1691 694 sub
1733 667 1820 694 una

50 720 221 760 tantum
255 716 422 771 specie“
461 718 587 757 erant
620 715 738 768 (Cod.
769 716 894 766 „Can
919 717 970 758 X.
1001 717 1057 758 T“
1097 717 1126 761 f.
1155 718 1446 770 1532—1722)
1461 718 1488 760 1.
1534 719 1638 759 Cum
1672 721 1818 760 autem

51 782 190 824 medio
225 784 499 835 exeunteque
532 795 569 823 a.
598 782 710 823 1562
746 781 996 834 pestilentia
1030 783 1272 836 complures
1306 782 1563 825 Germaniae
1596 783 1736 835 urbes,
1771 786 1820 825 ut

51 847 352 889 Vindobonam
385 849 429 888 et
457 845 747 896 Monachium,
783 849 930 888 ureret
962 846 1079 899 (vide
1112 861 1244 901 supra
1276 862 1315 901 p.
1353 849 1434 889 539
1471 848 1585 901 etc),
1620 848 1817 890 Canisius

56 915 121 956 11.
147 912 376 955 Octobris2
414 946 428 962 „
440 912 491 954 de
524 911 870 966 processionibus
896 946 904 954 .
927 912 1130 966 precipue
1162 915 1340 967 propter
1371 916 1561 967 pestem“
1602 913 1724 964 dixit,
1760 913 1820 956 sic

51 992 254 1021 exorsus:
303 976 537 1029 „Quoniam
571 977 816 1018 ordinatum
850 980 917 1019 est
949 980 997 1019 ut
1030 991 1126 1019 cras
1160 980 1204 1019 et
1241 978 1520 1031 sequentibus
1563 979 1818 1032 septimanis

52 1043 270 1099 processio
313 1042 513 1097 specialis
554 1042 852 1092 instituaturss,
898 1042 952 1084 ad
986 1043 1066 1096 Dej
1105 1043 1292 1096 gratiam
1332 1043 1399 1085 his
1440 1043 1692 1097 periculosis
1733 1045 1820 1086 vnd

52 1109 357 1163 vngesundten
390 1107 541 1150 Zeiten
573 1107 912 1161 implorandam,
955 1108 1130 1150 breuem
1163 1108 1514 1151 informationem
1547 1109 1679 1160 dabo,
1714 1124 1820 1163 quo-

52 1174 179 1217 modo
203 1174 384 1227 quisque
410 1172 577 1215 utiliter
598 1173 642 1214 in
663 1172 739 1214 illa
762 1187 808 1214 se
834 1173 994 1214 habere
1018 1173 1196 1216 debeat“
1237 1172 1310 1226 (ex
1343 1174 1651 1216 commentario
1684 1175 1820 1217 sscon-

52 1240 197 1283 tionis.
262 1239 362 1281 Cod.
403 1238 528 1289 „Can
562 1238 614 1281 X.
649 1238 712 1280 U“
752 1238 782 1281 f.
818 1237 920 1291 71³).

172 1304 314 1357 Magis
337 1303 590 1357 singulatim
612 1303 720 1345 haec
750 1303 894 1345 omnia
926 1303 968 1345 in
999 1304 1198 1352 „Tabulis
1221 1304 1559 1358 chronologicis“
1588 1308 1818 1359 ponuntur.

173 1370 267 1412 Hoc
310 1369 487 1412 tandem
534 1369 693 1411 iuverit
737 1382 933 1410 monere:
983 1369 1053 1410 Ex
1096 1369 1162 1410 his
1207 1369 1452 1412 contionum
1500 1371 1821 1413 commentariis

53 1435 250 1491 proxime
295 1434 621 1487 certissimeque
667 1434 747 1476 hoc
791 1436 961 1476 tantum
1009 1434 1231 1487 cognosci:
1281 1434 1389 1483 Quid
1437 1434 1632 1477 Canisius
1680 1435 1822 1478 dicere

56 1500 255 1543 voluerit.
317 1500 433 1542 Nam
482 1502 679 1542 oratores
727 1513 1050 1552 nonnumquam
1104 1499 1231 1542 aliter
1279 1499 1445 1551 dicere,
1499 1503 1631 1553 atque
1680 1501 1822 1543 dicere

54 1568 326 1616 statuerant,
378 1565 507 1607 immo
558 1579 613 1606 ne
664 1564 806 1606 dicere
849 1564 1020 1617 quidem
1062 1567 1330 1619 compertum
1372 1568 1451 1608 est.
1515 1566 1726 1608 Attamen
1767 1581 1823 1609 ex

53 1645 215 1685 magna
260 1630 507 1684 diligentia,
555 1644 640 1683 qua
681 1630 877 1672 Canisius
919 1630 1230 1672 commentaria
1273 1630 1349 1672 illa
1392 1632 1734 1684 recognoscebat
1778 1635 1823 1675 et

55 1697 337 1747 emendabat,
381 1695 577 1738 conicere
619 1695 741 1746 licet,
789 1710 884 1737 eum
928 1695 972 1736 in
1004 1695 1109 1749 ipsis
1151 1695 1418 1737 orationibus
1460 1697 1512 1738 ab
1554 1696 1605 1738 iis
1638 1697 1714 1738 vix
1754 1711 1823 1739 re-

56 1762 260 1813 cessisse3
304 1776 436 1816 saepe
477 1761 609 1804 etiam
643 1761 824 1812 accidit,
867 1764 916 1804 ut
958 1775 1013 1803 ex
1045 1761 1285 1816 posteriore
1327 1761 1470 1814 aliquo
1513 1763 1822 1805 commentario

54 1828 184 1882 plane
217 1829 527 1880 cognoscatur,
563 1826 801 1878 Canisium,
837 1840 947 1879 quae
979 1825 1022 1868 in
1054 1826 1198 1881 priore
1231 1826 1540 1869 commentario
1573 1827 1823 1882 scripserat,

56 1893 188 1935 etiam
221 1892 396 1935 dixisse.

174 1958 329 2011 Itaque
351 1957 547 2000 Canisius
579 1971 618 2000 a.
647 1959 755 1999 1561
792 1960 836 1999 et
861 1959 973 1999 1562
1010 1958 1062 1999 18
1085 1957 1304 1999 mensibus
1336 1957 1434 2008 illis,
1469 1971 1576 2010 quos
1599 1956 1825 2012 Augustae

56 2023 330 2075 versabatur,
364 2023 456 2065 fere
490 2024 723 2065 200-225
759 2022 983 2065 contiones
1015 2022 1178 2066 habuit.

882 2151 1012 2192 249.

366 2238 489 2275 Sacris
517 2237 816 2286 Quadragesimis
844 2239 963 2283 (Febr.
990 2239 1028 2275 et
1054 2239 1176 2285 Mart.)
1203 2249 1235 2275 a.
1261 2238 1337 2275 1561
1363 2240 1399 2275 et
1425 2237 1520 2276 1562.

179 2328 390 2362 Sermonum
425 2329 708 2362 catecheticormn
743 2330 859 2362 sacris
888 2329 1178 2372 Qccadraqesimis
1211 2339 1244 2362 a.
1274 2330 1363 2362 1561
1400 2332 1430 2361 et
1464 2330 1557 2362 1562
1591 2330 1772 2372 Ausyustae
1804 2341 1827 2363 α

62 2382 208 2416 Canise'o
233 2382 436 2415 habitorum
463 2387 684 2426 arymnenta.
738 2382 907 2416 Cam'sius
932 2384 1188 2416 institutionem
1214 2382 1453 2416 cateclzeticam
1479 2384 1630 2416 maximi
1663 2384 1828 2416 momenti

59 2447 128 2469 esse
154 2440 272 2469 censet.
312 2435 400 2469 Cum
418 2437 548 2478 pueris
573 2436 700 2469 blande
723 2437 806 2480 ayit.
841 2437 970 2469 Achati
993 2447 1128 2480 quoque
1146 2437 1194 2469 ad
1211 2436 1398 2469 catecheses
1415 2437 1615 2470 audiendas
1633 2438 1826 2479 confluunt.

177 2516 386 2567 Canisius,
419 2516 463 2558 id
495 2518 609 2570 quod
641 2532 774 2572 supra
805 2532 845 2572 p.
872 2520 970 2560 615.
996 2519 1079 2559 616
1112 2520 1334 2560 ostensum
1357 2520 1437 2568 est,
1471 2518 1607 2560 sacris
1630 2518 1827 2568 Quadra-

59 2582 236 2637 gesimis
254 2596 291 2624 a.
315 2583 425 2624 1561
450 2585 494 2625 et
515 2584 626 2625 1562
645 2586 821 2637 praeter
838 2584 864 2624 4
888 2582 1112 2625 contiones
1135 2582 1317 2636 singulis
1339 2582 1619 2625 hebdomadis
1642 2583 1828 2626 usitatas

59 2649 130 2690 vel
164 2650 189 2689 3
223 2647 292 2689 vel
331 2647 550 2689 minimum
587 2650 611 2689 2
654 2662 877 2690 sermones
920 2647 1211 2691 catecheticos
1242 2648 1403 2690 habere
1445 2649 1627 2692 solebat.
1691 2649 1828 2699 Quam

183 2772 192 2791 ¹
219 2770 325 2804 Haud
351 2772 450 2804 recte
475 2769 586 2813 igitur
612 2771 783 2813 Aqricola
809 2770 973 2815 scripsit,
1011 2769 1194 2804 Canisium
1220 2782 1251 2804 a.
1280 2770 1371 2805 1562
1398 2770 1703 2814 Quadragesimae
1740 2773 1828 2806 tem-

60 2835 145 2869 pore
172 2823 356 2858 contiones
382 2823 425 2857 de
451 2822 606 2857 iubilaeo
632 2823 801 2857 habuisse
831 2823 867 2867 (1.
897 2835 925 2858 c.
952 2823 992 2858 P.
1019 2823 1045 2858 I.
1072 2823 1158 2858 Dec.
1186 2824 1216 2866 3,
1243 2836 1277 2858 n.
1305 2824 1380 2868 75).

181 2877 194 2897 ‘³
225 2876 297 2918 „De
332 2876 620 2921 processionibus
648 2903 655 2911 .
686 2876 856 2922 precipue
890 2879 1036 2922 propter
1071 2879 1210 2922 pestem
1247 2905 1254 2911 .
1293 2888 1373 2911 cum
1409 2876 1547 2921 Euang.
1582 2877 1712 2912 Matth.
1748 2878 1824 2912 22⁴⁶

62 2931 139 2964 Hoc
171 2932 291 2964 autem
327 2929 556 2972 evangelium
592 2932 679 2963 tunc
712 2929 748 2963 in
784 2929 939 2964 dioecesi
974 2932 1178 2974 augustana
1212 2930 1399 2964 Dominica
1432 2930 1511 2964 XX.
1546 2932 1629 2975 post
1663 2933 1829 2965 octavam

61 2983 296 3017 Pentecostes
333 2982 441 3026 (quae
476 2994 568 3016 anno
607 2982 696 3017 1562
734 2984 787 3017 11.
820 2983 987 3018 Octobris
1023 2982 1114 3027 erat)
1153 2983 1342 3028 legebatur
1380 2983 1541 3028 (Missale
1575 2984 1830 3028 Augustanum

183 3090 195 3110 ³
221 3089 261 3123 In
288 3088 480 3123 *contione
498 3088 685 3123 Dominica
702 3089 834 3124 XXIII.
860 3092 943 3134 post
966 3090 1206 3125 Pentecosten
1232 3090 1311 3125 sive
1329 3090 1384 3125 25.
1405 3089 1571 3125 Octobris
1591 3091 1681 3126 1562
1707 3091 1831 3126 habita

64 3142 229 3177 Oanisius
254 3141 517 3188 pronuntiavit,
557 3143 860 3187 „processionem“
891 3143 984 3178 hanc
1010 3143 1180 3188 postridie
1205 3143 1370 3178 ultimum
1396 3143 1559 3178 habitum
1586 3144 1630 3178 iri
1662 3145 1723 3189 (ex
1750 3156 1830 3180 con-

62 3196 170 3230 tionis
196 3195 462 3230 commentario.
507 3194 590 3229 Cod.
621 3196 728 3238 „Can
755 3196 798 3230 X.
825 3195 876 3230 U“
907 3196 932 3230 f.
959 3196 1056 3241 832).
