2093 3444
223 192 308 233 408
783 190 861 224 674.
899 189 1067 224 Canisius
1093 189 1272 224 Stanislao
1298 189 1420 225 Hosio.

221 308 291 349 Ex
323 307 464 349 Gallia
496 307 763 361 scripserunt
794 306 1002 348 nonnulla
1034 320 1204 360 quoque
1236 306 1510 361 Caluinastrj.
1557 309 1711 351 Editus
1744 312 1788 352 et
1818 310 1990 354 libellus

221 375 374 414 contra
405 372 629 424 ,Imagines
662 372 844 413 authore
878 371 1030 413 Carolo
1062 385 1243 425 magno:
1286 371 1362 413 sed
1394 372 1531 414 falsus
1562 374 1631 416 hic
1662 375 1790 428 plane
1821 376 1988 427 titulus,

219 440 269 480 ut
314 437 517 490 colligere
561 437 662 479 licet
709 451 763 478 ex
807 437 921 479 Jona
965 436 1181 490 Episcopo
1226 435 1574 491 Aurelianensj1.
1647 439 1732 482 Pro
1779 440 1988 483 sacrificio

219 502 380 544 Missae
403 501 575 556 scripsit
602 502 802 543 uolumen
825 500 1070 544 Anthonius
1093 499 1497 556 M[on]chiacenusa
1528 503 1692 546 Doctor
1714 504 1986 557 Sorbonicus,

220 570 269 610 ut
291 581 416 609 nemo
440 568 626 610 antehac
650 567 772 617 alius,
799 566 969 620 copiose
985 566 1014 609 2.
1049 566 1418 620 Madeburgenses
1438 565 1536 623 [sic]
1560 568 1770 623 Theologi
1792 570 1988 623 quintam

221 632 462 675 centuriam
493 632 752 674 addiderunt
784 631 998 686 prioribus
1038 631 1168 674 tomis
1205 631 1413 674 historiae
1446 633 1780 677 Ecclesiasticae
1796 636 1825 678 3.
1888 635 1989 678 Non

218 697 391 741 mittam
423 697 679 751 huiusmodj,
714 696 795 738 nisi
827 696 1017 738 monitus
1050 710 1075 738 a
1109 694 1415 751 [Celsi]tudine
1447 700 1536 741 tua.
1597 698 1724 741 Nunc
1757 702 1827 742 sat
1858 700 1989 743 habui

220 762 359 804 literis
401 762 636 816 adiungere
670 761 982 815 Hieronymum
1021 759 1367 815 Menc[elium,]³
1406 763 1574 816 reliqua
1613 763 1756 807 isthuc
1796 765 1989 819 perferet

220 828 272 870 D.
307 830 455 870 noster
487 827 779 869 Cuvilloniush
811 826 1059 881 propediem
1092 825 1371 881 abitlurUS,]³
1407 828 1506 881 quia
1538 829 1710 882 legatus
1742 829 1931 872 mittitur
1962 845 1988 873 a

219 892 420 946 Principe
451 893 666 935 Bauariae
682 893 710 936 4.
775 891 1051 945 Scripserunt
1092 890 1425 947 digla[dian]tes
1465 893 1579 936 inter
1619 908 1666 936 se
1708 908 1877 948 quoque
1910 896 1987 938 ad-

220 958 424 1011 uersarij,
467 960 516 1000 ut
549 972 604 999 ex
635 957 774 1000 literis
806 957 941 1003 Colini
972 957 1182 1010 intelligo,
1246 957 1296 999 Js
1328 961 1456 1011 rogat
1493 958 1819 1012 amplitudinem
1851 963 1986 1012 tuam,

219 1025 268 1064 ut
298 1023 408 1064 liber
440 1023 492 1065 de
524 1037 730 1077 oppresso
764 1022 843 1064 Dei
875 1023 1007 1064 uerbo
1040 1023 1282 1064 excudatur
1311 1023 1512 1066 Coloniae
1527 1024 1555 1065 5.
1600 1025 1857 1067 Bremenses
1889 1025 1986 1068 Cal-

218 1087 438 1130 uinianam
496 1088 736 1131 doctrinam
791 1088 917 1129 simul
968 1102 1062 1129 cum
1116 1088 1376 1140 Augustana
1421 1087 1741 1144 [Con]fessione
1786 1090 1987 1134 dicuntur

219 1153 421 1208 amplexi,
457 1153 570 1207 quod
593 1153 750 1195 Consul
772 1152 1048 1195 Caluinianus
1082 1153 1274 1195 excitata
1307 1154 1518 1196 seditione
1549 1155 1740 1209 coegerit
1771 1159 1985 1207 senatum,

336 1294 350 1309 ἢ
377 1289 582 1332 Suppletwn
611 1299 653 1321 eat
682 1289 787 1331 Cypr.
887 1289 901 1308 '¹
928 1287 1148 1322 Cauillonius
1179 1289 1284 1331 Cypr.

339 1413 349 1432 ¹
376 1411 553 1453 Quattuor
579 1410 631 1444 illi
663 1410 778 1452 ,Libri
806 1410 994 1447 Carolini‘,
1031 1409 1097 1443 sub
1133 1421 1265 1443 annum
1293 1410 1360 1444 790
1397 1411 1611 1445 auctoritate
1638 1410 1755 1445 Caroli
1783 1411 1907 1456 Magni
1941 1413 1986 1448 ab

217 1464 338 1509 aliquo
365 1477 408 1499 ex
445 1465 579 1506 doctis,
615 1464 675 1508 qui
711 1475 790 1497 cum
827 1476 867 1497 eo
900 1467 1021 1504 crant,
1059 1466 1181 1497 contra
1218 1463 1406 1498 concilium
1442 1465 1710 1499 oecumenicum
1739 1464 1814 1499 VII.
1854 1465 1986 1510 (nicae-

215 1529 301 1552 num
328 1518 393 1559 IL,
430 1529 521 1552 anno
549 1517 615 1552 787
644 1517 842 1560 habitum),
878 1517 912 1550 in
949 1528 1017 1560 quo
1045 1516 1221 1550 catholica
1247 1517 1290 1550 de
1316 1517 1430 1551 sacris
1457 1517 1673 1561 imaginibus
1699 1517 1860 1552 doctrina
1886 1531 1986 1564 prae-

217 1571 313 1605 clare
340 1571 542 1616 exponitur,
569 1570 773 1615 conscripti,
801 1571 834 1604 in
863 1570 992 1614 quibus
1020 1570 1208 1604 concilium
1235 1570 1321 1604 illud
1349 1570 1582 1605 vehementer
1599 1571 1882 1616 reprehenditur,
1909 1584 1986 1607 mos

215 1624 351 1659 Iumina
379 1627 414 1658 et
440 1625 524 1658 thus
551 1626 632 1658 autc
659 1636 782 1658 sacrus
808 1624 984 1667 imagines
1011 1623 1228 1657 accendendi
1254 1623 1389 1658 stultus
1416 1626 1584 1666 vocatur,
1620 1625 1770 1669 quaevis
1801 1626 1981 1668 „cultura“

215 1678 341 1712 iisdem
369 1678 585 1721 imaginibus
612 1677 773 1712 exhiberi
802 1679 946 1711 vetatur
973 1680 1060 1718 etc.,
1096 1677 1249 1722 primum
1277 1677 1426 1712 Parisiis
1453 1689 1546 1712 anno
1575 1679 1664 1713 1549
1691 1690 1712 1713 a
1737 1679 1868 1714 Ioanne
1895 1679 1985 1714 Tilio

218 1731 280 1775 (du
315 1731 438 1775 Tillet)
477 1731 663 1766 sacerdote
699 1731 741 1765 de
777 1730 988 1765 calvinismo
1023 1733 1191 1775 suspecto
1226 1730 1343 1776 typis,
1388 1743 1502 1775 neque
1541 1731 1654 1776 ipsius
1688 1732 1828 1766 nomine
1868 1744 1985 1777 neque

214 1784 292 1819 loco
324 1785 509 1830 ascriptis,
546 1784 708 1827 evulgati
735 1787 834 1818 erant
865 1784 1020 1828 (Hefele,
1058 1784 1450 1827 Conciliengeschiclite
1478 1784 1546 1823 ΙΙΙ,
1584 1785 1799 1829 694-717).
1851 1786 1985 1821 Canisii

214 1840 334 1873 autem
372 1838 481 1872 verba
516 1850 626 1883 supra
662 1838 777 1883 posita
813 1838 1024 1879 ostendunt,
1061 1849 1140 1871 eum
1169 1838 1293 1871 Libros
1321 1837 1506 1872 Carolinos
1531 1858 1576 1861 —-
1603 1838 1636 1872 id
1664 1839 1756 1883 quod
1793 1839 1901 1873 etiam
1928 1840 1984 1874 Bi-

214 1891 313 1932 nius,
352 1891 544 1932 Baronius,
582 1891 726 1932 Surius,
763 1891 1023 1927 Bellarminus.
1059 1890 1119 1924 alii
1145 1891 1351 1925 sentiebant
1375 1910 1421 1914 —
1447 1903 1510 1936 pro
1536 1891 1669 1936 spuriis
1701 1892 1879 1927 habuisse.
1930 1893 1985 1927 Ac

214 1944 307 1988 quod
344 1956 388 1978 ex
423 1945 507 1978 Iona
542 1945 791 1979 Aurelianensi
828 1944 863 1978 id
900 1944 1021 1987 colligi
1057 1955 1161 1989 posse
1196 1944 1383 1989 opinatur,
1428 1944 1462 1978 in
1499 1956 1577 1978 eam
1613 1945 1813 1990 opinionem
1849 1958 1890 1980 eo
1933 1947 1983 1980 in-

218 1997 348 2032 ductus
383 2009 463 2032 esse
489 1998 651 2040 videtur,
688 1998 780 2042 quod
808 1998 934 2032 doctus
970 1997 1030 2031 ille
1066 1997 1255 2042 episcopus
1291 1997 1327 2041 (†
1354 1997 1438 2041 844)
1476 1998 1511 2031 in
1537 1998 1639 2032 libris
1670 1997 1740 2039 „De
1767 1999 1867 2033 cultu
1898 1999 1984 2034 ima-

214 2051 382 2094 ginum“,
420 2052 455 2085 in
493 2052 622 2096 quibus
657 2063 780 2086 sacras
816 2051 991 2095 imagines
1027 2062 1244 2096 magnopere
1280 2051 1438 2085 defendit
1472 2054 1581 2095 atque
1617 2052 1780 2093 extollit,
1818 2052 1983 2087 Carolum

213 2104 387 2148 Magnum
407 2106 522 2139 virum
548 2107 713 2146 „sanctae
732 2105 958 2146 mcmoriae“‚
983 2105 1203 2149 ,piissimum
1222 2107 1460 2148 Augustu1n“‚
1489 2104 1744 2146 „orthodoxum
1762 2105 1980 2150 principem“

214 2161 323 2192 vocat
362 2161 398 2192 et
433 2159 525 2202 quod
564 2159 707 2200 scribit,
745 2157 916 2192 Satanan]
951 2157 1077 2192 Carolo
1112 2160 1251 2192 mortuo
1289 2170 1327 2192 sc
1363 2158 1432 2191 iam
1472 2158 1661 2192 ecclesiam
1705 2170 1789 2201 „sua
1827 2170 1984 2194 vesanae

214 2211 417 2246 doctrinae‘*
449 2231 495 2235 -—
521 2212 719 2246 doctrinam
746 2212 788 2246 de
824 2211 1041 2255 imaginibus
1074 2211 1257 2254 significat
1282 2231 1326 2234 —
1367 2211 1558 2252 ‚arietibus
1598 2214 1814 2256 conquatere
1854 2213 1977 2258 posse“

214 2264 442 2299 existimasse
472 2265 540 2307 (De
567 2265 666 2300 cultu
692 2265 891 2309 imaginum
917 2264 939 2298 l.
969 2265 998 2299 1.
1039 2266 1159 2308 Miyne
1184 2264 1255 2298 PP.
1282 2264 1349 2298 LL.
1370 2264 1460 2304 CVI,
1489 2265 1705 2308 307—310).
1749 2266 1914 2300 Ceterum
1941 2277 1983 2300 ea

213 2319 332 2352 aetate
359 2319 467 2352 etiam
493 2319 587 2352 inter
612 2320 856 2363 protestantes
883 2321 995 2359 erant,
1024 2319 1152 2362 quibus
1179 2330 1267 2363 opus
1294 2318 1380 2352 illud
1408 2318 1604 2352 carolinum
1631 2320 1837 2364 suspectum
1865 2321 1981 2361 esset;

212 2374 253 2405 ut
282 2373 427 2414 (ἔριψαν
461 2383 483 2404 (ι
520 2373 717 2415 quprzcclr
751 2373 917 2414 Augusta
956 2372 1007 2406 13.
1036 2371 1157 2405 Martii
1188 2372 1278 2405 1554
1304 2371 1424 2405 Flacio
1452 2371 1598 2416 illyrico
1632 2372 1794 2417 scripsit:
1836 2372 1982 2413 „Carolo

213 2423 347 2467 Magno
383 2425 618 2466 adscribitur,
654 2425 716 2459 sed
753 2425 899 2459 dubium
935 2427 990 2458 est
1024 2428 1060 2458 et
1094 2424 1181 2458 mihi
1216 2436 1286 2458 non
1321 2425 1391 2458 fuit
1426 2425 1640 2459 verisimile“
1683 2425 1884 2469 (dam-buch
1920 2425 1982 2460 der

214 2476 461 2512 Gesellschaft
494 2478 552 2511 fiir
579 2477 796 2512 Geschichte
823 2478 885 2512 des
911 2477 1234 2512 Protestantismus
1270 2477 1305 2511 in
1333 2477 1572 2512 Oesterreich.
1625 2478 1678 2513 18.
1706 2478 1831 2522 Jahrg.
1861 2478 1982 2523 [VVien

217 2529 333 2574 1897],
362 2530 459 2573 204).

335 2583 348 2603 ²
373 2583 554 2618 Antonius
580 2583 623 2617 de
649 2584 806 2629 Mouchy
834 2583 893 2627 (de
916 2583 1084 2628 Monchy,
1110 2583 1383 2627 Demochares),
1409 2583 1611 2627 theologiae
1637 2584 1818 2629 professor
1843 2585 1879 2618 in
1905 2585 1981 2618 uni-

212 2635 386 2671 versitate
420 2636 611 2681 parisiensi
646 2639 682 2670 et
715 2637 796 2670 fidei
832 2637 1022 2681 inquisitor
1059 2637 1095 2681 (†
1129 2648 1161 2670 a.
1200 2638 1324 2680 1574),
1360 2648 1453 2671 anno
1483 2637 1573 2671 1562
1609 2637 1759 2671 Parisiis
1796 2638 1848 2680 (in
1884 2637 1981 2681 folio,

212 2693 253 2723 ut
288 2689 455 2733 dicimus)
493 2689 621 2724 edidit:
662 2689 925 2732 „Catholicam,
963 2692 998 2724 et
1026 2690 1244 2724 Historicam
1277 2690 1599 2735 propugnationem
1626 2690 1852 2725 Christianae
1886 2690 1981 2725 Reli-

213 2742 339 2786 gionis,
368 2742 680 2787 institutionisque
698 2742 840 2777 Domini
866 2744 980 2777 nostri
998 2743 1079 2777 Iesu
1098 2742 1242 2785 Christi,
1268 2745 1305 2777 et
1322 2743 1551 2788 Apostolicae
1577 2743 1782 2778 traditionis
1807 2744 1981 2779 aduersus

213 2795 523 2840 Misoliturgorum
557 2795 821 2841 blasphemias,
856 2808 899 2831 ac
933 2807 1103 2830 nouorum
1136 2796 1242 2830 huius
1273 2796 1445 2841 temporis
1481 2797 1714 2831 sectariorum
1749 2797 1980 2842 imposturas,

213 2849 405 2894 praecipue
431 2849 526 2884 Ioan.
555 2849 714 2890 Caluini,
753 2851 790 2883 et
813 2861 960 2884 suorum
986 2852 1111 2884 contra
1144 2860 1285 2884 sacram
1311 2849 1478 2884 Missam“
1512 2849 1745 2894 (Possevinus,
1772 2851 1980 2895 Apparatus

213 2902 240 2943 I,
269 2901 365 2946 100).
513 2903 526 2924 ³
551 2902 644 2936 Vide
670 2914 780 2948 supra
809 2915 842 2947 p.
870 2903 926 2937 29.

333 2957 346 2976 ‘¹
372 2955 412 2990 P.
439 2955 591 2990 Ioannes
618 2955 843 2990 Cuvillonius
878 2956 1014 2990 doctori
1049 2955 1254 3000 Augustino
1279 2955 1562 2999 Paumgartner,
1599 2967 1703 3000 quem
1737 2955 1908 2990 Albertus
1933 2955 1979 2990 V.

212 3007 302 3052 ipsis
327 3008 384 3042 his
411 3008 536 3043 diebus
563 3012 740 3044 oratorem
767 3009 811 3043 ad
837 3009 1028 3043 concilium
1053 3008 1162 3050 misit,
1189 3008 1234 3043 ab
1252 3009 1374 3042 eodem
1394 3009 1483 3043 duce
1501 3009 1690 3044 adiunctus
1709 3010 1784 3050 est3
1811 3009 1856 3043 cf.
1874 3009 1979 3051 infra,

213 3072 368 3095 monum.
397 3061 476 3096 362.

334 3115 347 3134 ⁵
372 3114 408 3148 Is
433 3114 533 3153 liber,
560 3115 604 3149 ab
630 3115 740 3150 Hosio
767 3125 798 3149 a.
821 3115 910 3149 1559
936 3115 1102 3160 scriptus,
1130 3114 1284 3160 primum
1310 3125 1467 3149 excusus
1494 3116 1550 3149 est
1576 3114 1743 3149 Coloniae
1769 3125 1790 3148 a
1814 3114 1978 3149 Materno

214 3165 363 3201 Cholino
393 3167 450 3210 (F.
478 3169 617 3212 Hlpler,
649 3167 812 3210 „Hosius,
839 3167 1062 3202 Stanislaus“
1093 3167 1130 3202 in
1161 3167 1506 3210 „Kirchenlexikon“
1537 3167 1599 3210 Vl,
1626 3167 1725 3211 298).
