2093 3444
166 196 261 230 Mon.
291 195 423 239 (varia)
450 197 530 231 414.
561 197 608 241 (7.
635 197 737 231 Febr.
764 199 799 231 et
827 198 857 231 7.
877 197 983 231 Mart.
1006 197 1123 239 1562.)
1153 197 1234 231 415.
1264 197 1373 240 (Vere
1399 197 1458 231 vel
1484 200 1572 232 aest.
1603 197 1719 241 1562.)
1778 200 1861 241 809

92 312 277 366 ipsemet
308 315 486 355 senatus
519 313 780 356 sententiam
813 313 935 364 tulit,
978 315 1027 355 ut
1059 313 1224 355 scilicet
1266 314 1590 357 combureretur
1630 317 1763 357 recta.
1827 314 1863 356 Ii

93 381 194 420 sunt
225 391 329 419 vere
360 377 569 420 haeretici
603 382 646 421 et
678 378 1008 432 flagitiosissimi
1040 379 1249 429 jesuitae,
1283 382 1332 421 ut
1365 381 1432 421 est
1465 379 1673 422 Canisius.

213 470 411 514 Vergerius
447 471 490 505 ab
520 473 653 505 Ioanne
679 473 847 506 L'ae‘i'alrico
874 473 1001 516 Zeis-io,
1037 471 1194 505 caesaris
1230 471 1432 505 consiliario
1471 471 1547 516 (qui
1573 474 1697 517 postea
1724 473 1864 518 imperii

92 522 411 558 vicecancellarius
447 524 551 567 fuit),
592 525 626 558 in
664 525 796 559 litteris
834 525 886 559 14.
922 524 1136 559 Novembris
1174 525 1263 558 1559
1302 525 1346 558 ad
1383 524 1576 568 Georgium
1616 527 1781 560 comitem
1819 527 1862 561 de

91 575 318 611 Helfenstein
354 577 448 612 datis
478 578 601 620 „homo
627 578 925 612 mendacissimus
960 589 1002 612 ac
1028 577 1255 612 levissimus“
1286 580 1456 619 vocatur,
1492 579 1553 622 qui
1582 591 1653 613 non
1678 580 1862 623 religionis

91 630 220 673 gratia,
246 631 309 664 sed
336 631 379 665 ob
397 632 511 665 vitam
537 631 573 665 in
592 632 799 676 episcopatu
818 632 1020 666 incestuose
1046 633 1163 665 actam
1183 630 1410 665 Lutheranus
1430 632 1579 666 effectus
1596 632 1654 673 sit,
1681 633 1861 677 plerisque

91 683 200 718 etiam
223 685 500 729 protestantium
518 685 698 729 theologis
716 686 752 719 in
770 685 1067 728 VVurttemberga
1086 696 1217 719 exosus
1239 684 1376 728 (Goetz,
1403 685 1571 729 Beitrage
1591 697 1622 730 p.
1645 686 1860 730 166—167).

89 736 209 781 Atque
234 737 341 772 huius
359 738 536 782 epistulae
563 740 721 782 editores,
748 739 833 772 licet
850 738 1185 783 protestantismum
1211 740 1335 783 aperte
1354 738 1599 783 profiteantur,
1626 739 1668 774 de
1686 739 1861 783 Vergerio

90 791 271 826 scribunt:
311 791 397 833 „Die
422 791 575 825 mitwelt
610 791 673 826 hat
698 792 870 826 11131161165
896 792 998 826 harte
1032 791 1165 825 urtheil
1201 791 1288 825 iiber
1314 791 1375 825 ihn
1410 792 1538 835 gesallt
1574 793 1645 826 und
1671 792 1770 827 nicht
1796 794 1861 828 mit

89 844 260 887 unrecht,
288 845 359 878 und
387 845 451 879 das
478 845 646 879 schonste
672 845 748 887 lob,
777 845 833 879 ein
859 857 950 889 ganz
975 844 1134 879 lauterer
1160 844 1353 879 charakter
1379 856 1546 888 gewesen
1572 857 1614 879 zu
1640 846 1737 887 sein,
1764 846 1860 881 kann

90 896 230 941 Verger
255 898 356 932 nicht
381 898 519 932 zieren“
554 898 591 942 (l.
620 911 648 932 6.
675 911 708 943 p.
736 899 811 942 42).

210 951 376 986 Ceterum
404 964 535 993 rumor,
562 964 630 996 quo
650 951 840 986 Societatis
866 951 1045 986 hominem
1072 951 1246 985 atrocium
1272 951 1445 985 eiusmodi
1471 952 1671 986 facinorum
1696 952 1860 988 Venetiis

89 1004 155 1038 sub
194 1004 229 1038 id
263 1007 406 1050 tempus
444 1007 730 1050 perpetratorum
770 1007 951 1040 auctorem
989 1005 1101 1039 fuisse
1139 1005 1392 1045 nuntiabatur,
1431 1005 1531 1039 brevi
1567 1006 1769 1040 exstinctus
1805 1008 1860 1041 est

90 1057 314 1103 (Sao-chinus,
341 1058 435 1093 Hist.
455 1058 489 1093 S.
509 1059 541 1093 J.
561 1059 616 1099 H..
643 1059 665 1094 1.
686 1060 715 1101 5,
743 1071 775 1093 n.
799 1059 894 1102 114),
922 1070 1072 1103 eumque
1097 1058 1229 1092 falsum
1254 1058 1366 1092 fuisse
1394 1058 1452 1092 vel
1478 1071 1523 1092 ex
1544 1071 1584 1093 eo
1602 1059 1726 1103 liquet⁷
1754 1060 1858 1103 quod,

88 1111 149 1155 qui
174 1113 300 1156 postea
326 1112 498 1156 quidquid
524 1115 690 1157 poterant
716 1112 1003 1146 criminationum
1030 1112 1065 1145 in
1092 1111 1308 1146 Societatem
1343 1114 1620 1156 congesserunt,
1662 1112 1727 1147 1106
1763 1113 1858 1147 facto

91 1165 305 1210 proferendo
331 1166 623 1210 supersederunt.

907 1248 1027 1290 414.

651 1336 681 1371 7.
707 1334 903 1371 Februarii
930 1337 966 1372 et
993 1336 1023 1371 7.
1050 1334 1176 1371 Martii
1202 1334 1296 1371 1562.

207 1418 262 1452 Ex
280 1418 498 1463 apographis
518 1419 677 1453 eiusdem
694 1418 771 1452 fere
789 1419 970 1464 temporis.
1003 1418 1086 1453 Cod.
1110 1418 1250 1460 ‚Germ
1271 1418 1379 1452 1561“
1404 1417 1427 1451 f.
1448 1418 1642 1452 39¹2—402.
1662 1417 1857 1451 cub—4211.

207 1495 415 1539 Salnzeron,
447 1496 632 1529 Societatis
666 1496 821 1529 vicarius
843 1496 1040 1539 ffleneralis,
1081 1495 1218 1529 Canis-ii
1248 1495 1400 1528 arbitrio
1421 1495 1594 1538 permittit
1622 1495 1858 1538 statuendum,

86 1553 208 1582 utrum
234 1549 497 1592 archiepiscopo
523 1550 750 1592 strifflnziensi
777 1550 901 1583 Socius
928 1550 1071 1593 quidam
1107 1553 1136 1582 ct
1163 1549 1347 1582 Societatis
1381 1549 1643 1582 constitutiones
1673 1549 1860 1581 mittendae

85 1603 157 1635 sint
183 1614 297 1635 necue.

207 1685 237 1718 1.
274 1685 399 1718 Socius
424 1685 555 1728 ale'quis
579 1696 750 1718 romanus
778 1686 836 1725 (P.
864 1685 1083 1718 Franciscus
1108 1684 1303 1718 Pom-archa
1319 1684 1353 1725 ?)
1380 1685 1480 1717 viussu
1506 1685 1545 1718 P.
1574 1683 1751 1726 Alphonsi
1776 1684 1855 1717 Sal-

85 1740 260 1781 meronis,
296 1739 426 1771 sicarii
457 1740 635 1781 generalis
662 1739 699 1772 S.
726 1739 784 1782 ιλ,
820 1739 932 1772 Roma
961 1741 992 1772 7.
1020 1739 1217 1771 Februarii
1244 1739 1336 1771 1562
1363 1738 1517 1781 Praffltni
1546 1738 1592 1770 ad
1618 1738 1658 1770 P.
1687 1737 1855 1770 Ioannem

86 1793 127 1825 de
144 1793 301 1826 Victoria
322 1793 358 1825 S.
378 1793 414 1826 J.
443 1789 826 1836 ,‚superinteudentem“
854 1793 895 1825 cle
913 1792 1061 1825 Nicolao
1084 1792 1204 1834 Olalzo,
1225 1792 1383 1834 primate
1401 1791 1616 1834 Hunyaricze
1634 1794 1664 1823 et
1681 1791 1858 1833 archiepi-

85 1857 187 1889 scopo
212 1848 451 1889 snn'yoniensi,
478 1851 507 1879 ct
533 1847 573 1879 de
599 1846 638 1879 P.
665 1846 800 1879 Ioanne
827 1846 943 1879 Seidel
970 1846 1006 1879 S.
1027 1846 1076 1888 J·›
1103 1845 1237 1887 colleyii
1262 1846 1500 1888 tymzacicnsis
1525 1849 1670 1887 rectore,
1695 1845 1837 1887 scripsit
1849 1856 1860 1877 .·

86 1898 226 1940 Quanto
253 1898 287 1932 31
314 1899 507 1933 concedere
534 1910 553 1933 a
573 1898 800 1942 monsignore
826 1898 847 1932 Γ
868 1897 1124 1932 arciueschouo
1143 1897 1178 1931 di
1204 1897 1359 1931 tirnabia
1376 1909 1440 1942 per
1458 1897 1602 1941 qualchi
1629 1897 1663 1931 di
1689 1896 1714 1930 il
1741 1896 1859 1930 dottor

86 1952 198 1986 zeidel
226 1954 261 1986 et
287 1952 321 1986 31
346 1952 497 1986 mandar
523 1964 543 1986 a
569 1952 723 1986 tii-nabia
751 1951 896 1996 qualchi
922 1951 1014 1986 altro
1037 1951 1077 1996 jn
1103 1962 1168 1985 suo
1194 1950 1326 1994 luogho
1353 1950 1418 1984 6116
1445 1950 1498 1985 513
1516 1950 1699 1996 spagnolo,
1725 1950 1858 1984 Nostro

85 2005 203 2040 Padre
222 2005 356 2040 vicario
383 2005 413 2039 si
439 2006 566 2040 rimete
593 2005 627 2039 al
645 2005 793 2039 hordine
820 2005 885 2039 che
905 2005 990 2039 dara
1016 2004 1042 2038 il
1060 2004 1176 2038 Padre
1194 2004 1321 2038 Dottor
1347 2004 1481 2038 canisio
1500 2004 1642 2048 alquale
1665 2004 1704 2049 jn
1732 2005 1857 2048 queste

88 2071 169 2094 cose
195 2059 226 2093 si
253 2059 299 2093 ha
325 2059 359 2093 di
385 2059 463 2093 fare
489 2059 633 2093 ricorso.

207 2113 238 2147 2.
274 2114 452 2147 Similiter
487 2114 671 2147 Solnzeron
711 2113 862 2146 Seidelio
896 2113 1027 2146 rectori
1062 2112 1281 2156 tyrnariensi
1315 2112 1426 2145 Roma
1464 2114 1496 2145 7.
1529 2112 1659 2145 lllccrtii
1692 2113 1783 2145 1562
1818 2112 1859 2144 de

90 2168 272 2201 Societatis
297 2167 601 2201 constitutionibus
634 2167 745 2200 scribi
771 2167 892 2199 iussit:
928 2165 1067 2207 Quanto
1094 2164 1129 2198 31
1162 2164 1275 2198 1131161
1309 2164 1342 2198 16
1373 2164 1620 2199 constitutioni
1655 2167 1690 2198 et
1716 2164 1739 2198 il
1766 2164 1859 2198 farle

86 2221 218 2254 vedere
252 2220 287 2254 31
321 2219 635 2254 Reuerendissimo
661 2219 902 2253 Arciuescouo
930 2219 985 2253 .V.
1012 2218 1053 2252 R.
1081 2218 1318 2252 communichi
1353 2218 1388 2252 13
1424 2229 1507 2252 6053
1543 2217 1597 2252 601
1631 2218 1748 2252 Padre
1774 2218 1857 2251 Pro-

86 2273 239 2309 uinciale
267 2273 419 2315 Canisio,
447 2276 482 2307 et
507 2272 641 2316 segniti
659 2272 689 2306 .l’
709 2273 831 2306 ordine
857 2283 931 2306 suo.

917 2389 1037 2431 415.

704 2480 800 2516 Vere
825 2478 886 2516 vel
913 2481 1057 2516 aestate
1083 2489 1116 2516 a.
1143 2478 1239 2515 1562.

207 2567 394 2600 ssiat-tinus
422 2565 658 2607 Cliemnitius,
685 2564 977 2597 Lutheranorum
1002 2564 1178 2606 tlzeoloqus
1203 2564 1472 2607 brunsvicensis,
1506 2563 1739 2607 „Tlieoloyiae
1764 2564 1858 2596 Iesu-

89 2621 240 2653 cz'tarum
260 2621 461 2663 praecipua
491 2618 630 2661 capit&
661 2618 805 2660 eculyat.
856 2618 929 2650 Eos
954 2618 998 2650 ab
1024 2618 1160 2650 Ioanne
1185 2617 1289 2650 Petro
1320 2617 1470 2659 Cat-offa
1496 2617 1646 2650 Venetiis
1680 2617 1859 2650 institutos·

89 2674 127 2707 id
161 2674 314 2707 maxime
347 2678 523 2716 spectare,
558 2675 598 2705 ut
632 2671 845 2704 cruditionis·
878 2672 990 2713 specie
1027 2671 1243 2704 Germaniae
1277 2672 1457 2703 veritatem
1492 2671 1648 2713 eripiant
1682 2671 1860 2713 eidemque

90 2728 327 2760 crassissimos
350 2726 529 2770 pontificis
559 2735 700 2758 errores
724 2735 854 2757 rursus
880 2724 1082 2757 obtrudant.
1138 2723 1276 2757 Canisii
1303 2721 1530 2767 ‚,Summam“
1558 2723 1658 2756 valde
1682 2724 1860 2756 moderate

88 2781 260 2823 scriptam
285 2790 354 2813 esse
369 2780 515 2822 fatetur.
554 2778 739 2811 Canisium
759 2775 978 2821 „Cymkunst
997 2781 1094 2810 vocat
1117 2777 1283 2820 falsaque
1301 2777 1342 2810 de
1361 2788 1398 2810 eo
1417 2780 1558 2810 narrat.
1595 2777 1855 2820 „Iesuitarunff

90 2843 213 2866 nomen
240 2833 374 2877 copiose
400 2832 551 2875 explicat
577 2828 828 2874 („Iebusilae“,
855 2828 1120 2874 „Iesu-wider“,
1148 2828 1317 2874 „Snitad‘
1345 2830 1437 2870 eta).

209 2913 360 2948 Iacobus
384 2912 542 2954 Lainius,
569 2910 760 2946 Societatis
785 2911 1011 2956 praepositus
1037 2910 1236 2954 generalis,
1267 2910 1338 2944 iam
1365 2922 1410 2944 m.
1439 2910 1641 2955 Septembri
1668 2911 1759 2945 1562
1785 2910 1860 2945 Τ11-

91 2968 189 3002 denti
213 2967 296 3001 libri
322 2978 342 3001 3
367 2965 524 3000 Martino
552 2964 773 3006 Chemnitio,
804 2964 862 3009 qui
890 2967 976 2999 tunc
1003 2964 1194 2998 Brunsvici
1219 2963 1549 3008 superintendentis
1574 2963 1860 2998 Lutheranorum

94 3020 374 3064 „coadiutorem“
406 3019 538 3063 agebat
566 3018 664 3063 (vide
685 3030 794 3063 supra
811 3030 844 3063 p.
864 3018 978 3062 481⁶),
1005 3018 1179 3052 adversus
1197 3017 1415 3051 Societatem
1442 3019 1477 3051 et
1502 3016 1659 3051 maxime
1685 3017 1861 3052 adversus

91 3074 213 3109 Socios
250 3073 489 3113 colonienses,
529 3072 730 3115 ,Censurae
767 3071 1008 3106 Coioniensis“
1054 3070 1152 3114 (vide
1186 3082 1297 3115 supra
1322 3082 1357 3115 p.
1384 3070 1468 3114 797)
1509 3072 1694 3111 auctores,
1733 3071 1861 3116 scripti

91 3127 296 3173 exemplum
321 3126 477 3161 habebat
502 3137 523 3160 a
549 3125 692 3160 Ganisio
718 3124 888 3166 missum;
915 3124 971 3159 cui
998 3125 1155 3166 Lainius,
1181 3126 1221 3158 ut
1247 3123 1399 3158 alterum
1426 3124 1631 3169 exemplum
1649 3124 1861 3158 Tridentum

89 3181 262 3222 mitteret,
290 3180 344 3215 10.
371 3178 587 3214 Novembris
615 3178 706 3213 1562
731 3190 795 3223 per
820 3178 1016 3212 Polancum
1047 3177 1234 3212 mandavit
1262 3177 1388 3222 (supra
1414 3189 1447 3222 p.
1476 3177 1574 3221 530).
