2093 3444
225 221 309 261 574
435 219 513 252 742.
550 217 715 252 Canisius
742 217 920 252 Stanislao
946 217 1067 252 Hosio.
1107 219 1198 261 Aug.
1225 218 1330 252 Vind.
1358 218 1413 252 26.
1439 218 1648 253 Decembris
1676 220 1776 254 1562.

224 335 413 377 animum
456 335 499 376 in
533 335 672 376 officio
707 335 947 378 catholicae
982 336 1231 390 Religionis.
1298 336 1509 385 Quamdiu
1551 337 1607 380 sit
1638 336 1866 390 Augustae
1908 337 1984 379 ad-

224 400 398 442 futurus
430 400 604 453 ignoro:
638 400 718 442 nisi
742 400 877 454 pestis
900 401 1255 454 impedimentum
1279 401 1471 443 adferret
1481 407 1507 451 ἃ,
1542 416 1743 444 coronam
1767 402 1985 456 acciperet

225 465 401 507 tertiam
434 465 477 506 in
500 465 740 518 Hungaria,
776 468 823 508 ut
846 465 996 508 retulit
1028 466 1130 507 mihi
1152 468 1203 508 D.
1228 467 1428 519 ilsungus
1452 466 1647 508 Caesaris
1674 466 1942 509 consiliarius
1955 468 1984 509 1.

226 529 419 572 Manebit
452 530 520 571 hic
546 531 598 573 D.
623 530 774 571 Zazius
808 531 1017 583 quoque2.
1069 530 1112 573 Si
1145 531 1245 584 quid
1278 531 1378 572 noui
1410 532 1626 582 succedat,
1660 532 1802 573 isthuc
1834 532 1986 573 lubens

224 595 503 648 perscribam.
568 595 786 648 Expectat
829 596 967 637 adhuc
1000 595 1152 637 Comes
1196 611 1221 638 a
1252 596 1375 637 Luna
1415 610 1669 650 responsum
1710 596 1776 638 sui
1807 596 1940 650 Regis
1956 597 1984 639 3.

226 660 291 701 De
325 659 475 713 Gallijs
508 660 688 701 meliora
721 674 957 714 speramus.
1022 660 1224 702 Nondum
1264 661 1408 702 audiui
1441 661 1492 703 de
1526 662 1746 712 Cromero,
1790 662 1902 704 sitne
1944 664 1987 703 et

226 725 318 778 ipse
360 728 567 767 uenturus
608 725 865 777 Augustam.
930 725 1089 767 Caesar
1130 740 1182 767 ex
1225 726 1434 779 Friburgo
1481 729 1524 769 et
1565 726 1817 768 Constantia
1859 726 1988 768 Oeni-

226 792 407 844 pontum
439 792 560 844 petet
592 804 760 841 mense,
805 792 854 832 ut
884 793 1062 844 putant,
1107 791 1306 832 Ianuario
1320 792 1349 833 4.
1414 791 1569 833 Pacem
1601 791 1682 833 1100
1723 806 1834 833 anno
1875 805 1987 833 nouo

230 854 432 908 Germanj
475 855 554 909 sibj
588 855 782 908 pollicerj
822 855 1044 906 uidentur,
1090 856 1165 897 sed
1207 870 1309 897 non
1352 858 1436 898 est
1476 870 1584 910 pax
1624 856 1810 911 impijs
1851 855 1989 898 dicit

230 919 519 962 dominusf’.
584 919 806 969 Quaerunt
839 934 985 962 onmes
1019 920 1117 973 quid
1152 923 1287 973 agant
1318 920 1362 962 in
1394 921 1581 962 Concilio
1614 921 1787 971 PatreS,
1822 923 1866 963 et
1898 935 1989 963 ses-

230 984 361 1026 sionis
394 985 569 1026 decreta
601 987 700 1039 post
725 988 894 1027 tantam
926 1000 1091 1027 moram
1125 988 1371 1039 expectant.
1421 986 1582 1027 Verum
1616 988 1686 1028 sat
1719 986 1817 1037 cito,
1852 986 1888 1028 si
1921 989 1990 1028 sat

229 1050 338 1091 bene
352 1051 380 1093 6.
430 1050 672 1103 Coniungat
704 1050 912 1092 Dominus
944 1051 1110 1092 animos
1142 1052 1335 1101 Patrum,
1368 1054 1417 1094 ut
1449 1065 1500 1093 ea
1533 1065 1643 1104 quae
1675 1054 1776 1094 sunt
1806 1051 1906 1093 fidei
1938 1065 1989 1093 ac

229 1114 550 1157 reformationis
575 1115 895 1156 consentienter
918 1115 1136 1166 definiant,
1162 1119 1205 1157 et
1228 1130 1322 1157 eum
1346 1116 1567 1158 Ecclesiae
1589 1116 1734 1158 fructu
1756 1115 1988 1170 publicent.

230 1180 524 1233 Expectamus
549 1180 757 1233 Theologi
789 1180 964 1234 scripta,
1000 1180 1070 1234 qui
1103 1181 1310 1222 aduersus
1339 1181 1521 1235 Fabrieij
1557 1182 1796 1223 orationem
1829 1180 1990 1235 Synodi

230 1245 542 1287 authoritatem
577 1245 782 1287 defendat
796 1246 823 1288 7.
873 1245 999 1287 Nunc
1026 1246 1125 1298 quia
1157 1246 1330 1300 saepius
1362 1246 1465 1287 mihi
1498 1247 1834 1288 concionandum
1858 1245 1989 1297 uenit,

231 1311 485 1364 abrumpam
519 1311 769 1364 epistolam,
804 1311 883 1352 hoc
916 1326 1045 1352 unum
1079 1313 1282 1364 precatus
1315 1325 1340 1353 a
1373 1311 1563 1362 Christo,
1606 1315 1655 1354 ut
1686 1326 1763 1366 per
1795 1313 1991 1353 sanctam

230 1375 506 1418 natiuitatem
531 1385 651 1417 suam
676 1376 877 1417 Patribus
901 1376 1096 1417 omnibus
1121 1379 1163 1418 et
1186 1376 1381 1430 inprimis
1404 1377 1674 1431 amplitudinj
1698 1380 1813 1427 tuae,
1841 1390 1991 1431 pacem

232 1441 285 1482 ab
309 1441 476 1493 angelis
500 1441 778 1483 nunciatamS
810 1441 1045 1495 impertiat,
1081 1456 1324 1494 nouumque
1348 1444 1391 1484 et
1412 1442 1590 1496 perinde
1612 1442 1808 1484 foelicem
1833 1456 1991 1484 annum

232 1520 264 1548 s.
299 1506 523 1547 Ecclesiae
558 1507 699 1548 donet.
765 1506 989 1559 Augustae
1024 1508 1076 1548 26
1112 1507 1362 1548 Decembris
1399 1509 1523 1550 1562.

1174 1590 1334 1632 Seruus
1366 1589 1409 1630 in
1441 1589 1609 1632 Christo
1642 1590 1688 1632 P.
1724 1589 1931 1632 Canisius.

351 1677 483 1730 Regis
517 1679 561 1718 et
587 1676 775 1730 Reginae
808 1677 1083 1729 magnifieum
1110 1678 1366 1731 ingressum,
1402 1692 1527 1731 quem
1551 1677 1765 1720 Bauariae
1788 1677 1993 1731 Princeps

231 1742 511 1784 illustriorem
544 1742 742 1792 reddidit,
778 1742 984 1784 Catholici
1009 1743 1136 1785 laetis
1169 1743 1322 1785 animis
1346 1745 1623 1797 exceperunt.
1673 1743 1820 1784 Clerus
1843 1743 1993 1796 Augu-

233 1809 385 1848 stanus
418 1822 502 1849 non
535 1807 626 1848 sine
659 1807 823 1849 solenni
846 1822 1004 1861 pompa
1027 1808 1238 1862 processit
1271 1807 1454 1859 obuiam,
1489 1810 1533 1850 et
1563 1808 1607 1849 in
1639 1822 1762 1850 suum
1784 1808 1994 1862 templum

233 1871 482 1926 primarium
518 1873 696 1914 eundem
731 1873 895 1926 Regem
935 1876 978 1915 et
1011 1873 1223 1927 Reginam
1262 1873 1443 1916 induxit.
1506 1873 1620 1915 Itum
1663 1876 1730 1915 est
1769 1887 1896 1927 porro
1939 1872 1994 1914 ad

233 1952 445 1979 summum
480 1938 638 1987 altare,
681 1940 724 1979 et
757 1938 1016 1981 decantatae
1049 1939 1218 1991 gratiae
1252 1939 1342 1980 Deo
1375 1938 1556 1992 publice,
1591 1936 1795 1992 uel[lent]
1830 1938 1994 1980 nollent

234 2003 382 2044 audire
422 2003 659 2057 aduersarij
695 2003 755 2045 Te
788 2004 924 2045 Deum
967 2004 1205 2046 laudamus.
1270 2003 1383 2045 Nam
1416 2003 1573 2045 falsum
1615 2017 1829 2045 rumorem
1871 2017 1994 2057 spar-

234 2070 382 2109 serant
409 2068 596 2122 sectarij,
631 2082 805 2110 suarum
830 2082 924 2110 esse
947 2069 1135 2122 partium
1159 2069 1323 2122 Regem
1345 2069 1702 2119 Maximilianum,
1737 2082 1864 2121 quem
1886 2082 1988 2121 gau·

353 2220 366 2234 ³
392 2215 448 2246 Ita
479 2214 617 2247 Canis&
640 2217 794 2257 scriptor
819 2216 974 2247 ‹eom-emit
1000 2225 1043 2246 ear
1068 2213 1264 2248 accederet.

356 2348 365 2367 ¹
394 2347 569 2391 Georgius
597 2348 730 2391 llsung,
757 2347 931 2392 patricius
957 2349 1190 2391 augustanus,
1217 2358 1238 2380 a
1256 2346 1478 2381 Ferdinando
1498 2347 1523 2380 Ι.
1548 2346 1698 2381 Suebiae
1725 2345 1886 2391 partibus
1911 2345 1995 2387 illis,

235 2412 326 2444 quae
362 2400 528 2434 Austriae
563 2401 783 2445 principibus
818 2401 1009 2441 suberant,
1048 2401 1252 2444 praefectus
1279 2399 1558 2444 („Landvogt“).
1609 2400 1662 2434 De
1697 2411 1766 2444 quo
1801 2400 1894 2433 Paul
1929 2410 1994 2433 von

237 2454 363 2487 stetten.
389 2453 471 2495 iun„
499 2454 714 2488 Geschichte
741 2454 803 2487 der
829 2453 1015 2488 adelichen
1042 2453 1300 2488 Geschlechter
1326 2454 1360 2487 in
1381 2481 1387 2487 .
1408 2481 1415 2487 .
1439 2453 1633 2497 Augsburg
1654 2453 1865 2497 (Augsburg
1886 2451 1990 2496 1762)

235 2518 268 2551 p.
299 2507 375 2546 111,
403 2509 438 2539 et
464 2508 633 2550 Agyrio-ola
659 2507 680 2540 1.
709 2519 737 2541 c.
765 2507 789 2547 I,
817 2506 900 2541 Dec.
929 2507 960 2547 3,
986 2519 1019 2540 n.
1048 2506 1102 2540 87.

356 2559 368 2580 ²
395 2560 543 2594 Ioannes
571 2560 760 2594 Udalrieus
787 2560 920 2601 Zasius,
948 2560 1104 2594 caesaris
1131 2558 1374 2600 consiliarius;
1400 2559 1483 2593 vide
1509 2570 1617 2604 supra
1642 2571 1675 2604 p.
1702 2559 1803 2593 469².

356 2613 368 2633 3
394 2612 550 2657 Philippi
575 2613 639 2652 11.;
668 2612 749 2647 vide
775 2625 884 2658 supra
910 2625 943 2657 p.
971 2612 1168 2646 532—533.

355 2667 367 2685 ⁴¹
394 2665 640 2700 Ferdinandus
665 2666 708 2707 L,
745 2666 979 2700 Francofurto
1006 2665 1051 2699 ad
1076 2665 1243 2699 Moenum
1277 2666 1359 2710 post
1384 2665 1415 2699 5.
1443 2664 1650 2699 Decembris
1679 2665 1768 2699 1562
1803 2664 1994 2709 profectus,

235 2719 448 2762 Friburgum
476 2719 687 2763 Brisgoviae
713 2719 769 2754 22.
805 2719 864 2753 vel
890 2719 945 2753 23.
972 2718 1199 2759 Decembris,
1239 2718 1485 2752 Constantiam
1515 2718 1724 2762 (Constanz)
1761 2718 1827 2752 sub
1862 2719 1915 2752 14.
1942 2718 1996 2752 Ia-

235 2772 351 2806 nuarii
380 2773 480 2813 1563,
508 2772 744 2817 Oenipontem
769 2773 836 2806 sub
862 2772 1003 2806 initium
1029 2784 1075 2805 111.
1102 2771 1287 2805 Februarii
1313 2772 1413 2806 venit
1441 2771 1575 2815 (Stellio
1600 2771 1623 2806 l.
1650 2784 1680 2806 0.
1706 2783 1740 2816 p.
1767 2771 1863 2815 395).

355 2828 368 2846 ⁵
394 2826 440 2860 Is.
466 2826 522 2866 48,
550 2826 613 2866 22;
641 2827 697 2867 57,
723 2826 779 2860 21.

356 2879 368 2898 ⁶
396 2880 430 2913 S.
460 2880 699 2923 Hieronymus
724 2878 974 2912 Pammachio:
1018 2877 1172 2920 „Scitum
1199 2880 1254 2911 est
1279 2877 1366 2912 illud
1394 2889 1533 2922 quoque
1561 2877 1723 2912 Catonis:
1760 2876 1824 2911 Sat
1848 2877 1938 2918 cito,
1964 2877 1993 2911 si

235 2933 294 2966 sat
318 2932 450 2966 bene“:
479 2932 592 2977 Epist.
620 2933 663 2966 66
694 2931 800 2975 (alias
825 2932 899 2975 26),
926 2943 959 2965 n.
987 2932 1007 2965 9
1035 2931 1172 2975 (Missua
1195 2931 1265 2965 PP.
1284 2930 1352 2965 LL.
1371 2931 1482 2972 XXII,
1511 2931 1606 2974 644).
1642 2930 1741 2972 Quod
1766 2930 1994 2975 proverbium

236 2986 358 3019 exstat
393 2986 501 3019 etiam
538 2986 632 3030 apud
657 2987 870 3030 Erasmum‚
907 2984 1125 3028 Adagiorum
1153 2983 1335 3018 Chiliades
1370 2986 1523 3028 quatuor
1555 2984 1677 3028 (Oliva
1709 2984 1796 3018 Rob.
1823 2982 1996 3028 Stephani

238 3038 343 3081 1558)
374 3038 438 3072 col.
467 3038 545 3073 352.

356 3092 368 3111 ⁷
394 3091 433 3125 ld
459 3091 590 3125 Petrus
608 3091 841 3126 Fontidonius
868 3093 904 3125 et
923 3090 1061 3136 Gaspar
1081 3090 1258 3125 Cardillus
1285 3091 1327 3124 de
1345 3090 1571 3135 Villapanda,
1598 3092 1748 3134 uterque
1773 3089 1995 3133 segobiensis

237 3145 273 3177 et
296 3143 486 3186 theologus
513 3145 663 3187 concilii,
690 3145 968 3189 praestiterunt3
996 3144 1037 3177 de
1064 3155 1133 3187 qua
1158 3155 1196 3178 re
1223 3143 1326 3188 plura
1349 3143 1385 3177 in
1409 3143 1515 3178 huius
1533 3143 1650 3188 operis
1667 3143 1849 3177 volumine
1867 3144 1995 3186 quarto

235 3199 490 3241 proponentur.
636 3198 649 3218 3
675 3198 728 3233 Of.
755 3198 840 3232 Luc.
868 3198 898 3240 2,
928 3197 982 3232 14.

2073 114 2078 146 ἢ
2066 33 2078 100 „asa-⁴1·
