2093 3444
108 166 204 200 Mon.
225 164 401 209 (ingolst.)
422 164 501 199 295.
524 164 802 207 (1561—1-5622)
830 165 909 200 296.
937 165 1016 199 297.
1043 164 1127 208 (26.,
1146 165 1200 200 31.
1221 165 1311 206 Oet„
1331 167 1365 199 et
1384 176 1439 198 ex.
1459 163 1542 198 Dec.
1564 162 1682 207 1562.)
1739 165 1822 207 685

879 283 1010 325 295.

831 372 1051 409 1561—1562.

82 513 113 548 G
151 459 375 547 EEngrisifii
402 459 532 495 litteris
559 461 617 495 vel
652 462 887 507 autographis
913 462 971 496 vel
999 462 1121 495 eodem
1154 461 1229 496 fere
1254 463 1414 506 tempore
1449 460 1688 505 transcriptis.
1740 459 1823 494 Cod.

63 540 75 555 ‚‚
102 513 124 547 ¹.
183 525 215 558 p.
300 514 312 528 ‘⁴
360 539 368 546 .
395 513 471 547 86³.

181 594 365 637 Georyius,
385 595 569 637 principis
594 594 779 627 cniusdam
803 595 1037 638 contiometor,
1066 596 1233 629 Soc-{etati
1252 605 1320 638 pet·
1341 595 1526 627 Uatie'se‘um
1552 595 1760 628 conciliatus
1787 596 1823 627 in

58 658 165 691 eaque
190 649 279 680 mire
305 651 479 690 constans,
507 647 550 679 ab
577 648 692 680 eodem
717 648 975 691 Inqolstadiemz
996 650 1169 691 primum,
1196 649 1321 681 deinde
1346 649 1496 681 Romam
1523 649 1648 680 missus
1674 653 1730 681 est.

175 730 215 763 P.
247 729 419 772 Georyins
456 729 605 771 Crispus
641 729 806 769 (Io-aus)
848 730 883 762 S.
911 730 947 762 J.
989 731 1025 762 in¹
1065 730 1200 772 colle-«sii
1239 730 1523 773 inyoistadiensis
1559 729 1595 763 S.
1623 730 1660 762 J.
1698 730 1824 763 litteris

57 782 395 825 ‹lewich-intestribzts,
430 782 648 825 Inyolstadio
678 785 706 815 1.
734 783 829 815 Maia·
854 781 944 815 1562
970 783 1083 825 datis,
1120 784 1160 816 (Ie
1189 784 1334 817 Csmisio
1368 783 1513 816 scribit:
1546 781 1681 816 Missus
1707 784 1763 816 est
1788 785 1825 816 et

56 834 126 869 huc
152 835 196 869 ab
223 835 346 869 eodem
372 835 482 869 Patre
511 834 756 879 [Prouinciali]
784 835 952 869 sacerdos
978 835 1123 879 quidam
1150 836 1291 869 nomine
1319 835 1519 879 Georgius¹
1555 835 1611 869 vir
1637 836 1673 869 et
1698 835 1824 869 doctus

57 889 93 922 et
117 888 216 933 pius,
253 887 482 923 concionator
506 899 577 922 non
603 887 785 931 uulgaris,
821 899 927 932 quem
953 900 973 922 a
999 900 1038 922 se
1064 889 1229 923 auulsum
1256 888 1454 932 aegerrime
1480 888 1565 922 tulit
1590 889 1621 923 is
1647 888 1824 934 princeps,

56 940 113 975 cui
139 941 216 986 ipse
242 953 263 975 a
289 941 518 976 concionibus
551 943 648 981 erat,
685 941 984 985 quemadmodum
1016 942 1206 976 manifeste
1233 942 1429 976 docuerunt
1455 942 1601 976 crebrae
1626 941 1753 976 literae
1789 945 1825 976 et

54 994 174 1040 nuncij
210 995 255 1028 ad
281 995 398 1040 ipsum
424 994 666 1029 reducendum
701 995 822 1036 missi,
858 995 920 1029 sed
946 995 1060 1030 bonus
1086 995 1254 1040 spiritus,
1290 1007 1396 1040 quem
1431 995 1507 1041 ipse
1542 1007 1586 1029 ex
1612 996 1824 1030 commercio

55 1047 262 1092 salubrique
301 1048 449 1083 consilio
487 1048 557 1082 iam
601 1049 868 1082 commemorati
906 1048 1020 1093 patris
1059 1048 1180 1083 diuina
1218 1051 1432 1094 cooperante
1475 1049 1594 1093 gratia
1631 1048 1823 1093 aliquando

54 1101 228 1136 hauserat
253 1102 341 1136 adeo
367 1102 403 1135 in
429 1103 554 1135 sancto
573 1101 756 1146 proposito
782 1101 925 1136 firmum
952 1102 1114 1144 reddidit,
1141 1105 1181 1136 vt
1207 1102 1399 1146 magnifica
1417 1103 1593 1147 promissa
1618 1102 1674 1136 sui
1693 1102 1823 1136 domini

55 1157 91 1189 et
125 1155 320 1190 amicorum
354 1155 506 1189 affectus
532 1166 679 1200 prorsus
713 1155 1009 1200 floccipenderet,
1046 1156 1236 1190 Caeterum
1263 1167 1332 1200 quo
1364 1156 1408 1190 ab
1443 1156 1523 1190 istis
1559 1155 1822 1201 impedimentis

53 1208 198 1243 liberior
224 1210 322 1243 esset
346 1208 383 1242 in
408 1208 559 1243 vrbem²
594 1208 694 1243 velut
720 1208 862 1254 asylum
898 1212 933 1243 et
959 1209 1106 1254 pietatis
1132 1209 1293 1243 scholam
1320 1221 1389 1243 vno
1416 1209 1459 1244 ab
1485 1209 1568 1244 hinc
1594 1220 1716 1243 mense
1742 1220 1822 1243 sua·

54 1264 160 1297 dente
178 1262 213 1296 P.
233 1261 451 1307 Prouincialj
479 1262 612 1296 missus
639 1264 705 1297 est.
740 1262 809 1296 Hic
836 1262 1021 1306 egregium
1048 1262 1229 1307 specimen
1255 1263 1310 1297 sui
1337 1262 1505 1308 tyrocinij
1532 1262 1702 1306 quamdiu
1728 1263 1822 1307 apud

53 1327 118 1350 nos
145 1315 229 1360 egit,
256 1315 430 1357 exhibuit,
457 1315 523 1350 hoc
549 1327 658 1350 vnum
687 1327 767 1350 cum
794 1315 904 1350 animi
928 1315 1084 1350 tristicia
1110 1316 1310 1361 deplorans,
1338 1317 1430 1361 quod
1458 1316 1564 1360 longe
1590 1319 1696 1350 antea
1722 1327 1821 1350 mun-

54 1369 167 1403 danae
194 1369 457 1404 conuersationi
483 1369 653 1403 nuncium
679 1380 748 1403 non
775 1369 984 1403 remisisset.

870 1493 1000 1534 296.

613 1582 716 1618 Inter
743 1582 799 1618 26.
826 1584 862 1618 et
888 1581 936 1618 31.
964 1581 1132 1618 Octobris
1158 1581 1253 1618 1562.

171 1670 227 1705 Ex
257 1670 448 1716 „Epistolis
473 1670 512 1706 P.
540 1672 680 1705 Nadal⁴⁴
710 1671 755 1713 ll,
785 1670 860 1705 138.

175 1749 343 1783 Οαηίείιιε
365 1750 588 1794 Inyolstade'i,
616 1750 699 1783 dum
727 1750 910 1792 colleffl'zim
936 1760 958 1781 a
985 1749 1024 1782 Ρ.
1043 1749 1173 1781 Nataie
1200 1747 1423 1793 „visitatam-‘2
1450 1753 1520 1782 tres
1545 1749 1619 1782 dies
1646 1754 1817 1782 moratur.

171 1833 220 1875 P.
243 1833 530 1889 Hieronymus
557 1833 707 1876 Nadal
729 1833 772 1875 S.
795 1832 838 1875 J.
876 1832 1102 1887 Oeniponte
1134 1833 1203 1874 20.
1237 1831 1482 1873 Novembris
1515 1833 1630 1872 1562
1661 1831 1818 1872 Lainio

46 1899 287 1953 praeposito
315 1900 505 1953 qemi-ali
537 1900 588 1940 (le
620 1899 778 1952 colleyii
803 1898 1144 1952 inqoisiacliensis
1168 1898 1402 1938 visitatione
1434 1911 1461 1938 (ι
1492 1911 1534 1938 se
1552 1896 1671 1950 facta
1703 1896 1816 1947 haec,

46 1968 220 2017 praeter
252 1965 363 2017 alia,
403 1965 597 2019 scripsit:
636 1964 675 2005 A
707 1961 976 2017 Ingolstadio
1018 1961 1083 2002 fus
1113 1975 1192 2003 con
1230 1961 1270 2003 el
1302 1961 1348 2004 P.
1381 1961 1584 2015 Lannoy,
1628 1974 1710 2014 que
1743 1974 1818 2003 era

52 2027 208 2070 venido
240 2029 266 2070 a
297 2029 520 2083 Augusta3
562 2043 617 2071 no
659 2028 758 2070 uino
794 2027 980 2082 primero
1022 2040 1101 2068 con
1143 2029 1343 2069 nosotros
1385 2027 1424 2068 el
1456 2026 1503 2069 P.
1537 2026 1706 2068 Canisio
1738 2040 1817 2080 por

51 2107 103 2135 su
135 2093 372 2148 Obligation
412 2097 489 2137 tan
520 2094 663 2137 fuerte
705 2094 757 2135 de
789 2107 863 2135 sus
894 2091 1093 2147 predicas
1126 2106 1135 2134 :
1170 2091 1353 2146 despues
1385 2090 1507 2143 vino,
1548 2105 1578 2145 y
1615 2105 1668 2133 no
1702 2091 1815 2145 pudo

53 2162 172 2203 estar
203 2159 295 2202 sino
327 2163 419 2203 tres
452 2160 545 2202 dias
577 2173 657 2214 por
688 2159 731 2201 la
762 2158 917 2200 misma
949 2171 1094 2200 causa.

169 2245 311 2282 Natalis
335 2247 539 2290 Augustam
564 2246 719 2292 primum
754 2245 820 2280 sub
849 2246 903 2280 19.
930 2244 1096 2279 Octobris
1122 2243 1314 2286 advectus,
1350 2244 1429 2278 inde
1455 2242 1715 2287 Ingolstadium
1750 2243 1816 2278 sub

51 2300 107 2334 22.
135 2299 302 2335 Octobris
327 2300 466 2335 abierat
490 2300 610 2345 ibique
635 2300 711 2334 fere
740 2300 778 2333 11
808 2299 885 2333 dies
911 2299 1160 2339 commoratus
1187 2298 1254 2331 sub
1281 2297 1312 2331 3.
1339 2297 1554 2331 Novembris
1579 2297 1660 2331 inde
1685 2297 1815 2331 iterum

50 2354 253 2397 Augustam
280 2355 357 2388 erat
374 2353 558 2399 profectus
584 2353 682 2398 (vide
700 2364 820 2397 supra,
847 2363 1001 2386 monum.
1020 2351 1099 2392 282,
1127 2354 1163 2385 et
1180 2350 1285 2392 infra,
1311 2362 1465 2385 monum.
1485 2351 1581 2394 298).
1620 2350 1676 2384 Ex
1702 2350 1815 2385 altera

51 2410 153 2452 parte
188 2410 349 2450 constat,
385 2407 569 2442 Canisium
595 2407 781 2450 Augustae
811 2406 863 2440 18.
891 2408 927 2439 et
952 2405 1008 2439 25.
1036 2404 1221 2446 Octobris,
1259 2405 1289 2439 1.
1317 2407 1353 2439 et
1378 2404 1409 2439 2.
1436 2403 1649 2438 Novembris
1684 2403 1815 2438 contio·

50 2463 175 2495 natum
201 2473 279 2496 esse
308 2461 444 2506 (supra,
471 2460 558 2495 Tab.
584 2459 770 2503 chronoh).
806 2458 924 2501 Quare
950 2470 1031 2493 eum
1056 2457 1122 2492 sub
1149 2457 1205 2492 26.
1227 2455 1393 2492 Octobris
1419 2457 1678 2501 Ingolstadium
1705 2457 1815 2492 ivisse

50 2514 204 2559 indeque
229 2515 295 2549 sub
322 2515 378 2550 30.
404 2513 570 2549 Octobris
596 2515 799 2558 Augustam
825 2512 962 2547 redisse
987 2511 1165 2545 existimo.

865 2634 996 2678 297.

616 2726 784 2763 Excunte
809 2736 856 2762 111.
881 2724 1071 2762 Decembri
1098 2735 1131 2762 a.
1156 2724 1252 2761 1562.

170 2817 227 2853 Ex
252 2816 458 2863 apographo
485 2817 607 2852 eodem
632 2819 793 2862 tempore
818 2815 962 2861 scripto.
1014 2815 1098 2850 Cod.
1129 2813 1191 2858 „Gn
1219 2814 1284 2859 Ep.
1310 2813 1381 2847 ΠΙ·ι
1411 2812 1436 2847 f.
1463 2812 1540 2847 842.

175 2894 340 2928 Cam'sius
365 2895 615 2928 adulescentem
640 2895 704 2928 diu
729 2895 822 2927 inter
848 2893 1073 2927 Lutheranos
1109 2896 1282 2925 cei-satum
1307 2891 1565 2935 Inyolstadium
1590 2891 1719 2932 mittit;
1752 2892 1814 2934 qui

50 2949 178 2982 ibidem
197 2950 365 2992 optimum
381 2959 417 2981 se
427 2948 572 2991 praebet
587 2947 770 2981 Societatis
789 2948 973 2981 novicium.
1000 2946 1259 2979 Monasterium
1274 2945 1310 2979 S.
1326 2944 1544 2978 Catharinae
1562 2947 1811 2986 auyustanum.

174 3095 183 3114 ¹
210 3093 496 3128 Rosenhaimer‘?
537 3091 630 3126 Vide
655 3102 764 3136 supra
789 3102 823 3136 p.
850 3090 930 3126 390.
956 3091 1038 3125 401.
1064 3090 1145 3125 419.

170 3148 184 3168 ²
208 3147 377 3188 Romarm
404 3146 486 3181 vide
512 3157 620 3191 supra
645 3157 678 3190 p.
705 3144 786 3180 452.
