2093 3444
225 222 310 262 522
757 218 835 253 721.
872 218 1024 252 Ioannes
1050 218 1093 252 de
1118 217 1274 252 Polanco
1301 217 1454 252 Canisio.

224 336 355 387 (come
379 338 488 389 dice)
521 342 671 378 tronar
702 338 824 378 *modo
859 337 904 377 di
936 336 1127 389 sodisfar
1160 341 1217 377 etc
1240 370 1247 377 .
1274 351 1324 377 ne
1350 336 1427 388 far
1456 350 1549 377 cosa
1572 336 1675 377 clieli
1694 337 1797 390 paia
1822 335 1988 377 bnona1

227 416 308 443 non
340 403 395 443 lia
429 403 569 443 animo
604 403 646 443 d’
669 403 882 443 attendere
915 417 940 442 a
964 416 1147 455 qouerno
1170 403 1332 453 alezino,
1367 401 1515 442 benclze
1536 405 1693 442 mostra
1715 402 1786 442 clie
1807 401 1988 442 liaueria

225 468 351 508 cliaro
384 468 435 508 de
467 468 676 509 sernirla³
698 466 768 518 [ἓ]
803 468 912 508 nella
934 468 1081 519 coqina
1105 471 1162 508 eto
1186 501 1194 508 .
1220 471 1256 507 et
1288 467 1357 507 clie
1377 471 1557 520 parteua
1575 480 1653 520 per
1675 466 1893 521 Hispruoli
1914 480 1990 520 per

227 537 399 587 aspetar
431 534 472 573 la
504 537 662 574 nennta
697 533 762 573 del
795 532 940 573 Padre
973 531 1139 583 Natale,
1175 534 1195 573 ὀ
1228 546 1326 573 nero
1359 532 1509 572 ordine.
1543 536 1598 572 etc
1633 565 1640 573 .
1678 536 1711 572 et
1744 531 1814 572 clze
1845 531 1887 572 la
1918 544 1989 572 uo-

226 599 339 639 lonta
381 612 460 639 sna
495 598 603 639 della
638 602 746 638 stata
788 598 832 638 in
864 598 1097 651 Alenzayna
1133 632 1140 639 .
1177 599 1198 639 ὸ
1229 611 1312 637 non
1354 597 1460 637 detto
1492 597 1638 637 Padre
1678 598 1714 637 si
1749 597 1906 637 rimette
1948 597 1990 637 al

230 663 374 704 Paclre
396 662 541 716 Natat,
576 667 612 703 et
644 663 715 703 olle
744 676 821 716 per
844 663 992 703 adesso
1024 676 1158 703 sanea
1190 662 1363 703 licencia
1389 661 1764 716 dell'Jmperatore
1797 666 1831 702 et
1863 674 1990 703 senza

229 729 345 769 (larli
387 734 502 769 conto
537 728 646 770 della
689 729 930 769 comissione
971 727 1041 768 che
1079 728 1110 768 li
1142 728 1247 768 dette
1289 741 1415 781 sopra
1447 731 1590 781 questa
1631 727 1890 768 concessione
1923 727 1989 768 del

227 794 366 845 calice,
402 807 484 834 non
513 807 643 847 parse
677 794 719 834 in
755 793 874 833 modo
908 794 1055 834 (donno
1089 793 1255 833 donessi
1290 806 1465 833 mimica-r
1487 792 1533 833 di
1554 796 1705 833 tornar
1727 793 1769 833 la
1792 793 1899 833 oltra
1921 791 1992 833 che

229 872 309 899 non
344 860 362 899 e
396 859 653 899 essaminata
685 860 726 900 la
760 872 855 899 cosa
888 871 930 899 se
958 872 1036 913 per
1066 859 1257 899 lanenire
1289 858 1355 898 sia
1388 858 1655 898 conueniente
1687 857 1757 898 clze
1796 858 1894 898 resti
1935 857 1990 898 la.

348 927 620 984 [Sequuntur
652 930 797 984 aliqua
833 930 883 969 de
914 930 1078 969 viaticis
1110 927 1404 982 quibusdam]

348 1001 419 1041 che
461 1002 642 1041 <liuta-ssi
684 1002 707 1039 ὰ
749 1000 891 1041 Pietro
932 1001 1188 1041 coloniense2
1232 1005 1266 1040 et
1309 1000 1399 1041 (lesi
1440 1001 1561 1041 aniso
1604 1014 1629 1039 a
1670 1000 1724 1041 N.
1759 999 1904 1041 Padre
1948 999 1995 1039 di

232 1079 340 1106 come
373 1067 409 1106 si
443 1067 611 1120 diporta
648 1071 732 1107 .etc.

353 1130 449 1172 Clzel
477 1132 745 1185 predicatore
772 1144 851 1185 per
882 1130 1142 1171 l'Areidnca
1180 1130 1347 1179 Garolo,
1379 1143 1486 1183 pare
1518 1143 1599 1170 non
1634 1131 1709 1171 seli
1743 1128 1892 1170 debbia
1925 1143 1993 1169 ne-

231 1209 348 1249 qare,
378 1211 428 1237 ne
449 1201 565 1251 tropo
589 1196 768 1249 (liferire
780 1196 809 1237 3.
846 1196 888 1236 in
911 1196 994 1236 loeo
1023 1195 1088 1236 (let
1111 1195 1207 1235 Pad
1213 1210 1256 1235 re
1278 1195 1432 1249 Zeydel
1453 1196 1573 1236 crede
1596 1196 1626 1236 il
1649 1194 1794 1236 Padre
1816 1194 1994 1235 V‘ittoria

234 1341 330 1374 clare
350 1341 580 1375 intellexisse:
609 1341 709 1382 Quod
728 1351 845 1383 neque,
873 1351 940 1383 qua
961 1341 1099 1373 ratione
1125 1342 1157 1373 ei
1176 1344 1291 1382 posset
1315 1340 1520 1381 satisfacere
1546 1343 1617 1382 etc.,
1646 1341 1815 1373 inveniret
1842 1341 1899 1380 (nt
1927 1341 1997 1383 ipse

234 1395 352 1437 (licit),
379 1405 489 1438 neque
513 1395 711 1437 quicquam,
739 1394 831 1437 qnod
851 1393 944 1435 ipsi¹
966 1393 1132 1436 placeret,
1155 1398 1342 1435 praestare
1355 1397 1481 1436 posset,
1508 1394 1539 1426 ei
1557 1394 1714 1426 animum
1743 1403 1813 1426 non
1839 1403 1908 1426 esse
1932 1393 1999 1426 ulli

235 1448 378 1489 ressendi
402 1448 544 1480 muneri
569 1458 708 1489 operam
735 1447 912 1488 nae-andi)-
936 1447 1140 1488 sissnificare
1165 1457 1241 1479 eum
1268 1451 1394 1489 tamen,
1420 1458 1466 1489 se,
1492 1447 1524 1478 si
1543 1447 1729 1489 rideretur,
1756 1447 1901 1479 libenter
1928 1447 1998 1489 ipsi

234 1502 525 1534 ministratrwum
561 1512 629 1533 esse
666 1501 698 1532 in
737 1500 855 1532 culina
884 1504 942 1532 etc.
994 1500 1041 1532 Et
1067 1511 1142 1532 cnm
1174 1500 1400 1542 Oenipontenz.
1422 1501 1614 1542 proficisci,
1653 1504 1688 1532 nt
1708 1500 1828 1542 patris
1854 1499 1997 1532 Natalis

234 1558 447 1597 exspectaret
473 1555 655 1586 adventum
683 1554 732 1585 *rel
758 1554 964 1586 mandatum
1002 1548 1160 1596 aliaepcod'
1183 1558 1242 1586 etc.
1292 1554 1339 1586 Et
1361 1554 1480 1596 patris
1506 1553 1649 1585 Natalis
1683 1553 1835 1586 arbitrio
1855 1556 1995 1596 patrem

237 1608 333 1640 illam
360 1609 570 1651 permittere,
600 1612 634 1640 ut
662 1609 731 1650 ipse
759 1608 791 1639 in
817 1607 1013 1639 Germania
1042 1607 1090 1639 rel
1116 1611 1271 1640 maneret
1299 1608 1347 1639 rel
1375 1618 1443 1640 non
1470 1610 1637 1650 maneret,
1666 1617 1772 1650 neque
1798 1607 1871 1639 ullo
1896 1606 1997 1639 modo

237 1663 344 1694 riswn
373 1672 441 1694 esse
468 1663 502 1693 in
526 1672 696 1704 praesens
721 1660 802 1701 fieri
827 1661 966 1703 debere,
1005 1664 1040 1692 ut
1067 1671 1102 1693 eo
1131 1671 1201 1693 non
1238 1661 1387 1703 rediret,
1424 1671 1501 1693 cnm
1526 1671 1637 1703 neque
1663 1660 1840 1693 licentiam
1867 1659 1910 1693 ab
1935 1660 1998 1692 im-

230 1719 398 1758 peratore
424 1717 660 1757 impetrasset,
697 1725 805 1757 neque
831 1715 1003 1747 rationem
1030 1715 1060 1746 ei
1087 1714 1291 1747 reddidisset
1319 1725 1458 1757 eornm,
1496 1724 1585 1757 quae
1619 1714 1660 1746 de
1685 1714 1901 1747 concessione
1936 1712 1998 1745 illa

236 1769 356 1801 calicis
375 1772 562 1811 praestare
589 1768 631 1800 ab
657 1778 694 1800 eo
722 1769 837 1800 iussus
863 1771 967 1807 esset,-
992 1768 1164 1810 accedere,
1191 1768 1293 1810 qnod,
1322 1779 1403 1800 nnnz
1430 1769 1464 1800 in
1481 1772 1661 1810 posterum
1688 1778 1765 1799 enni
1791 1767 1840 1799 ibi
1858 1777 2000 1799 manere

237 1824 447 1864 conveniret,
474 1822 629 1854 nondum
659 1823 851 1864 quaesitum
880 1822 1122 1864 coynitmnqne
1149 1825 1240 1854 esset.

355 1880 585 1924 [Sequuntur
611 1884 682 1921 etc„
711 1885 746 1913 ut
771 1880 919 1923 snpra]

356 1941 397 1974 L't
424 1941 565 1973 Petrum
596 1940 859 1973 Coloniensen12'
885 1940 1072 1973 adim-aret
1099 1944 1127 1972 et
1154 1940 1201 1971 ad
1221 1944 1361 1982 patrem
1389 1943 1547 1972 nostrmn
1575 1939 1734 1981 referret,
1774 1938 1945 1981 quomodo
1971 1938 2002 1971 is

235 2005 270 2026 se
293 1998 427 2037 θύνει-τη*
453 1998 509 2026 ete.

358 2048 458 2088 Quod
483 2048 530 2079 ad
556 2048 830 2080 contionatorum
860 2046 988 2079 Carolo
1025 2046 1213 2079 archiduce?
1247 2046 1406 2078 dandum
1433 2047 1615 2087 attineret,
1652 2056 1726 2078 reni
1753 2056 1811 2078 nec
1837 2054 2002 2078 recusan-

237 2100 320 2133 dam
354 2112 413 2133 nec
448 2101 553 2133 nimis
578 2100 813 2142 differendam
842 2100 952 2133 videri
967 2100 988 2133 3.
1041 2100 1107 2142 Et,
1146 2104 1181 2132 ut
1200 2100 1306 2143 patri
1331 2099 1471 2142 quidem
1497 2099 1674 2132 Victoriae
1699 2098 1888 2142 videretur,
1911 2098 2002 2141 fore,

355 2229 368 2243 ³
396 2224 455 2256 Sic
482 2223 561 2256 libr.
575 2235 587 2265 ,·
612 2223 672 2256 sed
697 2222 878 2265 leyendnm
907 2223 1044 2255 ridetur
1070 2221 1112 2255 de
1138 2220 1290 2254 seruirlo
1318 2221 1382 2263 (cf.
1412 2221 1524 2263 infra,
1551 2221 1633 2254 adn.
1664 2221 1716 2263 1),
1749 2221 1821 2253 'nisi
1844 2220 1937 2262 forte
1961 2219 2004 2252 li-

238 2278 383 2311 brarius
401 2288 443 2309 ex
462 2277 600 2320 obliqua
621 2277 780 2309 oratione
800 2278 837 2308 in
855 2276 1025 2309 directam
1044 2275 1208 2318 delapsus
1225 2276 1271 2308 sit
1289 2275 1351 2315 (de
1368 2275 1524 2308 seruirla
1543 2288 1587 2303 z
1606 2274 1647 2306 de
1671 2275 1791 2307 sernir
1817 2274 1852 2306 la
1870 2273 1907 2306 V.
1926 2272 2003 2313 R.).

358 2401 368 2420 ¹
396 2400 538 2434 Canisio
565 2399 768 2444 praeposito
794 2410 859 2432 suo
886 2396 1115 2442 provinciali;
1144 2396 1226 2430 vide
1252 2396 1346 2430 infra
1372 2407 1405 2440 p.
1433 2395 1512 2437 536,
1538 2397 1574 2429 et
1600 2406 1754 2428 monum.
1782 2393 1861 2428 382.
1889 2394 1968 2428 383.

357 2452 370 2471 ‘²
402 2453 459 2495 „R
488 2453 635 2486 Petrum
663 2451 929 2486 Coloniensem“
963 2450 1122 2494 (Haupt;
1157 2449 1240 2483 vide
1266 2460 1375 2494 supra
1402 2461 1434 2493 p.
1461 2449 1546 2492 446)
1576 2448 1612 2482 in
1648 2447 1798 2491 collegio
1833 2447 2004 2490 ingolsta-

239 2506 352 2540 diensi
385 2505 697 2548 „commensalium
723 2505 949 2550 praefectum
976 2506 1013 2537 et
1038 2502 1201 2538 scholae“
1233 2501 1345 2536 fuisse
1381 2514 1425 2535 ex
1453 2502 1529 2536 eius
1565 2501 1707 2544 collegii
1733 2500 1935 2544 *Catalogo
1961 2500 2005 2534 ab

238 2561 315 2605 ipso
334 2561 372 2593 P.
392 2561 532 2593 Lanoio
558 2561 696 2593 rectore
722 2557 788 2592 sub
806 2557 842 2591 id
860 2559 1003 2601 tempus
1021 2556 1156 2601 scripto
1175 2555 1424 2599 cognoscitur;
1451 2555 1510 2599 qui
1531 2556 1653 2589 exstat
1678 2553 1715 2587 in
1733 2553 1807 2588 cod.
1839 2552 2004 2597 „Antiqu.

239 2613 409 2657 Ingolst.“
441 2612 465 2646 f.
493 2612 572 2646 211³.
622 2612 799 2645 Pola-ncus
826 2611 857 2645 3.
883 2609 1099 2643 Novembris
1128 2609 1218 2642 1562
1246 2608 1285 2642 Ρ.
1312 2607 1475 2642 Kesselio
1514 2607 1678 2652 scripsit,
1707 2618 1787 2640 eum
1819 2606 1881 2648 „ob
1908 2605 2006 2640 vale-

238 2666 419 2700 tudinem“
443 2665 642 2710 Oeniponte
662 2663 921 2708 Ingolstadium
939 2662 1100 2703 missum,
1127 2661 1345 2704 theologiam
1364 2660 1411 2694 ibi
1431 2659 1555 2694 audire
1584 2659 1744 2704 (Han-sen
1765 2659 1787 2693 l.
1807 2670 1835 2693 c.
1855 2670 1888 2703 p.
1907 2658 2004 2702 441).

242 2719 295 2754 Cf.
323 2718 505 2764 Epistolas
533 2717 572 2752 Ρ.
599 2718 722 2751 Nadal
747 2716 790 2757 II,
820 2716 896 2750 139.

362 2773 375 2793 ³
399 2771 646 2806 Ferdinandus
672 2771 699 2805 Ι.
726 2781 851 2804 caesar
877 2780 908 2803 a.
938 2768 1028 2803 1562
1055 2767 1182 2802 carolo
1211 2766 1478 2810 (1540—1590)
1515 2765 1589 2800 filio
1624 2767 1712 2800 natu
1746 2764 1892 2799 minimo
1929 2764 2006 2809 (qui

240 2827 363 2871 postea
398 2825 576 2870 Styriam,
617 2823 858 2863 Carinthiam,
898 2821 1098 2857 Oai-niolam
1135 2821 1230 2854 rexit
1267 2821 1303 2854 et
1341 2819 1539 2854 catholicae
1577 2818 1744 2863 religioni
1781 2818 1830 2852 ibi
1868 2818 2004 2852 instau-

240 2879 373 2913 randae
399 2878 492 2913 serio
518 2877 659 2912 studuit
684 2888 726 2911 ac
745 2875 916 2910 Societati
935 2873 1077 2909 Graeeii
1097 2873 1219 2918 [Graz]
1247 2873 1437 2916 collegium
1463 2872 1808 2915 universitatemque
1831 2870 2003 2914 condidit)

246 2932 365 2973 „uerbi
392 2931 503 2966 diuini
530 2941 718 2976 preconem
744 2929 935 2963 instituere
961 2928 1119 2962 animum
1144 2926 1355 2961 induxeraff
1396 2928 1432 2960 et
1457 2925 1658 2967 Victoriae,
1696 2927 1737 2959 ut
1772 2924 1928 2968 aliquem
1964 2924 2006 2958 de

242 2985 420 3019 Societate
446 2985 490 3018 ad
517 2984 552 3018 id
575 2983 732 3018 officium
751 2981 1074 3017 administrandum
1092 2981 1263 3021 mitteret,
1289 2979 1545 3019 mandaverat;
1572 2979 1705 3012 missus
1724 2980 1779 3012 est
1796 2977 1835 3011 P.
1854 2977 2006 3011 Ioannes

242 3038 360 3072 Seidel
378 3037 554 3082 (Zeydel),
582 3036 724 3080 collegii
749 3034 996 3081 tyrnaviensis
1017 3036 1136 3068 rector
1157 3033 1214 3076 (de
1233 3044 1303 3077 quo
1320 3044 1430 3077 supra
1447 3044 1482 3077 p.
1501 3032 1533 3066 6.
1553 3032 1599 3066 58
1611 3032 1631 3065 ¹.
1650 3031 1719 3065 269
1729 3031 1771 3074 ²),
1797 3030 1833 3064 in
1859 3030 2007 3073 eiusque

242 3091 360 3125 locum
394 3090 568 3125 suffectus
599 3089 638 3124 P.
665 3089 852 3123 Hurtadus
877 3088 988 3122 Perez
1029 3087 1088 3131 (de
1124 3098 1192 3130 quo
1228 3097 1337 3130 supra
1363 3097 1395 3130 p.
1423 3085 1480 3120 28.
1507 3083 1731 3127 332—333):
1770 3084 1822 3117 ita
1847 3082 1887 3117 P.
1919 3083 2006 3116 Tho-

245 3156 320 3178 mas
354 3145 569 3178 Sdelaritins
597 3143 632 3177 S.
660 3143 692 3177 J.
729 3142 765 3176 in
799 3141 941 3184 collegii
975 3139 1221 3186 tyrnaviensis
1256 3138 1432 3173 *Litteris
1467 3136 1789 3182 quadrimestribus
1824 3135 2008 3180 Tyrnavia

244 3197 300 3231 28.
327 3196 535 3232 Decembris
563 3196 653 3230 1562
680 3195 785 3236 datis,
812 3206 964 3239 quarum
990 3193 1194 3238 exemplum
1222 3193 1343 3226 exstat
1368 3192 1404 3226 in
1430 3191 1507 3226 cod.
1538 3190 1600 3233 ,G.
1628 3190 1692 3235 Ep.
1719 3189 1790 3223 ΙΙΓι
1819 3188 1843 3222 f.
1870 3188 1927 3223 34.
1950 3188 2006 3223 35.

2070 3290 2081 3444 m.=.·=-„‚-.—
2076 3226 2080 3236 -
