2093 3444
240 217 334 244 XXX
798 201 841 234 H.
879 200 1104 235 Prooemium
1131 201 1324 235 voluminis
1350 202 1459 236 tertii.

238 318 421 360 rectoris
455 318 618 369 officio,
662 321 710 360 ut
750 318 844 373 ipse
885 333 1016 373 saepe
1048 319 1258 373 petierat,
1302 320 1474 362 levatus
1513 324 1556 362 et
1589 321 1868 375 collegiorum
1900 322 2013 364 bona

239 398 390 425 curare
432 383 597 434 iussus,
640 383 822 426 internis
864 387 1012 426 autem
1054 399 1201 426 eorum
1244 385 1372 427 rebus
1413 399 1459 427 se
1491 385 1689 439 ingerere
1722 401 1748 428 a
1781 386 2012 430 Societatis

239 448 512 502 praesidibus
545 449 717 491 omnino
751 449 914 491 vetitus
947 453 1014 492 est
1047 450 1165 501 (225.
1201 452 1298 493 270.
1334 452 1432 493 333.
1468 450 1585 504 425).
1640 452 1784 506 Atque
1817 452 2011 494 Canisius

239 513 411 566 quidem
445 529 542 556 eum
580 515 717 564 ,bona
748 509 854 556 fide“
895 529 1012 565 esse,
1047 529 1111 565 se,
1146 516 1260 569 quod
1293 515 1507 558 hominem
1548 531 1708 570 „neque
1739 517 2009 572 prudentius,

238 592 377 631 neque
420 579 670 633 diligentius
712 582 993 630 tractasset“,
1036 580 1320 634 puniendum,
1363 581 1425 622 illi
1458 595 1584 632 vero,
1627 581 1663 623 si
1696 583 1797 636 quid
1836 582 2010 633 „immo—

239 643 403 686 destius
437 644 644 698 egisset“,
685 645 1062 695 ,condonandunff
1101 659 1197 687 esse
1230 646 1397 688 censuit
1430 645 1547 698 (460.
1573 646 1690 700 429),
1724 650 1855 701 atque
1878 647 2010 691 etiam

238 709 422 751 alterum
467 724 522 751 ex
565 710 700 752 Sociis
742 710 830 752 suis
875 711 1154 764 augustanis,
1199 711 1470 754 sacerdotem
1514 711 1765 766 hispanum,
1812 713 2009 766 quamvis

238 788 365 816 carus
398 776 754 829 necessariusque
788 775 826 817 ei
860 778 988 825 esset,
1023 776 1326 818 vindobonam
1358 776 1488 827 misit,
1523 780 1571 820 ut
1596 777 1831 820 Victoriam
1866 779 2009 820 suble-

237 843 364 883 varet
399 844 443 883 et
477 841 776 884 consolaretur
808 840 946 894 (254).
998 841 1152 895 Neque
1184 844 1331 884 tamen
1365 842 1456 883 eius
1488 842 1677 884 animum
1711 843 1882 885 omnino
1915 843 2009 898 pla-

238 905 368 948 cavit.
432 907 530 960 Ipse
573 909 690 948 certe
723 906 920 948 Canisius
951 907 1124 961 plenam
1162 907 1280 949 illam
1314 907 1643 961 absolutamque
1676 908 2007 960 oboedientiam,

237 984 365 1023 quam
407 971 449 1012 in
483 971 679 1013 Victoria
712 986 1033 1025 nonnumquam
1067 972 1363 1023 desiderabat,
1407 973 1481 1023 iis,
1526 973 1596 1026 qui
1637 973 1719 1027 ipsi
1759 977 2006 1028 praeerant,

237 1035 469 1088 diligenter
502 1037 736 1091 praestitit.
803 1038 940 1091 Saepe
982 1037 1025 1078 in
1068 1038 1159 1079 eius
1200 1037 1381 1088 litteris,
1431 1053 1525 1080 cum
1560 1038 1660 1091 quid
1694 1039 1747 1080 ab
1781 1038 1842 1080 eis
1882 1039 2005 1093 petit,

236 1102 371 1143 verba
404 1102 643 1152 adduntur,
679 1106 748 1145 ut:
790 1102 1022 1156 „Quicquid
1054 1103 1193 1144 visum
1229 1103 1311 1145 erit
1342 1103 1596 1154 maioribus,
1631 1118 1712 1158 ego
1744 1104 1883 1146 libens
1915 1119 2007 1146 am-

236 1166 446 1220 plectar··.
507 1168 816 1213 „Obedientiae
849 1171 1029 1210 sanctae
1062 1182 1130 1210 me
1163 1170 1303 1211 totum
1336 1169 1635 1223 permittam,“
1675 1169 1742 1211 vel
1777 1184 1872 1211 cum
1905 1169 2006 1223 quid

238 1231 275 1273 ei
309 1236 516 1286 negatum
550 1236 638 1275 est:
678 1233 782 1284 „Dei
816 1234 1019 1276 voluntas
1051 1236 1168 1276 fiat‘st
1221 1234 1334 1282 „Deo
1369 1248 1472 1276 cura
1505 1234 1557 1276 de
1590 1235 1733 1276 nobis⁴⁴
1763 1234 1882 1288 (459.
1908 1237 2005 1277 347.

239 1299 337 1340 255.
381 1300 480 1342 432.
528 1299 646 1351 210).
716 1299 867 1349 „Iuvet
912 1313 988 1341 nos
1033 1299 1299 1341 Reverentia
1344 1299 1480 1350 Tua“,
1525 1300 1666 1353 inquit
1710 1300 1765 1342 ad
1808 1300 2006 1342 Lainium

238 1363 453 1413 scribens,
506 1367 577 1407 ..ut
610 1364 751 1417 magis
784 1364 1015 1406 fundemur
1046 1364 1089 1406 111
1123 1364 1388 1416 obedientia,
1433 1379 1542 1418 quae
1584 1365 1699 1408 circa
1736 1365 2006 1408 intellectum

237 1431 463 1471 versatur‘·v
502 1429 638 1482 (132).
700 1429 957 1471 Huiusmodi
991 1430 1128 1471 virum
1162 1444 1187 1471 a
1220 1430 1369 1472 Lainio
1403 1430 1581 1484 eiusque
1612 1431 1655 1472 in
1690 1430 1907 1473 Societate
1939 1445 2004 1472 re-

207 1494 379 1546 gemla
420 1494 690 1537 adiutoribus
732 1494 910 1537 maximi
952 1495 1229 1537 aestimatum
1265 1509 1360 1537 esse
1392 1495 1521 1538 facile
1555 1496 1670 1538 credi
1702 1499 1861 1550 potest.
1925 1495 2005 1545 Qui

236 1573 332 1600 eum
366 1560 498 1602 etiam
531 1564 663 1614 atque
696 1560 828 1603 etiam
861 1575 939 1615 per
968 1561 1138 1603 litteras
1160 1561 1407 1610 monebant,
1442 1563 1490 1603 ut
1513 1561 1751 1604 valetudini
1775 1561 2005 1615 diligenter

235 1625 481 1668 consuleret
512 1626 736 1679 laborique
769 1629 970 1680 parceret
1002 1625 1119 1679 (271.
1152 1628 1250 1669 294.
1284 1628 1382 1669 302.
1417 1628 1515 1670 359.
1549 1627 1667 1679 412),
1701 1630 1745 1670 et
1777 1640 1873 1668 cum
1906 1640 2003 1668 eum

234 1691 462 1744 Augustae
495 1691 774 1733 adulescente
808 1691 993 1745 quodam
1026 1691 1270 1733 litterarum
1304 1691 1496 1734 studioso
1538 1691 1664 1734 simul
1706 1695 1751 1735 et
1790 1691 2003 1746 scriptore

235 1756 296 1797 uti
331 1758 375 1798 et
408 1770 544 1809 coquo
577 1756 823 1807 audissent,
867 1756 1098 1799 Societatis
1131 1757 1347 1807 homines,
1391 1757 1462 1810 qui
1495 1757 1711 1799 Canisium
1744 1757 2003 1799 adiuvarent

234 1821 411 1874 eiusque
445 1822 683 1864 valetudini
711 1823 1021 1876 prospicerent,
1055 1822 1266 1865 miserunt
1289 1822 1431 1874 (536⁴.
1458 1824 1556 1864 599.
1582 1824 1680 1865 600.
1706 1821 1823 1874 674).
1866 1821 2001 1864 Iidem

233 1900 365 1940 saepe
398 1887 527 1929 dubia
560 1888 614 1929 ad
648 1888 770 1930 varia
803 1888 979 1941 negotia
1013 1888 1275 1941 pertinentia
1308 1891 1352 1929 et
1384 1901 1410 1929 a
1442 1887 1681 1930 rectoribus
1710 1887 1765 1930 ad
1786 1887 1904 1942 ipsos
1927 1887 2001 1930 de-

231 1951 323 1994 lata
356 1952 515 1994 Canisii
556 1953 735 1995 arbitrio
777 1953 1006 1996 remittunt
1046 1953 1256 1995 solvenda
1298 1957 1429 2006 atque
1471 1953 1713 1995 definienda
1750 1952 1839 2006 (95.
1877 1954 1998 1996 1732.

232 2019 330 2060 270.
356 2019 455 2060 333.
481 2019 579 2060 386.
606 2020 704 2062 387.
730 2020 829 2061 538.
857 2020 952 2061 757.
980 2020 1076 2060 770.
1103 2018 1221 2071 809),
1256 2021 1300 2060 et
1323 2018 1492 2060 Canisio
1525 2033 1663 2060 novos
1694 2032 1824 2072 saepe
1851 2018 2000 2060 Socios

229 2096 307 2136 pro
341 2083 535 2137 collegiis
568 2083 656 2125 suis
689 2084 854 2138 petenti
887 2086 976 2125 tam
1011 2083 1243 2137 diligenter
1275 2084 1453 2126 student
1484 2084 1752 2134 satisfacere,
1786 2086 1835 2125 ut
1859 2083 1998 2126 Roma

228 2148 282 2189 ad
316 2162 412 2190 eum
445 2149 634 2190 scribere
667 2149 855 2203 possint:
899 2149 964 2190 Ea
996 2149 1039 2190 in
1071 2163 1118 2190 re
1167 2149 1303 2199 „inter
1344 2163 1513 2199 omnes,
1556 2150 1770 2202 quotquot
1802 2148 1996 2192 Societas

226 2212 380 2262 habet,
415 2213 660 2267 provincias
693 2214 812 2256 nulla
843 2214 951 2255 adeo
984 2214 1236 2265 liberaliter,
1271 2216 1320 2256 ut
1350 2213 1600 2267 germanica
1629 2214 1733 2265 ista,
1766 2213 1993 2257 habetur“.

233 2278 462 2328 „Affirnio‚
509 2293 587 2320 nos
629 2282 824 2322 tantum“
864 2280 1122 2321 Germaniae
1163 2279 1398 2334 superioris
1447 2279 1739 2334 „provinciae‚
1785 2282 1995 2332 quantum

226 2344 415 2385 fortasse
447 2344 625 2397 reliquis
658 2345 854 2386 omnibus
877 2344 1110 2387 Societatis
1142 2344 1376 2399 provinciis
1408 2344 1452 2386 in
1484 2359 1615 2386 unum
1649 2344 1842 2387 collectis
1867 2358 1993 2399 prae-

226 2412 357 2459 stare,
391 2409 454 2451 ita
486 2413 533 2452 ut
566 2410 683 2451 aliud
716 2409 836 2451 nobis
869 2423 1000 2451 curae
1032 2424 1117 2452 non
1150 2424 1245 2451 esse
1277 2410 1346 2452 hic
1370 2410 1581 2459 videatur,
1615 2409 1696 2451 nisi
1729 2412 1778 2452 ut
1799 2409 1993 2451 homines

226 2474 268 2515 in
312 2474 571 2516 Germaniae
613 2475 847 2517 utilitatem
889 2474 1192 2517 instituamus“
1241 2473 1358 2527 (440.
1403 2474 1521 2528 451).
1575 2475 1753 2517 Iteratis
1793 2474 1993 2528 precibus

226 2539 421 2581 Canisius
442 2539 569 2589 idem,
594 2541 707 2592 quod
729 2540 814 2582 iam
833 2553 870 2582 a.
894 2541 1004 2582 1559
1023 2540 1305 2582 vehementer
1322 2540 1510 2595 petierat
1527 2539 1650 2593 (Can.
1669 2540 1779 2594 Epp.
1798 2539 1852 2589 ΙΙ,
1873 2540 1989 2593 557),

225 2618 264 2647 a.
308 2606 418 2646 1562
462 2605 748 2658 efflagitavit:
791 2605 852 2647 Ut
892 2605 1080 2647 officium
1121 2605 1358 2660 praepositi
1400 2604 1679 2659 provincialis
1720 2605 1774 2646 ab
1821 2604 1990 2659 „inepto

225 2669 438 2720 Canisio‘·',
472 2684 550 2724 per
581 2685 705 2723 quem
739 2669 987 2724 provinciae
1025 2670 1218 2720 „utilitas
1249 2671 1363 2712 male
1396 2672 1664 2719 curaretur“,
1698 2669 1742 2711 in
1764 2669 1909 2720 alium,
1942 2674 1991 2713 ut

224 2733 271 2776 P.
304 2735 515 2776 Lanoium
546 2736 616 2777 vel
651 2735 696 2778 P.
731 2735 982 2785 Victoriam,
1017 2735 1333 2778 transferretur
1364 2735 1482 2788 (417.
1516 2737 1615 2778 429.
1650 2735 1768 2788 431).
1816 2734 1877 2778 At
1909 2735 1989 2777 Ca-

224 2798 332 2841 nisio
375 2814 482 2842 onus
521 2800 626 2842 illud
668 2814 802 2853 usque
844 2800 899 2843 ad
940 2814 978 2842 a.
1017 2802 1127 2843 1569
1161 2800 1423 2855 portandum
1463 2800 1568 2850 fuit,
1610 2800 1747 2842 multo
1787 2799 1986 2842 nimirum

225 2863 406 2914 diutius,
441 2879 570 2918 quam
603 2865 678 2906 ulli
711 2879 766 2907 ex
798 2865 1119 2907 successoribus
1151 2879 1287 2918 usque
1318 2865 1362 2906 in
1394 2879 1624 2919 praesens,
1664 2867 1847 2918 excepto
1880 2865 1985 2915 solo,

224 2928 295 2981 qui
328 2942 425 2971 eum
456 2930 652 2983 proxime
684 2932 859 2972 secutus
891 2934 979 2981 est,
1022 2930 1157 2972 Paulo
1191 2931 1396 2979 Hoffae0;
1439 2930 1506 2971 cui
1546 2930 1697 2971 eodem
1736 2929 1828 2971 fere
1860 2930 1986 2972 modo

224 2992 412 3035 officium
444 2998 714 3048 protractum
747 2999 825 3038 est.
890 2996 984 3037 Hoc
1016 2998 1188 3038 tantum
1221 2998 1408 3037 exeunte
1441 3009 1478 3038 a.
1516 2996 1628 3036 1562.
1661 2994 1862 3036 effectum
1904 2997 1984 3046 est,

181 3060 189 3066 '
224 3059 273 3098 ut
303 3057 478 3100 Lainius
510 3060 785 3114 praepositus
817 3073 894 3113 per
926 3060 1096 3102 litteras
1127 3059 1452 3114 pronuntiaret:
1486 3057 1695 3108 Quoniam
1727 3058 1985 3101 Germaniae

225 3122 458 3174 superioris
490 3124 712 3177 provincia
743 3125 851 3166 adeo
884 3125 1029 3179 ampla
1071 3128 1187 3167 esset
1227 3128 1272 3167 et
1313 3124 1543 3167 convenire
1583 3122 1825 3173 videretur,
1870 3126 1918 3166 ut
1959 3137 1985 3166 a

226 3188 486 3240 praepositis
518 3192 562 3231 et
594 3189 744 3231 eadem
785 3189 954 3231 facilius
994 3189 1250 3244 saepiusque
1295 3188 1533 3240 „visitari“,
1579 3190 1623 3230 et
1664 3187 1794 3229 dubia
1835 3201 1983 3230 occur-
