2093 3444
228 175 313 216 352
368 172 447 206 654.
486 170 650 206 Canisius
677 170 798 206 Ottoni
827 172 1026 207 Truchsess
1054 174 1096 207 de
1122 172 1335 216 Waldburg.
1375 174 1467 216 Aug.
1494 173 1600 208 Vind.
1627 174 1659 208 3.
1686 175 1759 209 Ian.
1790 176 1890 210 1562.

227 291 291 333 ch'
325 291 428 334 tutti
471 290 510 333 ci
552 291 928 334 raccomandiamo
974 292 1108 334 molto
1154 292 1267 333 nelle
1314 291 1498 334 orationi
1540 292 1581 334 di
1618 293 1669 335 V.
1703 293 1754 336 R.
1798 297 1843 336 et
1883 294 1999 347 degli

227 357 328 399 altri
369 356 507 399 nostri
540 356 789 399 Charissimi
821 357 1001 399 Fratelli
1044 359 1070 398 a
1103 357 1220 410 quali
1261 356 1367 399 tutti
1408 357 1661 410 preghiamo
1693 358 1813 400 Iddio
1856 359 1926 400 dia
1957 359 1998 401 le

226 423 366 463 buone
388 421 501 464 feste
534 424 578 464 et
609 422 723 464 buon
746 422 956 476 principio
991 422 1033 464 di
1066 436 1177 464 anno
1211 422 1255 463 in
1287 436 1364 463 suo
1387 424 1513 464 santo
1540 423 1718 465 seruitio
1753 458 1761 466 .
1796 424 1838 465 di
1860 424 1999 466 Roma

226 487 257 528 11
291 488 345 530 ,3.
380 486 422 528 di
456 487 648 529 Gennaio
684 488 811 529 1562.

227 630 345 671 aliud,
381 631 474 674 quod
509 630 613 664 modo
648 630 823 670 scribam,
860 629 995 671 habeo,
1030 629 1099 664 nisi
1133 641 1199 664 nos
1234 641 1357 664 omnes
1383 630 1424 664 R.
1443 630 1487 664 V.
1523 632 1560 665 et
1591 630 1809 676 reliquorum
1843 632 1996 667 fratrum

226 686 431 718 nostrorum
467 684 733 718 carissimorum
769 683 990 717 orationibus
1026 694 1091 717 nos
1126 683 1233 718 valde
1269 683 1518 718 commendare
1554 686 1590 718 et
1623 684 1739 719 Deum
1773 697 1919 730 rogare,
1958 690 1999 721 ut

227 737 330 772 vobis
366 737 529 771 omnibus
556 737 696 771 faustos
728 737 865 770 tribuat
890 737 967 771 dies
993 737 1108 771 festos
1143 739 1179 771 et
1204 748 1415 782 prosperum
1451 737 1485 771 in
1523 740 1648 772 sancto
1682 738 1795 784 ipsius
1821 740 1998 774 famulatu

228 791 310 825 anni
337 790 563 835 principium.
614 790 727 824 Roma
755 790 785 824 3.
814 790 970 824 Ianuarii
1001 790 1102 824 1562.

1049 913 1180 955 654.

966 1008 1263 1055 CANISIUS

444 1105 718 1149 OTTONI
750 1105 1174 1150 TRUOHSESS
1208 1107 1305 1148 DE
1340 1107 1782 1161 WALDBIJRG‚

775 1187 948 1222 cardinali
975 1191 1009 1222 et
1037 1188 1202 1233 episcopo
1229 1190 1442 1232 augustano.

692 1273 860 1320 Augusta
887 1273 1161 1311 Vindelicormu
1188 1275 1220 1311 3.
1248 1275 1410 1311 Ianuarii
1438 1275 1533 1311 1562.

350 1358 404 1392 Ex
442 1357 648 1402 apographo
675 1357 780 1392 huius
807 1357 1010 1392 litterarum
1039 1358 1171 1403 partis,
1208 1358 1331 1392 eodem
1358 1358 1432 1392 fere
1459 1361 1617 1403 tempore
1645 1359 1778 1393 Romae
1817 1359 1867 1403 (in
1895 1359 1996 1394 domo

229 1411 421 1446 cardinalis
454 1410 642 1454 ottonis·1>)
682 1411 816 1456 scripto
854 1411 927 1455 (40;
969 1412 983 1445 1
1019 1413 1067 1456 p.)
1110 1414 1145 1445 et
1183 1412 1235 1446 sic
1273 1411 1464 1456 inscripto:
1509 1411 1582 1453 „Ex
1617 1411 1732 1447 literis
1767 1412 1809 1446 D.
1838 1412 1994 1457 Canisij.

230 1465 261 1499 3.
290 1464 453 1510 Januarij
484 1464 606 1498 1562.“

348 1518 479 1552 Exstat
515 1517 623 1551 etiam
660 1517 818 1552 eiusdem
856 1519 929 1552 fere
965 1518 1078 1563 partis
1116 1518 1245 1563 (pauca
1280 1518 1426 1561 desunt)
1455 1519 1573 1553 versio
1608 1518 1730 1553 italica
1765 1519 1887 1553 eodem
1921 1522 1996 1554 fere

227 1575 388 1617 tempore
415 1572 550 1605 Romae
576 1583 595 1605 a
623 1571 724 1605 Socio
760 1571 879 1615 aliquo
914 1572 1051 1617 scripta
1088 1572 1160 1614 (40;
1200 1574 1213 1606 l
1243 1571 1292 1617 p.)
1332 1574 1367 1606 et
1402 1572 1454 1606 sic
1490 1572 1682 1617 inscripta:
1722 1572 1872 1615 „Alcuni
1906 1573 1997 1607 311151

228 1626 259 1660 d'
276 1626 454 1669 Augusta.
506 1624 575 1658 Pei·
612 1624 740 1659 lettere
779 1625 834 1658 del
874 1625 989 1659 Padre
1026 1625 1169 1660 Canisio
1207 1625 1342 1659 drizate
1384 1625 1417 1659 al
1458 1625 1769 1660 Rcuerendissimo
1808 1625 1997 1661 Cardinale

228 1680 261 1714 di
288 1680 455 1721 Augusta
483 1678 516 1712 di
545 1678 586 1712 .3.
615 1678 649 1712 di
677 1678 875 1713 1519111131·οέι

348 1732 520 1766 Maiorem
548 1731 655 1766 huius
681 1731 876 1775 fragmenti
903 1734 1041 1777 partem
1069 1734 1282 1777 posuerunt:
1319 1732 1439 1766 italice
1466 1734 1596 1773 Boero,
1625 1732 1709 1767 Can.
1737 1744 1770 1777 p.
1797 1732 1996 1773 225—226‚

227 1786 357 1830 gallice
394 1786 521 1819 Mle-hel
556 1786 578 1819 l.
607 1797 636 1819 c.
673 1797 704 1830 p.
733 1785 822 1825 240,
859 1785 1043 1830 hispanice
1078 1787 1181 1819 Ram.
1213 1787 1348 1819 Gar-cca
1385 1785 1418 1819 S.
1447 1786 1499 1826 J.‚
1527 1785 1619 1820 Vida
1654 1785 1711 1820 del
1742 1786 1855 1820 Beato
1881 1785 1996 1820 Pedro

230 1839 372 1875 Canisio
401 1839 557 1883 (Madrid
588 1838 692 1882 1865)
722 1851 753 1883 p.
775 1839 973 1873 204—205.
1015 1839 1118 1872 Haud
1145 1840 1242 1873 recte
1270 1850 1354 1872 vero
1380 1839 1494 1873 Boero
1520 1839 1585 1873 has
1611 1839 1754 1874 litteras
1780 1838 1812 1873 3.
1838 1839 1994 1873 Ianuarii

228 1894 316 1928 1561
346 1893 449 1927 datas
476 1904 555 1927 esse
581 1892 811 1936 significavit.
863 1891 996 1926 Eadem
1023 1892 1178 1937 epistula
1204 1903 1292 1926 usus
1319 1895 1374 1926 est
1401 1893 1608 1936 S'acchlnus,
1637 1891 1721 1927 Can.
1749 1904 1782 1937 p.
1813 1892 1890 1927 187.

346 1971 542 2003 Juln'hwum
562 1971 744 2013 .·luyusta‹¹
754 1970 1033 2012 promulsscttum.
1071 1969 1247 2002 Ecclesiae
1265 1973 1294 2001 et
1311 1973 1535 2001 sacramenta
1551 1969 1789 2012 frequentata.
1826 1969 1996 2012 Reliyiosc'

227 2024 354 2057 adiuti.
399 2024 636 2056 Protmtantes-
661 2024 828 2056 conversi.
878 2023 1003 2056 Furor
1028 2023 1330 2056 adversariorum.

344 2140 399 2143 -
425 2139 481 2143 —-
513 2113 600 2154 Vix
633 2112 713 2155 diei
737 2115 883 2167 potest
915 2125 1043 2166 quam
1077 2110 1263 2153 feliciter
1294 2109 1474 2152 cesserit
1497 2110 1731 2164 publicatio
1754 2110 1995 2163 Jndulgen-

225 2179 407 2222 tiarum:
441 2192 520 2220 nec
551 2178 689 2220 maior
711 2178 793 2221 fuit
827 2181 958 2220 antea
980 2175 1228 2229 frequentia
1251 2175 1618 2230 comprecantium
1646 2175 1992 2226 catolicorum'¹¹‚

225 2248 274 2287 ut
306 2244 433 2286 audio
475 2243 647 2298 plurimi
681 2243 735 2285 ad
776 2257 948 2285 sacram
990 2241 1328 2291 confessionem,
1372 2243 1416 2283 et
1454 2240 1751 2282 comunionem
1784 2239 1994 2294 singulari

226 2324 321 2352 cum
354 2308 601 2351 reuerentia
624 2308 977 2362 processeruntb:
1013 2321 1068 2349 ex
1090 2306 1290 2360 sectarijs
1323 2305 1454 2348 etiam
1477 2306 1623 2360 plures
1649 2304 1776 2348 solito
1800 2304 1994 2347 Ecclesie

225 2374 473 2417 Catholicae
514 2376 641 2416 sunt⁰
680 2372 958 2416 reconciliati.
1028 2371 1121 2414 Nec
1163 2371 1302 2413 solum
1344 2373 1520 2413 exteros
1561 2383 1711 2412 uerum
1753 2369 1884 2413 etiam
1925 2383 1994 2412 re-

225 2439 403 2494 ligiosas
435 2453 644 2494 personas
684 2439 728 2480 in
770 2437 1047 2491 monasterijs
1078 2436 1276 2478 iuuimus.
1341 2435 1450 2477 Tum
1490 2435 1535 2476 in
1575 2435 1740 2477 sanctis
1781 2434 1992 2488 natalitijs

225 2504 350 2547 festis
382 2518 587 2557 magnum
620 2503 827 2557 Ecclesijs
861 2501 1086 2546 catholicis
1119 2503 1421 2544 ornamentum
1459 2499 1609 2543 attulit
1639 2499 1815 2542 insolita
1846 2499 1993 2554 populi

224 2570 269 2612 in
300 2569 474 2623 templis
515 2569 773 2622 frequentia.
838 2568 950 2610 Hinc
983 2568 1263 2609 vehementer
1303 2565 1368 2608 ira
1410 2568 1453 2607 et
1495 2565 1590 2607 odio
1627 2564 1885 2608 inflammati
1916 2564 1994 2607 ad-

225 2634 408 2688 uersarij
441 2633 698 2688 grauissime
732 2636 883 2676 contra
915 2647 994 2675 nos
1027 2630 1346 2674 destomachari
1379 2630 1591 2673 dicuntur.
1651 2630 1873 2684 Respiciat
1905 2629 1992 2672 Do-

225 2701 365 2741 minus
396 2699 508 2741 hanc
532 2698 767 2749 ciuitatem,
802 2712 913 2752 quae
935 2712 1047 2740 nunc
1070 2697 1163 2739 sola
1183 2696 1298 2738 inter
1318 2694 1565 2749 imperiales
1588 2708 1736 2737 omnes
1758 2695 1813 2737 ad
1842 2695 1992 2737 catho-

343 2828 357 2842 2
384 2819 685 2866 comprecantiom
712 2819 939 2853 catolicorom
967 2831 1024 2862 ap.
1122 2817 1137 2838 b
1162 2815 1371 2851 Riuerentia
1397 2817 1648 2861 processeront
1673 2826 1729 2858 ap.

347 2882 359 2895 ⁶
384 2876 491 2909 suont
525 2886 580 2918 ap.
632 2873 851 2907 Huiusmodi
886 2876 1008 2906 errata
1045 2874 1081 2905 ιή
1116 2882 1172 2914 ap.
1210 2874 1383 2914 apparent
1418 2869 1602 2912 complura
1611 2880 1626 2911 ;
1660 2878 1749 2912 quae
1782 2867 1991 2910 sinyulatim

221 2940 354 2974 ponere
379 2929 522 2972 lonyum
549 2932 606 2961 est.

225 3051 337 3084 storia
361 3049 575 3083 Provinciae
601 3048 792 3083 Societatis
819 3047 906 3081 Jesu
934 3046 1147 3081 Germaniae
1167 3044 1377 3090 Superioris,
1403 3043 1494 3078 Pars
1520 3044 1649 3087 quarta
1667 3040 1860 3086 [Monachii
1884 3038 1988 3084 1746]

225 3102 311 3138 Dec.
338 3103 370 3144 8,
396 3114 431 3136 n.
457 3102 537 3136 262.
588 3102 763 3136 Huonder
788 3100 811 3135 l.
839 3112 868 3135 c.
895 3111 929 3145 p.
958 3098 1127 3142 11—13).

347 3156 358 3176 ¹
385 3155 425 3189 In
451 3154 593 3200 publica
619 3154 880 3200 supplicatione
906 3152 983 3187 sive
1008 3163 1138 3197 pompa
1163 3161 1287 3192 sacra;
1312 3161 1348 3184 v,
1374 3160 1484 3195 supra
1507 3160 1541 3194 p.
1568 3148 1648 3183 346.
