2093 3444
218 204 272 243 92
562 199 641 233 534.
679 197 864 231 Hurtadus
891 196 1000 230 Pel-ez
1027 197 1170 231 nomine
1197 196 1332 232 Canisii
1359 197 1486 232 Iacobo
1512 198 1645 232 Lainio.

215 316 473 370 conseglieri
516 314 752 357 Viennensi
768 315 801 367 1)
844 314 976 367 quelli
1017 314 1202 368 simplici
1244 315 1356 365 uoti,
1410 315 1487 357 che
1539 317 1629 357 son'
1664 316 1706 357 al
1747 316 1831 358 fine
1877 317 1988 359 delle

217 381 538 435 Constitutionj,
574 380 691 433 quali
724 380 856 421 fanno
889 379 903 420 i
935 379 1121 433 professi
1136 381 1166 430 2,
1201 380 1296 421 acio
1329 379 1460 432 (dice)
1494 380 1571 422 che
1599 380 1815 422 facendoli
1848 381 1988 436 doppo

215 462 299 489 non
332 460 509 501 paresse
541 460 599 486 vn
632 446 745 488 altro
780 447 887 487 atto.
942 445 1069 487 Altra
1102 459 1190 495 era,
1224 459 1271 486 se
1304 445 1339 486 si
1372 445 1550 487 sarebbe
1582 446 1709 487 alcun
1743 449 1911 496 ornato,
1946 449 1988 489 et

216 513 399 566 qualche
432 511 720 560 excitatione,
755 524 835 564 par
866 509 1100 552 intendeua
1132 510 1210 551 che
1242 510 1271 551 il
1304 510 1551 564 predicator
1584 511 1858 553 dechiarasse
1890 512 1989 565 quel

215 577 408 631 negocio,
442 580 523 619 etc.
558 579 602 618 et
625 590 754 630 sopra
787 575 852 617 cio
884 575 1145 627 giudicauan
1167 575 1369 617 lasciarlo
1403 575 1445 617 al
1467 576 1654 629 giudicio
1678 576 1746 617 del
1769 576 1989 618 Reueren-

216 643 391 685 (115511110
424 642 614 695 Legato,
649 641 803 682 adesso
837 640 969 683 etiam
1002 640 1232 691 Car-dinale
1265 640 1422 689 Hosio,
1457 640 1500 682 in
1533 640 1599 682 cui
1631 641 1747 683 mani
1781 642 1890 683 deue
1922 641 1991 683 far

215 709 258 750 13
291 707 612 762 professione3,
655 706 684 747 il
718 705 1096 747 Reuerendissimo
1135 705 1330 758 Quinque
1371 705 1679 748 13661651611564
1719 707 1989 760 persuadeua

218 774 353 816 anche
377 773 418 814 di
451 772 520 814 far
541 771 725 825 qualche
758 771 1089 813 diniostratione
1123 806 1131 813 .
1167 772 1192 812 a
1216 771 1280 812 cio
1313 774 1462 814 nostro
1487 771 1626 813 Padre
1658 771 1824 825 rispose
1855 771 1989 813 cossi:

217 839 387 888 Quanto
417 837 491 879 alli
513 836 708 891 semplici
741 836 845 886 uoti,
880 836 958 878 che
982 850 1066 877 non
1099 835 1128 877 li
1161 836 1330 878 facesse
1352 836 1531 878 insieme
1563 836 1607 877 in
1637 837 1735 889 quel
1768 839 1876 887 atto,
1912 837 1990 879 che

219 918 272 946 ne
305 903 365 945 lui
397 903 533 945 anche
566 903 606 944 le
638 902 732 944 fece
764 902 944 943 insieme
986 902 1101 943 nella
1134 915 1213 943 sua.
1247 901 1516 955 professione
1533 903 1561 944 5.
1624 900 1710 943 All'
1734 902 1869 952 altro,
1912 902 1990 944 che

217 970 276 1011 lui
310 971 342 1010 s‘
367 968 584 1010 inclinaua
616 967 710 1022 piu;
746 981 771 1009 a
804 967 881 1008 che
915 967 949 1008 si
984 966 1139 1008 facessi
1175 966 1530 1021 simplicemente‚
1565 981 1647 1021 pur
1679 981 1725 1009 se
1758 967 1989 1010 rimetteua

218 1036 244 1077 a
276 1048 355 1076 5113
389 1049 434 1077 .r.
470 1036 514 1075 et
547 1033 694 1075 vorria
727 1033 805 1075 6116
838 1032 997 1074 facessi
1029 1032 1100 1086 piu
1134 1035 1281 1086 presto
1316 1032 1356 1073 di
1390 1046 1556 1082 manco,
1591 1032 1668 1074 6116
1702 1032 1744 1074 (11
1775 1032 1892 1086 111116.

334 1100 378 1141 ,11
413 1100 477 1141 .1ἶ).
511 1099 777 1141 Lambert0⁷
809 1098 942 1140 scrise
976 1097 1030 1139 da
1062 1097 1318 1150 Numburgo
1361 1097 1471 1139 done
1512 1111 1672 1139 uenero
1707 1097 1737 1138 li
1770 1098 1990 1140 Reueren-

217 1165 379 1217 dissimj
413 1164 566 1216 Nuntij
610 1164 651 1205 di
687 1164 742 1207 Β.
778 1163 950 1206 Santita
991 1162 1065 1204 3111
1099 1162 1286 1216 Principi
1329 1163 1381 1204 de
1420 1162 1675 1212 Germania,
1719 1165 1763 1204 et
1803 1163 1990 1205 secondo

216 1231 275 1272 lui
308 1230 504 1283 significa
537 1229 605 1271 del
638 1243 715 1271 suo
749 1229 924 1282 viaggio
957 1242 1036 1282 par
1068 1242 1151 1269 non
1185 1230 1313 1281 potra
1345 1231 1498 1270 1011131
1530 1229 1555 1270 a
1586 1227 1755 1270 Vienna
1787 1228 1926 1270 inanzi
1960 1228 1989 1269 il

219 1310 336 1337 mese
370 1295 411 1336 di
444 1295 635 1348 giugnio.

220 1455 283 1487 per
310 1442 451 1476 litteras
479 1441 683 1486 proposuit:
711 1441 804 1475 Num
823 1441 947 1474 statim
978 1440 1026 1478 (1(1
1055 1440 1382 1484 (1110116011511131115
1404 1440 1754 1474 1’111(10110116115111115ι
1784 1439 1990 1482 videbatur)

217 1496 396 1540 simplicia
415 1495 477 1529 illa
504 1498 599 1535 vota,
626 1495 660 1528 in
688 1497 852 1528 extrema
872 1494 1176 1528 Constitutionum
1195 1496 1297 1538 parte
1317 1493 1443 1538 posita,
1470 1505 1561 1537 quae
1580 1494 1731 1538 professi
1751 1494 1959 1537 nuncupant
1971 1491 1994 1530 2,

220 1560 427 1594 nuncupare
454 1548 611 1585 deberet.
645 1560 699 1585 116,
727 1550 765 1581 111
792 1547 897 1588 dicit,
934 1547 963 1580 si
992 1549 1116 1591 postea
1143 1558 1184 1580 ea
1211 1549 1475 1591 nuncupasset,
1503 1546 1646 1580 diversa
1673 1545 1889 1580 caerimonia
1914 1556 1993 1579 esse

221 1603 435 1637 videretur?
485 1602 610 1635 Altera
644 1600 841 1635 difficultas
877 1602 973 1634 erat:
1012 1599 1105 1633 Num
1134 1600 1217 1644 quid
1245 1603 1393 1633 ornatus
1419 1602 1455 1633 et
1489 1600 1663 1643 quaedam
1700 1600 1744 1634 ad
1771 1599 1909 1633 animos
1935 1610 1993 1633 ex-

221 1656 383 1690 citandos
415 1659 500 1700 apta
526 1655 728 1689 adhibenda
756 1657 907 1688 essent?
958 1654 1094 1695 Quibus
1122 1653 1242 1686 verbis
1269 1653 1473 1696 significare
1501 1653 1659 1687 voluisse
1686 1653 1840 1694 videtur,
1867 1664 1887 1686 a
1913 1663 1993 1686 con-

222 1710 399 1744 tionatore
436 1708 689 1754 explicandum
726 1719 805 1742 esse
832 1708 1016 1750 negotium
1052 1707 1140 1740 illud
1169 1709 1256 1741 etc.:
1296 1708 1403 1750 atque
1438 1706 1505 1740 hoc
1539 1707 1669 1741 iudicio
1704 1705 1993 1740 reverendissimi

222 1762 332 1806 legati
359 1762 471 1804 Hosii,
499 1762 558 1806 qui
586 1773 680 1795 nunc
707 1761 815 1795 etiam
843 1760 1035 1795 cardinalis
1062 1763 1135 1796 651.
1173 1759 1452 1805 permittendum
1480 1771 1560 1794 esse
1587 1760 1801 1794 censebant:
1829 1760 1865 1793 in
1891 1759 1994 1794 cuius

224 1816 388 1850 manibus
415 1815 673 1860 professionem
702 1815 900 1849 emissurus
927 1817 1023 1848 esset
1040 1814 1061 1847 ⁸.
1114 1813 1450 1847 Reverendissimus
1477 1825 1618 1857 quoque
1636 1812 1993 1857 Quinqueeeclesien-

223 1869 274 1904 sis
289 1871 302 1890 ⁴
327 1869 372 1903 iis
398 1868 649 1913 persuadebat,
676 1871 716 1902 ut
742 1880 817 1901 rem
836 1867 956 1911 aliquo
975 1866 1078 1901 modo
1097 1866 1325 1911 conspicuam
1354 1867 1525 1901 facerent.
1560 1867 1616 1900 Ad
1635 1878 1727 1911 quae
1752 1868 1855 1911 pater
1872 1868 1994 1900 noster

222 1922 427 1967 rescripsit:
463 1922 516 1956 De
543 1921 767 1966 simplicibus
794 1921 907 1961 votis,
944 1932 988 1954 116
1015 1931 1057 1953 63
1083 1919 1190 1953 simul
1217 1921 1443 1964 nuncuparet
1469 1919 1502 1953 in
1531 1931 1572 1953 ea
1607 1919 1842 1960 caerimonia;
1878 1930 1994 1963 neque

221 1987 260 2010 se
286 1976 403 2020 ipsum
432 1987 473 2009 63
499 1986 725 2020 nuncupasse
753 1974 786 2008 in
814 1973 1037 2019 professione
1063 1974 1166 2007 51135.
1218 1973 1317 2013 Quod
1346 1973 1390 2007 ad
1417 1972 1571 2007 alterum
1599 1973 1785 2014 attineret,
1820 1972 1994 2007 inclinare

223 2029 365 2074 quidem
393 2040 432 2062 se
458 2029 574 2072 magis
601 2028 644 2062 ad
672 2040 746 2062 rem
773 2027 927 2072 simplici
954 2027 1058 2060 modo
1085 2026 1306 2060 faciendam:
1335 2026 1396 2060 sed
1424 2027 1649 2060 reverentiae
1667 2038 1755 2060 suae
1780 2026 1929 2061 arbitrio
1955 2038 1993 2060 56

223 2083 256 2117 1(1
282 2083 492 2127 permittere
518 2084 713 2126 optantem,
741 2083 781 2114 ut
807 2081 927 2126 potius
953 2092 1080 2125 parum
1107 2092 1215 2124 quam
1241 2080 1389 2114 nimium
1416 2080 1518 2114 fieret
1534 2080 1557 2114 ⁶.

341 2135 384 2170 D.
402 2135 638 2170 Lambertus*
661 2134 904 2178 Naumburgo,
929 2134 988 2167 ubi
1008 2133 1300 2167 reverendissimi
1318 2133 1525 2167 sanctitatis
1543 2145 1630 2167 suae
1648 2132 1765 2167 nuntii
1779 2132 1994 2168 Germaniae

223 2189 402 2234 principes
429 2188 605 2229 adierunt,
632 2188 774 2222 litteras
801 2187 918 2227 misit:
947 2189 1055 2232 atque
1081 2198 1127 2221 ex
1152 2186 1207 2228 iis,
1234 2198 1326 2231 quae
1352 2187 1395 2220 de
1422 2186 1549 2220 itinere
1573 2198 1638 2221 suo
1656 2187 1732 2232 ipse
1749 2186 1886 2224 scribit.
1913 2198 1992 2221 con-

221 2243 436 2277 cludendum
464 2254 543 2276 esse
570 2242 722 2283 videtur,
750 2241 997 2275 vindobonam
1024 2252 1103 2274 eum
1131 2241 1246 2275 redire
1272 2252 1342 2274 non
1369 2251 1474 2285 posse
1500 2242 1584 2274 ante
1610 2251 1769 2275 mensem
1795 2240 1947 2274 Iunium.

344 2379 354 2398 ¹
381 2376 603 2411 Consiliariis
630 2375 835 2410 domesticis
862 2376 939 2410 sive
972 2375 1275 2417 „consult01·ibus“
1306 2374 1475 2411 rectoris:
1504 2375 1546 2408 de
1577 2374 1707 2418 quibus
1733 2376 1820 2408 Can.
1840 2373 1929 2419 Epp.
1949 2373 1992 2414 11,

224 2430 318 2464 753⁵.
346 2431 426 2465 770.

343 2484 356 2504 ‘²
383 2485 419 2517 S.
447 2485 611 2528 [quatias
645 2483 883 2517 constituerat
921 2481 1221 2524 (constitutiones
1249 2482 1287 2515 l'.
1315 2482 1356 2521 6,
1393 2493 1422 2515 c.
1449 2482 1490 2522 ⁶2,
1526 2492 1560 2514 n.
1591 2482 1628 2521 1,
1656 2482 1706 2521 A;
1744 2480 1782 2514 P.
1813 2481 1875 2521 10,
1911 2492 1943 2514 n.
1971 2480 1992 2514 6

225 2538 261 2570 et
278 2536 339 2580 A),
366 2540 406 2571 ut
431 2537 586 2581 professi
613 2537 708 2571 votis
733 2535 968 2571 sollemnibus
994 2535 1136 2569 emissis
1163 2537 1248 2568 vota
1275 2534 1452 2579 simplicia
1470 2535 1732 2579 nuncuparent,
1759 2533 1889 2577 quibus
1915 2545 1991 2578 pro-

221 2590 417 2631 mitterent,
443 2601 482 2624 se
509 2589 734 2635 paupertatis
760 2589 949 2632 religiosae
975 2588 1171 2633 puritatem
1198 2590 1485 2628 conservaturos,
1512 2587 1725 2630 dignitatem
1751 2587 1786 2620 in
1813 2585 1992 2621 Societate

222 2655 292 2677 non
318 2643 525 2683 ambituros,
553 2645 599 2684 et,
625 2643 656 2677 si
683 2654 789 2686 quem
816 2642 952 2675 ambire
979 2641 1254 2685 cognovissent,
1290 2641 1595 2681 manifestaturos,
1620 2639 1864 2685 praelaturam
1889 2642 1993 2673 extra

224 2695 439 2730 Societatem
466 2708 582 2740 neque
609 2696 837 2740 quaesituros
863 2706 979 2739 neque
1005 2695 1244 2736 admissuros,
1281 2694 1312 2728 si
1347 2705 1455 2738 quam
1491 2696 1610 2728 autem
1639 2705 1659 2728 a
1685 2692 1852 2739 pontifice
1877 2693 1991 2727 coacti

222 2750 415 2790 subissent,
442 2749 639 2794 praepositi
664 2749 847 2792 generalis
881 2748 1070 2783 consilium
1105 2748 1140 2781 in
1167 2759 1210 2781 ea
1235 2747 1431 2781 audituros.
1483 2747 1642 2791 Antiqua
1676 2747 1803 2781 horum
1827 2748 1991 2780 votorum

222 2803 347 2844 forma,
375 2814 406 2836 a.
429 2803 520 2837 1558
546 2814 567 2837 3
593 2803 707 2847 prima
734 2802 927 2836 Societatis
953 2801 1231 2845 congregatione
1257 2800 1418 2844 generali
1446 2800 1555 2843 (decr.
1578 2801 1643 2834 102
1670 2801 1752 2845 post
1777 2798 1838 2843 el.)
1867 2810 1991 2844 appro-

223 2856 318 2896 bata,
345 2858 469 2890 exstat
495 2855 529 2890 in
556 2857 723 2890 Instituto
750 2855 941 2889 Societatis
966 2855 1048 2888 Iesu
1078 2854 1138 2894 (Π,
1167 2853 1261 2896 180).
1383 2854 1395 2873 ³
1420 2853 1512 2887 Vide
1537 2855 1659 2887 tamen
1684 2863 1793 2898 supra
1818 2864 1853 2897 p.
1880 2853 1922 2886 77
1935 2853 1957 2886 ⁵.

342 2911 355 2930 ⁴
383 2909 560 2952 Georgius
587 2909 848 2943 Drascovitius.
948 2909 960 2928 ⁵
986 2908 1040 2942 Cf.
1070 2909 1158 2942 Can.
1186 2907 1274 2952 Epp.
1301 2907 1328 2947 Ι,
1354 2907 1554 2940 655—656.

343 2963 357 2982 ⁶
383 2962 552 3003 Constat,
592 2964 677 2996 vota
716 2961 967 3004 „sollemnia“‚
1004 2961 1090 2995 licet
1125 2972 1205 2994 cum
1243 2962 1392 2994 externo
1427 2960 1548 3004 aliquo
1583 2961 1759 3004 apparatu
1793 2957 1991 3002 nuncupari

222 3015 382 3057 soleant,
417 3027 487 3049 non
513 3018 635 3049 tamen
661 3027 705 3049 ex
732 3015 799 3049 hoc
830 3014 1150 3057 ,sollemnitatew
1179 3025 1282 3047 suam
1308 3013 1457 3054 ducere,
1492 3013 1556 3047 sed
1583 3024 1629 3046 ex
1653 3023 1704 3053 eo,
1731 3011 1836 3056 quod,
1862 3011 1924 3055 qui
1949 3021 1992 3044 ea

223 3068 374 3109 emittit,
409 3068 615 3102 firmissima
642 3068 797 3112 quadam
832 3070 870 3101 et
904 3066 1133 3101 irrevocabili
1168 3066 1307 3100 ratione
1343 3065 1464 3100 divino
1491 3065 1602 3100 cultui
1628 3065 1859 3099 consecratur
1883 3064 1991 3108 idque

222 3122 284 3162 ita,
310 3123 350 3154 ut
375 3121 453 3155 iure
479 3121 650 3156 canonico
669 3121 713 3155 ad
732 3121 824 3155 bona
849 3120 1076 3166 possidenda,
1103 3119 1371 3154 matrimonium
1390 3119 1583 3153 ineundum
1601 3120 1669 3152 etc.
1700 3117 1910 3159 „inhabilis“
1931 3116 1991 3151 sit.

343 3175 356 3194 ⁷
382 3174 421 3208 P.
449 3173 662 3208 Lambertus
688 3175 786 3208 Auer
811 3173 845 3208 S.
872 3173 925 3214 J.;
953 3173 1034 3207 vide
1060 3184 1168 3217 supra
1195 3184 1229 3217 p.
1255 3171 1312 3206 88.
