2093 3444
228 177 309 218 156
365 176 442 209 564.
472 176 592 210 Praef.
619 178 686 210 etc.
714 176 954 221 Elvangensis
977 177 1076 212 Can0.
1116 179 1281 222 Elvanga
1307 179 1372 213 sub
1400 182 1590 214 exeuntem
1616 192 1663 215 m.
1682 181 1818 216 Maium
1845 183 1947 217 1561.

226 296 277 329 St.
304 295 435 328 Beissel
467 294 500 328 S.
530 295 582 335 J.‚
620 293 839 328 Geschichte
874 294 937 328 der
962 294 1105 329 Trierer
1131 296 1288 330 Kirchen
1314 296 1331 329 I
1357 296 1472 340 [Trier
1501 296 1626 341 1887]‚
1664 296 1735 341 19).
1786 297 1838 331 De
1873 298 1995 333 decem

225 350 344 381 autem
372 347 488 381 sacris
515 347 692 392 capitibus
719 346 790 380 illis
817 358 837 380 a
864 346 903 381 P.
932 347 1078 382 Costero
1107 348 1289 383 Coloniam
1317 349 1437 384 allatis
1463 351 1658 384 Kritzradt
1683 350 1848 384 relationi
1875 350 1996 386 Rethii

222 400 311 434 haec
347 400 553 434 adnotavit:
594 400 713 442 „Haec
749 400 869 444 capita
904 400 1099 436 Thebaeor.
1136 401 1196 437 SS.
1223 402 1331 436 Mart.
1368 403 1427 436 diu
1462 403 1609 437 fuerunt
1645 403 1742 437 culta
1776 404 1813 438 in
1848 403 1994 450 Templo

223 453 258 488 S.
285 453 428 498 Achatij
465 457 586 487 nostro
622 453 665 487 ab
694 453 785 487 1590
811 453 855 487 ad
885 454 1005 495 1622„
1042 466 1111 498 quo
1147 467 1210 500 per
1243 455 1477 500 improuisum
1503 456 1642 501 Templi
1678 459 1746 491 etc.
1781 457 1995 500 incendium,

224 506 343 541 subita
380 509 418 540 ut
446 507 506 547 fit,
543 506 741 540 animorum
769 506 972 541 turbatione
999 519 1020 541 a
1044 508 1252 542 Sacristano
1278 508 1316 543 F.
1345 509 1477 543 Ioanne
1503 509 1656 553 Kesling
1684 510 1852 554 [Kesting
1863 510 1896 555 P]
1933 510 1996 545 illa

224 559 342 604 capita
369 571 448 593 cum
475 559 556 605 alijs
574 559 698 593 multis
725 559 885 600 confusa,
913 562 949 594 et
966 561 1096 605 partim
1124 563 1158 595 in
1178 562 1316 596 cineres
1334 563 1482 596 redacta
1508 565 1602 596 sunt.
1640 574 1790 606 quorum
1816 563 1995 608 integram

224 614 351 647 cistam
380 624 470 646 anno
500 613 589 647 1629
625 613 659 647 in
687 613 803 647 veteri
831 612 990 657 collegio
1020 614 1129 660 juxta
1155 615 1342 649 Musaeum
1369 616 1534 660 superius
1560 617 1707 650 memini
1741 628 1797 651 me
1823 616 1990 652 vidisse.“

225 666 366 700 Canisio
393 669 536 711 praeter
571 666 661 700 alias
693 666 865 710 reliquias
890 669 1119 702 treverenses
1155 680 1265 702 unum
1301 668 1428 703 saltem
1457 671 1565 714 caput
1599 681 1741 704 sacrum
1767 670 1888 704 datum
1916 682 1995 705 esse

225 731 270 753 ex
305 719 425 753 Rethii
465 719 586 753 verbis
624 719 731 754 facile
770 720 961 763 colligitur.
1012 722 1131 765 Atque
1170 722 1205 755 in
1244 721 1377 756 litteris
1420 723 1693 764 ⁷,semestribus“
1736 724 1861 758 domus
1896 723 1930 758 S.
1961 724 1994 758 J.

224 774 458 815 augustanae,
489 774 652 816 Augusta
678 774 710 807 2.
731 774 886 807 Ianuarii
915 775 1004 808 1563
1032 775 1136 816 datis,
1165 775 1203 809 P.
1227 776 1438 809 Gallielmns
1455 777 1606 809 Elam-en
1636 776 1670 810 S.
1690 777 1721 811 J.
1746 777 1835 811 haec
1860 779 1994 819 narrat,

223 826 396 871 Sibyllam
425 826 646 870 Fuggeram,
673 827 740 861 nisi
768 827 874 861 fallor
904 827 964 870 (cf.
992 840 1102 873 supra
1128 841 1160 873 p.
1189 829 1269 871 39),
1306 829 1535 872 significans:
1577 829 1692 871 „Quas
1719 830 1922 875 accepimus
1949 843 1994 864 ex

224 879 386 914 Ecclesia
413 879 617 913 Treuirensi
645 879 816 914 Diuorum
851 881 1042 925 reliquias,
1079 893 1141 916 eas
1167 884 1330 916 matrona
1357 883 1532 926 quaedam
1559 883 1776 927 praenobilis
1810 883 1995 928 eleganter

223 935 503 977 sumptuoseque
529 933 631 967 nobis
658 935 866 975 exornauit,
899 937 1063 969 matrona
1088 935 1234 979 inquam
1263 947 1354 979 quae
1381 938 1487 970 antea
1513 936 1654 979 quidem
1682 936 1830 982 Lutherj
1858 936 1994 971 imbuta

223 986 413 1027 erroribus,
441 988 476 1020 et
502 998 565 1031 per
589 998 654 1021 nos
681 986 864 1021 Ecclesiae
890 988 1070 1030 restituta,
1098 1000 1191 1022 nunc
1218 1000 1289 1022 una
1316 1001 1395 1023 cuin
1422 989 1503 1034 alijs
1531 989 1743 1033 quibusdam
1768 991 1903 1035 pietate
1929 1002 1994 1025 sua

223 1039 407 1084 praelucet
434 1040 628 1074 Catholicis
656 1039 756 1085 alijs“
791 1041 851 1083 (ex
879 1042 1114 1086 autographo.
1156 1042 1239 1076 Cod.
1273 1041 1333 1084 „Gn
1362 1041 1425 1087 Ep.
1454 1041 1524 1076 IV“
1555 1043 1578 1076 f.
1608 1043 1725 1086 130³).

1041 1196 1170 1237 564.

263 1302 891 1347 PRAEPOSITURAE
926 1304 1436 1348 ELVANGENSIS
1474 1306 1952 1351 PRAEFECTUS

813 1376 905 1417 ΕΤ
941 1375 1404 1419 CONSILIARII

969 1488 1243 1536 CANISIO.

697 1607 869 1655 Elvanga
896 1608 961 1644 sub
988 1610 1180 1644 exeuntem
1206 1619 1251 1644 111.
1279 1607 1410 1644 Maium
1438 1608 1523 1646 1561.

342 1707 395 1740 Ex
422 1707 628 1752 apographo
660 1708 794 1741 recenti
823 1707 929 1742 huius
961 1708 1148 1751 ‚regesti“‚
1184 1720 1229 1742 m.
1257 1709 1422 1751 Augusto
1455 1720 1485 1743 a.
1515 1708 1605 1743 1888
1632 1708 1818 1753 Stugartia
1844 1721 1864 1744 a
1891 1722 1989 1755 prae-

220 1760 325 1794 fectis
361 1760 499 1794 archivi
534 1761 633 1805 regni
670 1761 1010 1804 wurtembergensis
1040 1761 1193 1805 („Haus—
1229 1762 1300 1796 und
1327 1762 1613 1806 Staatsarcliiv“)
1651 1762 1909 1798 humaiiissime
1945 1764 1990 1798 ad

220 1813 391 1848 editorem
418 1814 537 1848 misso.

340 1902 478 1944 Royant
513 1914 609 1946 ezmn,
651 1907 686 1935 nt
720 1903 901 1945 Elranyae
937 1904 1227 1937 Lutheramrum
1264 1905 1311 1937 ad
1345 1905 1520 1937 ecclesiane
1558 1905 1835 1938 reducendorum
1867 1906 1988 1949 qratia

220 1957 449 1988 contionem:

337 2058 580 2111 Siuqartiae
614 2059 657 2099 in
691 2059 858 2100 aroltico
890 2060 1002 2113 reyio
1035 2060 1236 2113 antiquus
1268 2059 1442 2113 quidam
1473 2063 1607 2100 exstat
1637 2059 1852 2101 ‘indiculus
1883 2060 1986 2100 litte-

218 2137 367 2164 rarum
401 2124 459 2164 ad
498 2137 563 2164 res
597 2125 810 2177 reliyionis
842 2125 1138 2179 spectantium,
1181 2138 1287 2178 quae
1329 2124 1422 2165 olim
1457 2124 1674 2178 Ec1>an9ae
1705 2124 1986 2179 (Ellwan93n‚

218 2202 330 2229 mim
362 2189 560 2242 oppidum
594 2190 714 2242 requi
739 2188 1145 2243 'zcurtemberqensis)
1178 2190 1219 2230 in
1256 2189 1423 2230 archivo
1442 2191 1764 2244 praepositurae
1797 2203 1986 2231 asserva-

219 2252 375 2294 bantur
384 2268 400 2305 ,·
434 2255 476 2294 in
511 2268 588 2308 quo
623 2255 731 2295 inter
751 2255 913 2295 litteras
948 2255 1004 2295 rei
1028 2254 1272 2309 apoqraplza
1304 2255 1540 2296 litterarum
1574 2269 1612 2295 a.
1638 2256 1749 2296 1561
1786 2255 1987 2296 (latarum

219 2318 277 2359 vel
309 2323 574 2373 acceptarum
597 2319 671 2360 hoc
694 2320 982 2374 apographum
1007 2324 1238 2373 comparet:
1274 2319 1431 2374 „Copia
1455 2319 1699 2361 Schrez'bens
1723 2334 1779 2361 an
1801 2320 1883 2362 Dr.
1908 2320 1985 2362 Ca-

217 2384 375 2424 m'sium
406 2399 459 2424 za
492 2384 739 2438 Ammoni-y,
773 2385 871 2426 solie
903 2385 994 2426 eine
1025 2385 1115 2426 Zeit
1146 2386 1246 2438 lany
1289 2385 1414 2426 alilzie
1443 2399 1520 2426 von
1555 2399 1689 2439 weyen
1725 2385 1800 2426 der
1830 2385 1984 2427 Luthe-

218 2449 326 2489 risch
333 2463 380 2489 en
411 2450 519 2503 pred
525 2450 613 2503 iyen
621 2483 629 2491 .
640 2448 658 2466 ‘⁴'

336 2555 392 2589 Ex
422 2556 485 2597 iis,
522 2567 613 2600 quae
647 2557 683 2590 in
718 2557 872 2591 indiculo
898 2557 965 2591 hoc
1000 2558 1146 2592 brevem
1182 2557 1274 2591 hanc
1308 2557 1510 2591 lit-terarum
1546 2569 1722 2592 summam
1757 2557 1983 2599 antecedunt,

216 2609 323 2643 facile
356 2609 596 2653 intellegitur,
633 2622 694 2644 eas
730 2611 773 2644 ad
801 2610 982 2645 Canisium
1011 2611 1114 2645 datas
1147 2622 1226 2645 esse
1252 2622 1273 2644 a
1298 2611 1482 2656 praefecto
1510 2610 1804 2655 („Statthalter“)
1842 2613 1878 2645 et
1904 2622 1984 2645 con-

215 2662 361 2697 siliariis
387 2663 676 2706 elvangensibus,
704 2675 769 2698 nec
795 2664 950 2698 dubitari
977 2666 1108 2709 potest,
1134 2664 1220 2708 quin
1245 2664 1281 2698 id
1306 2664 1458 2698 fecerint
1481 2664 1539 2698 vel
1565 2664 1709 2698 iubente
1726 2664 1785 2698 vel
1810 2664 1983 2709 probante

216 2716 347 2750 Ottone
374 2716 555 2750 cardinale
581 2717 812 2760 Augustano,
848 2717 909 2761 qui
944 2717 1228 2763 praeposituram
1264 2717 1574 2762 principatumque
1609 2717 1863 2762 elvangensem
1897 2719 1982 2751 tunc

215 2770 361 2804 tenebat
390 2769 486 2813 (vide
517 2771 603 2804 Can.
627 2770 714 2815 Epp.
735 2771 778 2812 II,
808 2770 911 2814 115⁵)
940 2773 976 2805 et
1001 2770 1149 2805 Lutheri
1176 2770 1357 2805 doctrinas
1382 2771 1419 2805 in
1445 2782 1525 2804 eum
1551 2770 1730 2805 invasisse
1755 2782 1836 2805 cum
1862 2769 1982 2804 dolore

216 2825 445 2867 cognoverat.
497 2822 584 2857 Cum
621 2826 739 2857 autem
779 2825 834 2868 (ut
861 2835 905 2858 ex
932 2823 1078 2858 Polanci
1113 2823 1268 2869 epistula
1293 2824 1350 2858 27.
1375 2823 1466 2858 Iunii
1495 2824 1583 2859 1561
1618 2824 1663 2858 ad
1689 2824 1870 2859 Canisium
1897 2824 1982 2858 data

215 2875 384 2919 colligere
417 2875 518 2920 licet)
549 2876 713 2911 Canisius
741 2877 772 2911 7.
800 2877 891 2911 Iunii
920 2877 1008 2911 1561
1038 2877 1160 2911 Lainio
1194 2876 1400 2922 scripserit,
1435 2888 1494 2918 se,
1528 2879 1570 2911 ut
1596 2876 1795 2920 Elvangam
1830 2876 1980 2917 veniret,

214 2931 380 2973 rogatum
407 2941 504 2971 esse,
539 2929 605 2964 has
631 2930 773 2964 litteras
798 2930 864 2964 sub
891 2932 1082 2964 exeuntem
1116 2942 1162 2964 m.
1189 2930 1324 2964 Maium
1351 2941 1381 2964 a.
1411 2930 1498 2964 1561
1528 2930 1572 2964 ad
1599 2941 1678 2964 eum
1705 2930 1808 2964 datas
1835 2929 1978 2964 dixeris.

215 2981 373 3023 Quarum
390 2994 506 3027 neque
524 2983 759 3028 archetypum
778 2995 894 3027 neque
913 2983 1158 3028 apographum
1184 2982 1272 3017 illud
1291 2983 1508 3026 elvangense
1527 2994 1620 3017 nunc
1637 2984 1782 3017 exstare
1800 2982 1978 3017 videntur.

213 3035 266 3069 De
294 3035 426 3070 Canisii
452 3036 677 3070 contionibus
702 3036 984 3080 elvangensibus
1010 3036 1092 3070 vide
1118 3036 1221 3077 infra,
1248 3048 1403 3071 monum.
1430 3036 1509 3071 286.
1536 3036 1615 3071 287.
