2093 3444
198 158 282 198 240
484 154 562 188 603.
598 153 764 188 Canisius
791 153 970 188 Stanislao
996 152 1118 187 Hosio.
1157 153 1250 197 Aug.
1277 153 1384 188 Vind.
1413 154 1443 188 7.
1471 153 1549 188 Oct.
1581 155 1682 189 1561.

190 276 294 316 tuae
326 273 516 326 gratiam
549 274 594 314 et
626 286 750 326 opem
783 286 868 313 non
900 270 1158 325 implorare,
1195 284 1280 323 qua
1312 271 1420 313 duce
1453 271 1603 313 confici
1637 274 1682 314 et
1712 273 1860 326 perfici
1891 287 1968 327 po-

188 340 278 380 test
300 337 534 392 plurimum
566 337 609 378 in
642 350 688 378 re
720 338 812 378 tam
835 339 988 378 sancta
1011 338 1055 378 et
1076 335 1290 389 frugifera
1311 337 1621 390 promouenda.
1665 337 1761 379 Scio
1794 337 1969 381 difficile

191 402 328 445 videri
361 403 475 456 quod
497 402 768 456 postulatur:
803 401 878 443 sed
905 401 1042 443 refert
1064 400 1260 455 profecto
1282 401 1521 452 Ecclesiae,
1555 401 1745 444 Concilia
1776 403 1969 445 limatius

192 472 237 511 et
269 467 516 510 accuratius
550 470 593 510 et
626 466 840 521 copiosius
873 465 1066 520 prodire,
1111 479 1240 519 quam
1278 465 1500 520 hucusque
1541 467 1706 510 factum
1740 468 1967 511 cernimus.

193 533 403 576 Catholici
448 532 651 575 Coloniae
699 534 898 586 sumptus
946 531 1146 584 ingentes
1194 530 1410 582 faciunt⁸,
1456 534 1506 573 vt
1548 532 1661 574 hanc
1706 536 1884 584 ornent,
1932 533 1969 575 si

192 601 377 654 possunt
419 598 665 641 editionem.
701 597 755 639 ad
798 611 926 650 quam
968 596 1077 639 Cels.
1119 598 1197 638 tua
1238 610 1400 649 quaeso
1432 596 1519 638 illis
1561 600 1605 639 et
1637 598 1861 640 Ecclesiae
1901 598 1968 641 fa-

193 678 342 706 uorem
384 663 732 718 praesidiumque
765 663 943 705 tribuat.
1008 661 1118 703 Sunt
1149 661 1278 704 isthic
1319 662 1435 704 docti
1467 662 1713 716 plaerique‚
1756 678 1782 706 a
1815 663 1969 717 quibus

194 730 362 783 rogatis
395 729 582 771 conferri
623 728 738 770 forte
779 728 822 769 in
855 727 967 769 hanc
1008 741 1100 769 rem
1133 729 1284 781 posset
1320 727 1504 780 aliquid,
1547 730 1597 770 vt
1628 729 1724 770 loca
1756 730 1969 782 quaedam

193 795 544 838 restituerentur.
588 794 652 836 De
686 793 840 846 quibus
865 792 1089 835 admoneri
1111 792 1314 834 Coloniae
1336 807 1415 847 per
1446 807 1514 834 me
1546 793 1723 836 uellent.
1768 795 1832 836 De
1859 795 1968 837 Con-

194 860 291 902 cilio
333 860 550 914 Ephesino
592 872 730 913 nuper
769 858 969 908 inuento,
1015 861 1060 900 et
1100 857 1221 899 breui
1263 857 1466 900 fortassis
1512 858 1678 900 edendo
1720 859 1872 914 scripsi
1914 860 1968 902 ad

193 925 424 967 Jllustriss.
460 925 585 967 Card.
620 924 971 977 Augustanum1.

312 1008 522 1049 Dominus
553 1006 741 1060 gratiam
776 1005 898 1048 nobis
931 1020 1054 1047 suam
1088 1009 1263 1058 augeat,
1298 1008 1347 1048 vt
1379 1020 1482 1048 vere
1513 1006 1595 1061 ipsi
1627 1007 1890 1061 placeamus,
1924 1010 1969 1050 et

193 1073 416 1116 Ecclesiae
448 1072 616 1115 Vtiliter
648 1071 948 1113 inseruiamus.
1015 1072 1242 1125 Augustae
1277 1072 1299 1112 7
1335 1071 1489 1114 Octob.
1527 1074 1653 1114 1561.

1115 1153 1275 1195 Seruus
1307 1152 1350 1194 in
1384 1153 1553 1196 Christo
1587 1154 1634 1196 P.
1669 1154 1865 1197 Canisius
1879 1154 1906 1198 Β.

313 1250 340 1301 ’1-
373 1248 750 1291 Reuerendissimo
774 1248 815 1289 in
840 1248 1010 1290 Christo
1034 1247 1162 1302 patri,
1198 1250 1242 1290 et
1264 1248 1497 1290 JllustriSS.
1521 1248 1704 1290 Domino
1730 1250 1794 1291 .D.
1819 1249 1968 1292 Cardi-

194 1314 282 1357 nali
315 1318 359 1357 et
392 1315 607 1369 Episcopo
641 1313 928 1359 Vuarmiensi,
962 1313 1005 1354 in
1038 1312 1225 1355 Concilio
1259 1312 1511 1355 Tridentino
1546 1313 1586 1356 S.
1612 1314 1652 1356 S.
1688 1315 1968 1369 Apostolicae

194 1380 374 1433 Legata
410 1380 600 1422 Patrono
634 1379 895 1422 clementiss
931 1378 1140 1420 Tridenti.

315 1467 541 1512 Inscriptioni
570 1479 676 1501 manu
703 1466 816 1500 altera
845 1466 1003 1500 eiusdem
1030 1466 1202 1510 temporis
1229 1465 1439 1499 adnotatum
1467 1467 1523 1499 est
1545 1466 1724 1511 „Recepta
1752 1467 1795 1502 16
1813 1467 1969 1502 octobris

199 1521 322 1563 1561“‚
350 1532 392 1555 ac
418 1521 535 1561 tertia,
564 1532 654 1564 quae
682 1519 782 1554 Hosii
809 1520 922 1565 ipsius
950 1521 1022 1553 est:
1054 1519 1182 1564 „Resp.
1208 1519 1491 1553 4'nouembris.“

316 1602 480 1636 Canisius
508 1601 618 1636 Hosio
644 1613 714 1635 una
741 1613 821 1635 cum
849 1601 905 1635 his
931 1601 1081 1642 litteris,
1116 1604 1156 1634 ut
1183 1612 1226 1634 ex
1254 1599 1380 1634 iisdem
1408 1600 1651 1644 intellegitur,
1688 1601 1747 1635 vel
1774 1614 1883 1636 unum
1910 1602 1969 1636 vel

195 1655 333 1700 aliquot
358 1675 405 1679 —
431 1667 545 1701 pauca
572 1657 693 1689 tamen
719 1674 764 1678 -—
792 1654 956 1698 Vergerii
983 1654 1119 1698 scripta
1145 1654 1263 1693 misit,
1300 1665 1391 1698 quae
1418 1654 1573 1688 fortasse
1601 1654 1747 1696 willer,
1774 1655 1969 1701 bibliopola

193 1709 254 1743 ille
273 1712 509 1753 augustanus,
528 1709 764 1743 Francofurto
783 1720 827 1742 ex
845 1708 1046 1742 autumnali
1065 1708 1235 1742 librorum
1255 1709 1415 1741 mercatu
1433 1719 1556 1741 secum
1575 1708 1758 1744 attulerat.
1798 1709 1970 1744 Ediderat

194 1765 314 1797 autem
342 1762 473 1797 Petrus
500 1762 636 1797 Paulus
663 1762 878 1805 Vergerius,
918 1764 1085 1806 apostata
1120 1761 1180 1794 ille
1207 1760 1416 1794 notissimus
1453 1761 1514 1804 (cf.
1546 1762 1633 1796 Can.
1661 1762 1748 1807 Epp.
1777 1762 1828 1803 ΙΙ,
1865 1762 1964 1806 235⁶)

194 1828 225 1850 a.
247 1817 335 1850 1561
364 1828 478 1860 usque
505 1817 549 1850 ad
576 1828 621 1850 m.
642 1815 887 1860 Septembrem
916 1815 1091 1849 adversus
1119 1814 1307 1848 ecclesiam
1335 1814 1548 1849 catholicam
1575 1815 1760 1849 minimum
1789 1817 1807 1850 7
1827 1815 1968 1851 libellos

192 1870 370 1906 famosos:
398 1882 416 1903 e
443 1869 573 1913 quibus
599 1873 684 1903 tune
712 1869 880 1903 videntur
906 1869 1019 1903 fuisse
1044 1868 1254 1902 novissimi:

317 1924 346 1957 1.
390 1923 457 1965 „Le
494 1923 669 1968 Proposte
705 1923 739 1956 di
778 1922 846 1956 due
881 1921 1010 1956 Nuncii
1050 1921 1106 1955 del
1143 1922 1242 1966 Papa
1280 1922 1371 1955 fatte
1410 1921 1445 1954 in
1483 1920 1693 1966 Numburgo
1732 1922 1879 1956 dauanti
1917 1923 1967 1967 gli

192 1976 433 2010 illustrissimi
470 1976 628 2021 Principi
665 1976 721 2010 del
758 1976 866 2010 Sacro
901 1975 1039 2009 Roman
1076 1975 1240 2020 Imperio.
1292 1974 1364 2009 Con
1403 1974 1438 2008 la
1477 1977 1645 2019 proposta
1681 1975 1836 2010 etiandio
1874 1976 1967 2012 fatta

191 2030 339 2064 dauanti
366 2030 375 2063 i
403 2030 565 2075 deputati
592 2030 649 2064 (181
677 2029 808 2063 Senato
834 2029 929 2063 della
955 2028 1153 2074 Republica
1180 2028 1438 2072 d’Argent-ina.
1487 2027 1514 2061 Ε
1542 2028 1577 2062 13
1602 2028 1759 2073 risposta
1786 2029 1842 2063 del
1869 2030 1967 2064 detto

192 2083 333 2117 Senato.
384 2083 489 2117 Nella
514 2084 667 2117 materia
693 2083 750 2116 del
776 2082 925 2117 concilio
952 2094 1018 2116 con
1044 2081 1077 2115 le
1104 2081 1230 2115 Seolie.
1273 2081 1339 2115 Nel
1367 2081 1414 2115 M.
1443 2080 1484 2115 D.
1512 2080 1622 2116 LX1.“
1670 2081 1798 2116 Libelli
1823 2083 1967 2118 litterae

191 2136 430 2171 dedicatoriae
473 2137 526 2171 15.
561 2137 645 2170 Maii
688 2137 774 2170 1561
821 2137 926 2170 datae
964 2137 1058 2169 sunt.
1111 2135 1143 2169 2.
1188 2134 1252 2176 ,Al
1290 2134 1542 2168 Reuerendiss.
1581 2135 1791 2179 Monsignor
1828 2136 1966 2171 Delfino

190 2189 355 2224 Vescouo
375 2190 409 2224 di
429 2190 579 2224 Liesena
598 2190 737 2224 Nuncio
756 2189 965 2234 Apostolico
983 2201 1047 2234 per
1066 2188 1269 2223 Germania.
1308 2187 1375 2222 Nel
1395 2188 1486 2222 LXI.
1526 2187 1592 2222 Nel
1618 2200 1716 2223 mese
1734 2189 1769 2223 di
1788 2189 1962 2234 Giugno.“

191 2242 257 2285 Qui
292 2243 436 2277 libellus
473 2243 580 2277 etiam
616 2243 822 2287 germanice
858 2253 988 2277 versus
1023 2242 1060 2276 in
1092 2241 1209 2276 lucem
1244 2241 1394 2286 prodiit:
1440 2241 1547 2283 „Dem
1575 2241 1823 2286 Ehrwirdigen
1857 2242 1966 2277 herru

191 2296 383 2331 Zachariae
410 2297 587 2341 Delphino
622 2296 785 2331 Bischoff
815 2308 858 2330 zu
885 2296 1016 2330 Lisena
1048 2294 1325 2340 Apostolischen
1361 2298 1535 2338 gesanten
1571 2295 1681 2329 durch
1709 2295 1964 2331 Teutschland.

190 2352 304 2384 Anno.
331 2350 378 2384 M.
407 2350 448 2384 D.
476 2350 585 2384 LXU
637 2350 668 2384 3.
699 2349 952 2391 „Confvtation
979 2349 1010 2382 d‘
1030 2349 1159 2383 alcvne
1186 2359 1300 2387 scuse,
1327 2348 1392 2382 che
1419 2347 1446 2382 s'
1463 2347 1628 2392 allegano
1654 2360 1718 2394 per
1743 2349 1906 2383 difender
1930 2350 1966 2384 la

190 2404 429 2447 grandissima
456 2403 609 2448 iniquita
635 2403 730 2437 della
755 2403 924 2437 indittion
950 2402 1007 2436 del
1035 2401 1192 2436 Concilio
1218 2402 1310 2435 satta
1336 2401 1380 2435 da
1399 2401 1463 2435 Pio
1483 2401 1549 2435 1111
1568 2401 1606 2434 L’
1622 2402 1725 2436 Anno
1743 2402 1791 2437 M.
1811 2402 1852 2437 D.
1874 2403 1964 2439 LXI.

191 2456 247 2490 nel
274 2468 370 2490 mese
402 2457 436 2490 di
462 2457 619 2500 Luglio.“
674 2457 706 2491 4.
739 2457 829 2498 „All”
849 2455 1098 2490 lllvstrissimo
1125 2467 1144 2489 e
1170 2454 1481 2489 Eccellentissimo
1508 2454 1675 2500 Principe
1711 2467 1730 2489 e
1756 2455 1903 2499 Signor,
1938 2456 1965 2491 il

191 2509 320 2554 Signor
339 2509 465 2543 Ercole
484 2509 665 2553 Gonzaga,
693 2509 872 2544 chiamato
898 2509 924 2543 il
944 2508 1113 2543 Cardinal
1137 2508 1171 2542 di
1189 2508 1346 2549 Mantoa,
1374 2508 1510 2551 Legato
1537 2508 1572 2542 31
1599 2508 1748 2542 concilio
1768 2509 1802 2543 di
1820 2509 1964 2544 Trento.

192 2563 265 2597 Che
289 2563 388 2608 Papa
407 2563 470 2597 Pio
489 2563 567 2597 1111.
596 2575 665 2597 non
691 2563 728 2597 fa
754 2563 799 2597 da
825 2563 967 2597 douero.
1006 2561 1043 2595 L'
1058 2563 1162 2596 Anno
1188 2561 1278 2596 LXI.
1305 2561 1364 2595 nel
1390 2572 1488 2596 mese
1515 2561 1546 2595 d’
1563 2562 1716 2605 Agosto“
1749 2562 1807 2605 (E.
1826 2563 1964 2606 Usener,

191 2616 407 2651 Uebersicht
434 2617 496 2650 der
521 2616 788 2650 litterarischen
814 2615 1027 2659 Thatigkeit
1058 2615 1121 2649 des
1147 2615 1268 2649 Pietro
1294 2614 1404 2648 Paolo
1431 2614 1624 2658 Vergerio,
1660 2614 1696 2648 in
1726 2615 1959 2660 „Serapeum“

193 2671 248 2704 19.
268 2669 393 2713 Jahrg.
423 2669 583 2714 [Leipzig
613 2668 727 2714 1858]‚
754 2681 788 2714 p.
807 2669 863 2703 92.
884 2668 939 2703 98.
979 2670 1123 2702 Friedr.
1143 2669 1291 2711 Hubert,
1309 2667 1503 2711 Vergerios
1530 2667 1798 2713 publizistische
1816 2669 1964 2713 Thatig-

191 2723 268 2757 keit
295 2722 506 2767 [Gottingen
535 2721 639 2767 1893]
667 2735 699 2768 p.
728 2721 946 2766 314-315).

312 2776 378 2810 His
415 2776 549 2811 Canisii
587 2776 721 2810 litteris
756 2775 889 2809 Hosius
923 2776 1108 2820 permotus
1147 2785 1224 2808 esse
1262 2774 1426 2815 videtur,
1463 2776 1505 2808 ut
1539 2773 1707 2808 Ottonem
1745 2775 1963 2809 cardinalem

193 2833 448 2873 Augustanum
473 2830 607 2863 Romae
634 2829 824 2872 degentem
856 2840 919 2873 per
944 2828 1086 2862 litteras
1121 2830 1286 2871 rogaret,
1322 2830 1362 2861 ut
1388 2826 1618 2862 Colonienses
1643 2839 1774 2861 novam
1800 2829 1963 2863 concilio-

191 2895 271 2918 rum
309 2883 501 2917 editionem
538 2884 709 2928 parantes
743 2881 878 2916 Romae
916 2881 1116 2915 adiuvaret.
1171 2881 1246 2914 Otto
1285 2880 1379 2914 enim
1413 2879 1527 2914 Roma
1565 2881 1594 2914 1.
1620 2880 1835 2916 Novembris
1872 2882 1959 2916 1561

310 3011 325 3025 ³
350 3004 488 3039 faciant
512 3009 584 3038 aut.
682 3003 698 3024 b
727 3004 823 3045 Quae
847 3007 1063 3046 sequuntur,
1090 3013 1113 3035 cc
1142 3002 1227 3045 Cyl).
1255 3003 1383 3036 omissa
1408 3006 1501 3036 sunt.

319 3128 327 3148 ¹
356 3126 411 3161 Cf.
437 3137 546 3171 supra
571 3138 605 3171 p.
634 3124 830 3160 131—132.
859 3123 1057 3159 136—138.
