2093 3444
323 202 401 236 706.
437 201 590 236 Ioannes
616 202 659 236 de
684 202 840 236 Polanco
869 202 1023 236 Ganisio.
1061 202 1232 236 Tridento
1259 202 1315 236 31.
1343 203 1499 246 Augusti
1528 204 1629 238 1562.
1777 207 1861 247 479

90 315 215 351 multis
241 317 405 362 patribus
431 320 620 362 negatam,
659 331 679 353 a
706 319 829 353 multis
856 319 1075 353 affirmatam
1109 329 1189 352 esse
1215 317 1441 362 scripsisset;
1478 331 1519 353 ea
1546 320 1639 353 enim
1667 320 1863 365 disputatio

91 368 147 404 28.
167 369 325 412 Augusti
350 373 432 416 post
457 371 640 405 meridiem
668 372 869 406 instaurata
896 373 974 406 erat
999 384 1115 416 neque
1141 371 1262 416 plures
1290 382 1398 415 quam
1426 371 1470 406 12
1497 384 1536 406 eo
1564 373 1619 407 (lie
1646 374 1865 408 sententiam

91 422 258 457 dixerant
286 424 445 467 (Fiet-let·
470 424 492 459 1.
520 436 550 459 c.
577 437 609 469 p.
638 424 736 469 334).
788 425 862 459 Nec
898 425 1081 470 probabile
1107 425 1289 466 Lainium⁷
1324 436 1451 469 parum
1485 425 1610 460 firmae
1646 427 1865 461 valetudinis

89 476 279 518 hominem,
307 489 388 512 eum
407 478 463 512 27.
482 477 639 522 Augusti
666 479 748 523 plus
774 480 842 522 2¹sp
870 479 977 512 horas
997 479 1238 519 disseruisset,
1266 479 1427 523 proximo
1455 478 1511 513 die
1538 479 1573 513 in
1600 481 1687 514 aede
1706 481 1865 515 maxima

91 530 337 564 contionatum
364 543 454 566 esse.
497 532 538 565 In
565 532 686 565 codice
712 532 841 566 harum
867 532 1073 566 litterarum
1100 531 1305 576 exemplum
1332 532 1489 566 medium
1516 532 1609 566 inter
1636 534 1813 578 epistulae
1831 534 1864 568 2.

91 585 128 617 et
152 583 356 618 litterarum
383 585 414 619 3.
443 584 664 630 Septembris
691 586 857 619 datarum
884 585 1093 630 apographa
1120 586 1243 619 eadem
1269 597 1378 619 manu
1404 585 1539 631 scripta
1566 590 1759 631 comparet.

211 636 310 678 Quod
337 640 457 672 autem
484 638 671 680 librarius,
707 641 900 683 postquam
927 639 994 673 has
1020 639 1162 672 litteras
1198 639 1242 672 ad
1269 651 1391 673 omnes
1419 638 1610 673 Societatis
1640 641 1866 685 praepositos

90 690 331 735 provinciales
357 692 489 726 missas
516 703 595 726 esse
622 692 820 731 adnotavit,
849 691 1030 726 Canisium
1058 692 1271 726 nominatim
1298 692 1486 737 ascripsit,
1517 693 1596 727 ideo
1622 693 1758 727 factum
1787 705 1866 728 esse

90 743 244 786 videtur,
272 745 365 788 quod
392 745 572 779 Polancus
599 746 654 779 31.
674 745 834 788 Augusti
860 745 1011 779 alteram
1039 745 1232 790 epistulam
1259 746 1302 787 ei,
1330 746 1433 790 eique
1461 746 1538 788 soli,
1566 746 1685 787 misit;
1713 747 1767 781 cui
1794 759 1866 781 me-

90 796 159 831 rito
185 797 252 831 hae
278 798 422 832 litterae
449 799 640 833 adiunctae
667 800 770 837 sunt:
806 798 940 832 nullius
977 801 1073 832 certe
1100 799 1191 833 alius
1230 800 1426 844 praepositi
1452 800 1687 845 provincialis
1713 802 1866 841 tantum,

92 853 266 895 quantum
294 851 439 891 Canisii,
466 852 640 887 intererat
667 853 708 886 de
736 852 877 886 concilii
902 852 1010 886 rebus
1038 853 1227 886 certiorem
1253 852 1341 886 fieri.

211 904 377 939 Notanda
403 908 488 940 sunt
514 905 622 940 etiam
650 908 814 939 extrema
839 905 946 939 huius
983 905 1160 950 epistulae
1188 906 1317 945 verba3
1356 918 1447 949 quae
1483 918 1561 940 eam
1589 907 1804 941 familiarem
1832 909 1868 941 et

91 957 325 992 domesticam
352 970 432 992 esse
459 959 669 999 ostendunt;
706 970 747 992 ac
774 958 954 992 Polancus
989 970 1059 992 non
1095 960 1170 992 tam
1198 959 1386 993 historiam
1414 959 1555 993 concilii
1591 960 1766 1002 scribere,
1803 960 1867 994 sed

91 1010 205 1045 Sociis
231 1011 505 1057 praecipuorum
532 1014 676 1057 patrum
702 1012 1060 1056 praepositorumque
1086 1023 1231 1046 suorum
1257 1013 1444 1057 praeclara
1480 1013 1645 1058 exempla
1670 1025 1868 1058 proponere

90 1064 247 1103 volebat,
275 1065 404 1109 quibus
431 1067 468 1099 et
491 1065 625 1100 solacio
653 1065 886 1099 afficerentur
913 1067 949 1099 et
975 1065 1018 1099 ad
1044 1065 1186 1099 labores
1213 1078 1276 1110 pro
1296 1066 1449 1100 ecclesia
1476 1066 1644 1101 alacriter
1662 1067 1866 1102 subeundos

90 1117 348 1159 incitarentur;
375 1118 410 1152 id
437 1119 530 1163 quod
557 1119 666 1153 etiam
694 1119 736 1152 de
762 1118 998 1163 sequentibus
1024 1118 1174 1153 Polanci
1200 1119 1366 1164 epistulis
1393 1120 1529 1154 dictum
1556 1123 1643 1155 esto.

211 1171 373 1205 Tridenti
408 1172 445 1206 in
479 1171 632 1206 ecclesia
659 1171 693 1206 S.
720 1172 859 1206 Mariae
885 1172 1050 1214 maioris,
1088 1173 1124 1206 in
1161 1184 1229 1216 qua
1266 1173 1333 1207 hae
1369 1173 1618 1216 theologorum
1652 1176 1866 1219 patrumque

91 1225 390 1268 congregationes
416 1225 561 1260 habitae
587 1227 691 1267 sunt,
727 1227 854 1270 postea
879 1226 1013 1267 tabula,
1040 1226 1077 1259 in
1104 1238 1173 1270 qua
1200 1226 1445 1271 amplissimus
1471 1227 1529 1261 hic
1556 1227 1675 1272 pictus
1706 1230 1762 1262 est
1787 1239 1866 1262 con-

91 1290 226 1321 sessus,
253 1279 428 1314 collocata
455 1281 529 1322 est,
566 1291 680 1324 eaque
706 1279 810 1313 hodie
838 1291 998 1323 quoque,
1035 1280 1128 1323 quod
1155 1280 1319 1324 equidem
1347 1280 1469 1323 seiam,
1495 1280 1628 1315 ibidem
1654 1283 1795 1322 exstat;
1831 1281 1868 1315 in

93 1344 163 1377 qua
190 1332 337 1367 Lainius
363 1334 514 1378 apparet
540 1345 558 1367 e
584 1333 725 1378 pulpito
752 1332 945 1367 disserens.
997 1333 1138 1367 Similes
1174 1333 1350 1377 imagines
1377 1334 1413 1368 in
1439 1346 1501 1369 aes
1527 1335 1662 1369 incisae
1688 1336 1723 1368 in
1750 1335 1866 1369 libris-

93 1397 162 1430 que
187 1386 346 1420 insertae
372 1388 472 1428 sunt;
499 1388 541 1421 ut
566 1386 603 1420 in
628 1387 770 1430 Iosephz'
787 1387 991 1430 Mendham,
1017 1387 1173 1421 ministri
1200 1387 1493 1430 Anglicanorum,
1528 1388 1717 1431 „Memoirs
1744 1388 1783 1422 of
1805 1388 1867 1422 the

94 1438 242 1474 Council
267 1440 307 1474 of
329 1440 458 1474 Trent“
491 1440 655 1484 (London
684 1439 802 1483 1834).

917 1564 1047 1606 706.

507 1656 572 1698 P.
604 1655 927 1699 IOANNES
960 1656 1059 1698 DE
1092 1655 1453 1710 POLANffl),

702 1737 923 1772 secretarius
950 1737 1142 1772 Societatis
1168 1738 1260 1780 lesu,

441 1816 614 1859 nomine
646 1816 792 1858 Iacobi
824 1816 976 1867 Lainii,
1010 1816 1250 1870 praepositi
1281 1817 1512 1870 generalis,

844 1911 1118 1959 CANISIO.

702 2013 875 2050 Tridenti)
902 2014 949 2050 31.
976 2013 1138 2061 Augusti
1163 2014 1258 2050 1562.

213 2096 269 2131 Ex
295 2096 503 2142 apographo
530 2097 690 2131 eiusdem
716 2097 900 2142 temporis.
953 2097 1037 2131 Cod.
1068 2096 1131 2139 „V.
1158 2096 1198 2130 P.
1226 2096 1290 2130 62“
1321 2096 1346 2130 f.
1375 2097 1428 2131 7¹³.

215 2168 285 2202 PP.
313 2168 457 2202 Natalis
482 2173 512 2202 et
536 2169 635 2212 Voyt.
686 2169 732 2202 In
762 2169 996 2202 Germaniam
1024 2169 1122 2202 Socii
1146 2168 1292 2211 hispani
1316 2169 1368 2201 vel
1393 2169 1475 2201 itali
1499 2169 1593 2202 mitti
1612 2173 1774 2212 possunt.

215 2250 267 2292 In
299 2251 475 2305 reyistro
508 2251 749 2292 litterar'mn
781 2265 807 2292 a
829 2251 987 2292 Lamia
1020 2251 1081 2292 vel
1103 2251 1194 2292 eins
1225 2251 1393 2292 nomine
1425 2265 1452 2291 a
1475 2251 1657 2293 Polanco
1691 2253 1872 2294 a.1562

98 2321 134 2358 et
165 2317 282 2358 1563
320 2316 521 2358 Tridento
556 2317 759 2358 datar-mn
791 2321 978 2358 notatum
1014 2321 1094 2357 est:
1135 2318 1357 2370 „Anyusta
1390 2316 1537 2358 Podre
1571 2317 1742 2358 Canisz'o
1778 2352 1785 2359 .
1820 2317 1874 2359 Se

95 2383 126 2423 li
159 2383 312 2423 scrisse
344 2382 416 2423 all’
444 2383 589 2423 ultimo
623 2383 666 2423 οῖ’
694 2383 848 2437 Ayosto
881 2383 1010 2424 1562.
1046 2382 1116 2423 che
1156 2382 1194 2422 si
1227 2383 1418 2423 riceuette
1451 2383 1576 2423 lasua
1610 2382 1656 2424 cli
1686 2384 1743 2424 22
1779 2417 1786 2424 .
1823 2383 1874 2424 de

96 2447 249 2501 Ayosto
283 2451 367 2490 ‚etc
404 2451 439 2488 et
470 2448 545 2489 seli
576 2447 734 2488 mando
767 2462 826 2488 nn
852 2448 965 2501 plico
999 2447 1045 2487 dc·
1077 2447 1215 2489 lettere
1243 2461 1322 2502 per
1359 2448 1471 2489 accio
1504 2448 1541 2488 lo
1573 2448 1800 2490 mandassi
1832 2449 1875 2489 αἰ

96 2512 244 2553 Padre
274 2512 408 2554 Nabal
441 2517 498 2554 etc
531 2547 539 2555 .
574 2512 631 2554 Et
664 2513 734 2554 che
774 2513 941 2567 inlzcoyo
984 2513 1051 2554 del
1084 2513 1224 2567 padre
1261 2513 1454 2555 Τι’νεὶοᾶ1
1493 2518 1644 2568 potense
1687 2528 1729 2555 se
1766 2513 1875 2567 fossi

97 2579 334 2619 necessario
374 2579 534 2619 Δνίιέεηεν
574 2579 606 2618 il
635 2579 773 2633 padre
806 2577 1025 2620 Valentino
1066 2579 1112 2620 in
1145 2578 1370 2620 Monachio
1387 2578 1416 2621 2.
1452 2579 1522 2621 che
1563 2580 1597 2620 ,ς’
1623 2594 1693 2620 era
1733 2580 1873 2620 scritto

97 2643 124 2684 ὰ
146 2643 283 2685 Roma
314 2657 442 2697 sopra
464 2644 495 2685 il
517 2643 706 2684 mandor
734 2648 854 2697 yente
883 2657 909 2684 a
931 2643 1169 2698 Alemayna
1189 2677 1200 2698 7
1225 2658 1296 2684 ma
1328 2645 1399 2686 che
1423 2645 1469 2685 di
1491 2645 1682 2686 tudesohz'
1713 2645 1874 2685 maturi

98 2708 133 2749 θ’
164 2722 237 2749 ενα
269 2706 502 2758 εανεεΐῖαι),
547 2713 582 2749 et
614 2708 685 2749 che
716 2723 758 2750 se
791 2709 823 2750 li
864 2710 1057 2763 spaynoli
1088 2709 1110 2750 ὸ
1142 2708 1329 2751 ιῙέοιίἰειιηὶ
1367 2709 1529 2763 fossino
1572 2710 1803 2764 necessarij
1832 2723 1874 2751 se

98 2787 150 2814 ne
181 2774 433 2814 tronariano
463 2774 540 2827 piu
568 2772 810 2826 facilmente
852 2778 886 2814 et
918 2774 988 2815 che
1022 2774 1094 2816 all⁷
1123 2779 1281 2816 anduno
1314 2775 1352 2816 si
1392 2775 1622 2817 uederebbe
1653 2776 1695 2816 Za
1729 2775 1873 2816 distri-

217 2912 232 2927 ὃ
258 2907 292 2941 Α
317 2907 398 2941 libr.
426 2911 621 2941 correctum
646 2918 689 2940 ex
713 2906 843 2941 Dirsio.
918 2906 933 2926 b
959 2907 994 2940 A
1019 2907 1099 2940 libr.
1128 2911 1322 2940 correctum
1348 2918 1391 2940 em
1417 2907 1550 2941 maturi
1576 2906 1604 2940 c'
1624 2917 1732 2940 erano
1757 2906 1874 2952 pochi.

221 3025 231 3044 ¹
257 3023 311 3058 De
337 3023 378 3058 P.
404 3024 536 3058 Ioanne
562 3022 695 3069 Dyrsio
721 3023 805 3058 vide
831 3035 940 3069 supra
966 3035 999 3069 p.
1027 3023 1081 3058 9².

219 3078 232 3098 2
257 3077 299 3111 In
325 3077 527 3120 *Catalogo
554 3076 698 3120 collegii
723 3077 950 3112 monacensis
975 3076 1082 3122 paulo
1107 3078 1190 3122 post
1216 3088 1237 3111 a
1260 3077 1300 3112 P.
1323 3079 1540 3112 Theodorico
1562 3079 1708 3113 Canisz'o
1734 3079 1874 3112 rectore

94 3130 233 3175 scripto
260 3132 464 3176 comparet:
505 3130 564 3173 „P.
591 3130 809 3165 Valentinus
835 3130 1019 3165 confessor
1053 3129 1179 3175 templi
1215 3131 1525 3166 extraordinarius
1552 3134 1588 3166 et
1612 3131 1727 3166 lector
1752 3131 1873 3166 Direc-

99 3183 194 3229 torij,
213 3183 413 3218 Bohemus“
433 3183 534 3229 (cod.
554 3182 616 3227 „Gn
633 3183 670 3218 C.
687 3185 751 3219 67“
774 3196 807 3229 p.
825 3184 921 3228 184).
948 3184 1001 3218 De
1019 3182 1166 3218 Polanci
1189 3183 1428 3226 „Directorio“
1450 3196 1485 3219 v.
1508 3185 1594 3219 Can.
1614 3184 1705 3230 Epp.
1724 3185 1749 3227 1,
1767 3185 1870 3220 450⁵.
