2093 3444
212 214 296 255 632
510 211 668 246 Monum.
697 211 933 256 (augustana)
964 213 1043 248 253.
1074 212 1146 257 (14.
1174 215 1209 248 et
1236 214 1290 248 19.
1316 214 1527 250 Decembris
1555 216 1673 259 1561.)

211 342 315 382 erga
357 330 558 382 pastores
591 329 826 372 Ecclesiae.
881 331 1024 372 Vnum
1067 331 1206 374 adhuc
1248 332 1371 374 deest
1410 332 1534 375 falsis
1574 334 1818 388 prophetis,
1863 335 1976 388 quod

210 393 336 447 signa
377 407 461 434 non
494 393 702 437 faciant1.
767 394 875 444 Quia
916 409 995 437 nec
1028 396 1228 438 claudum
1270 397 1438 439 asinum
1470 397 1681 441 hactenus
1720 402 1873 442 curant
1905 405 1975 443 etc.

331 466 369 507 2.
403 465 540 520 Atque
573 467 617 507 in
650 467 836 507 contione
867 466 1094 508 Dominica
1127 468 1185 509 II.
1220 469 1437 510 Adventus
1470 471 1530 519 (7.
1565 470 1828 523 Decembris)
1862 473 1974 513 1561

210 530 428 584 Auyustae
468 532 512 572 in
548 531 651 572 aede
682 533 868 572 *maxima
902 531 1048 573 habita
1083 533 1284 574 Canisius
1308 535 1634 588 protestantium
1676 537 1978 578 contionatores

209 601 325 636 vocat
357 595 595 649 spiritus
629 596 885 646 erroris2‚
921 596 992 649 qui
1023 611 1136 639 nunc
1168 597 1414 640 inordinate
1441 601 1484 640 et
1506 598 1738 642 indiscrete
1761 599 1976 643 Christum

210 659 466 714 praedicant
501 696 508 702 .
536 696 543 702 .
571 695 578 702 .
614 661 784 713 Vrgent
824 661 952 703 fidem
995 665 1039 704 et
1079 676 1164 704 non
1205 663 1421 706 incutiunt
1452 663 1651 706 timorem
1683 665 1976 718 peccantibus,

209 723 295 766 imo
318 725 486 767 faciunt
508 725 652 767 omnia
674 729 855 780 peccata
877 726 991 768 leuia
1013 727 1139 769 modo
1162 728 1345 769 fidamus
1380 763 1388 770 .
1421 727 1537 770 Auss
1560 729 1768 771 sollichen
1800 743 1979 772 suessen

210 789 613 844 Zuckerpredigen,
658 791 759 843 quid
801 790 997 844 sequitur
1037 792 1152 834 aliud
1187 806 1316 846 quam
1349 793 1460 835 salsa
1493 793 1674 836 libertas
1717 797 1760 837 et
1793 795 1979 837 carnalis

211 854 436 897 securitas.

330 927 368 968 3.
403 927 564 968 Ibidem
601 928 669 968 die
698 927 804 980 festo
837 928 1086 969 Sanctorum
1121 930 1409 971 Innocentium
1446 930 1535 981 (28.
1570 930 1832 984 Decembris)
1864 932 1976 973 1561

213 991 437 1033 Canisiecs:
477 991 592 1033 Falsi
626 992 922 1046 predicatores
954 993 1140 1035 medium
1174 993 1402 1047 predicant
1435 994 1672 1045 Christum,
1707 995 1778 1049 qui
1810 1009 1981 1050 semper

210 1056 481 1107 consolatur,
517 1056 661 1110 ungit,
696 1057 925 1111 promittit,
961 1058 1115 1109 donat,
1149 1059 1255 1100 nihil
1288 1073 1440 1101 curare
1475 1058 1687 1114 [uidetur]
1721 1064 1903 1115 peccata
1935 1064 1980 1104 et

210 1120 537 1175 impenitentem
579 1122 736 1173 uitam,
781 1137 865 1164 non
907 1123 1085 1177 respicit
1116 1123 1275 1166 ieiunia
1307 1125 1436 1166 fietus
1478 1127 1522 1167 et
1560 1138 1693 1179 opera
1725 1125 1977 1180 penitentie,

210 1186 286 1228 sed
317 1187 444 1228 fidem
476 1189 660 1230 tantum.

1030 1300 1161 1342 253.

825 1396 874 1432 14.
901 1397 937 1432 et
964 1396 1012 1432 19.
1042 1395 1253 1433 Decembris
1278 1395 1365 1433 1561.

330 1489 385 1523 Ex
421 1490 626 1524 contionum
661 1491 927 1525 commentariis
962 1502 983 1525 a
1019 1491 1161 1526 Canisio
1200 1492 1277 1537 ipso
1313 1491 1519 1535 recognitis.
1571 1491 1653 1527 Cod.
1694 1492 1800 1535 „Cau
1827 1492 1870 1528 X.
1897 1493 1975 1528 Aa“

210 1542 235 1576 f.
266 1543 349 1577 181b
376 1545 411 1577 et
440 1543 523 1577 Cod.
555 1543 661 1585 „Cam
690 1543 731 1578 X.
760 1544 806 1577 T“
839 1546 861 1578 f.
891 1545 942 1579 2³.

331 1596 544 1631 Germanice
570 1597 657 1631 haec
685 1598 797 1632 vertit
822 1600 924 1632 Rtess
950 1598 971 1632 l.
999 1610 1028 1632 0.
1056 1610 1089 1643 p.
1117 1597 1196 1632 287.
1224 1598 1423 1633 290—291.

333 1680 501 1713 Canisiecs
528 1682 708 1723 Amyn-stae
740 1692 756 1714 e
789 1692 892 1714 sacro
927 1685 1085 1724 suyyestu
1120 1682 1273 1725 fatetur,
1309 1682 1480 1725 quosdam
1514 1682 1754 1724 indulyentz'as
1788 1681 1981 1715 vendide'sse

211 1737 239 1765 et
266 1734 435 1776 quosdam
461 1735 550 1767 sicut
580 1735 704 1767 Iudam
734 1736 825 1768 inter
851 1736 1024 1778 apostolos
1048 1746 1083 1767 se
1105 1746 1236 1778 yerere.

334 1823 370 1864 1.
408 1822 609 1864 Canisins
652 1824 695 1865 in
728 1825 915 1865 contione
950 1825 1016 1866 14.
1051 1823 1294 1865 Decembris
1328 1826 1441 1866 1561
1475 1825 1693 1877 Auyustae
1732 1824 1775 1864 in
1811 1823 1980 1865 ecclesia

212 1887 450 1929 cathedrali
481 1889 651 1929 habita:
690 1888 782 1939 Fit,
820 1890 976 1944 inquit,
1011 1888 1124 1942 quod
1156 1888 1279 1931 multi
1313 1888 1608 1941 indulgentias
1641 1887 1837 1929 0111111110ξι
1867 1886 1982 1930 ride-

212 1953 289 1993 ant
321 1954 365 1994 et
399 1953 678 2007 conspuantb,
722 1954 893 2007 fugiant
926 1956 971 1996 et
1003 1956 1263 1996 execrentur
1295 1953 1407 1996 sicut
1439 1953 1648 1995 Diabolus
1682 1966 1875 2003 crucem,
1909 1952 1980 2006 qui

212 2016 317 2058 1111111
336 2017 387 2058 (10
409 2017 493 2059 illis
517 2018 659 2061 sciunt
682 2020 751 2061 uel
774 2033 962 2072 unquam
986 2019 1217 2061 audierunt
1233 2018 1621 2061 fundamentaliter
1643 2021 1687 2061 et
1704 2017 1889 2072 proprie.
1911 2054 1918 2061 .
1941 2052 1948 2059 .
1972 2053 1978 2059 .

211 2081 280 2123 Ad
313 2082 392 2124 hoc
428 2083 546 2125 dedit
579 2084 847 2126 occasionem
875 2084 982 2138 proh
1012 2084 1146 2134 dolor,
1180 2084 1293 2137 quod
1326 2084 1451 2125 annis
1482 2082 1774 2137 superioribus
1807 2082 1981 2135 quidam

213 2147 326 2188 male
350 2161 396 2189 se
418 2151 650 2200 gesserunt
672 2164 767 2191 cum
790 2149 1084 2203 indulgentijs,
1118 2149 1258 2201 magis
1282 2151 1541 2201 quaerentes
1574 2147 1751 2202 seipsos,
1787 2150 1831 2189 et
1864 2161 1981 2189 com-

212 2213 384 2254 modum
432 2211 718 2268 [proprium]e
763 2229 892 2268 quam
934 2215 1013 2256 Dei
1059 2213 1312 2263 honorem¹¹‚
1359 2213 1629 2255 commodum
1670 2211 1893 2254 Ecclesiae
1937 2214 1982 2255 et

212 2277 422 2320 salutem‘*
456 2279 710 2322 animarum.

333 2351 371 2392 2.
405 2351 525 2392 Idem
566 2353 611 2393 in
653 2353 840 2393 contione
873 2353 941 2393 19.
974 2350 1218 2392 Decembris
1252 2352 1363 2392 1561
1398 2351 1616 2405 Auqustae
1647 2350 1818 2391 habita:
1859 2347 1981 2398 Quod

213 2413 389 2466 quidam
430 2415 552 2457 abusi
594 2416 681 2458 sint
713 2415 1008 2469 Jndulgentijs
1040 2414 1330 2469 praedicando
1373 2418 1418 2458 et
1449 2414 1675 2456 uendendo
1716 2427 1866 2457 uerum
1899 2415 1979 2463 est,

215 2481 259 2520 et
291 2479 434 2521 nullus
467 2481 714 2523 Catholicus
746 2481 914 2535 probat.
942 2516 948 2522 .
976 2516 984 2523 .
1012 2516 1018 2522 .

332 2550 409 2592 Jta
442 2552 555 2604 quod
587 2565 799 2606 personae
839 2551 1033 2593 sublimis
1073 2551 1205 2593 etiam
1237 2553 1381 2593 status
1418 2550 1462 2592 in
1495 2549 1691 2593 Ecclesia
1732 2563 1779 2592 se
1810 2550 1978 2603 gerant,

215 2614 327 2658 sicut
347 2616 485 2658 Judas
510 2616 624 2659 inter
647 2616 881 2670 Apostolos
913 2616 992 2658 mit
1015 2616 1124 2657 siind
1147 2616 1234 2657 vnd
1256 2615 1433 2666 schand,
1468 2629 1618 2658 uerum
1641 2617 1721 2666 est,
1755 2617 1799 2657 et
1822 2614 1981 2656 Catho-

214 2679 285 2734 licj
319 2694 478 2734 sagens
510 2681 598 2723 vnd
630 2681 835 2735 klagents
868 2681 1101 2724 offentlich.

335 2843 349 2858 3
374 2838 412 2871 V.
439 2849 461 2871 a
491 2838 527 2871 C.
554 2839 631 2881 ipso
657 2838 828 2870 additum.

336 2891 350 2911 b
378 2893 399 2923 6
423 2902 472 2924 ov.
498 2902 570 2934 sqq.
598 2902 620 2924 α
651 2891 686 2924 C.
712 2892 790 2934 ipso
815 2890 940 2923 addita
965 2894 1072 2932 sunt;
1106 2891 1168 2933 qui
1192 2893 1310 2922 tamen
1334 2890 1477 2932 scripsit
1511 2888 1657 2933 fugiunt
1691 2893 1720 2922 et
1754 2889 1980 2922 execrantur.

340 2950 351 2964 ⁰
377 2945 455 2977 Hoc
480 2946 585 2977 etiam
611 2944 711 2978 Riess
735 2944 871 2987 supplet
897 2944 919 2984 (
918 2943 1044 2987 „ihren
1071 2944 1211 2986 eiyenen
1238 2940 1450 2982 Vorthetffl).

337 2997 352 3016 ‘³
382 2998 417 3031 G.
444 2998 517 3040 ipse
541 2999 564 3030 2
589 3009 637 3031 vv.
664 3009 738 3042 sqq.
764 2997 917 3031 addidit.

337 3056 349 3070 θ
376 3052 409 3083 Α
430 3051 467 3084 C.
495 3055 691 3084 correctum
716 3061 759 3084 ex
784 3048 1019 3084 commodum.

343 3197 354 3217 ¹
380 3196 434 3230 Of.
461 3195 590 3230 Matth.
617 3195 674 3237 24,
700 3195 757 3229 24.
855 3194 869 3215 ²
897 3194 913 3228 1
941 3192 1032 3227 Tim.
1057 3193 1090 3234 4,
1119 3193 1150 3227 1.
1194 3192 1211 3226 1
1239 3192 1289 3227 Io.
1314 3192 1347 3232 4,
1374 3192 1406 3226 6.
