2093 3444
224 166 308 206 218
829 159 908 193 595.
945 158 1059 192 Adam
1087 157 1212 192 Holler
1238 156 1392 191 Canisio.

342 276 550 322 „Ministrffl
580 278 698 320 officio
725 288 746 310 a
769 276 913 310 Canis-270
938 275 1008 308 sibi
1031 275 1194 317 imposito
1220 275 1280 306 rix
1306 274 1357 306 ita
1382 273 1588 315 satisfacere
1607 276 1730 316 potest,
1760 277 1795 306 ut
1815 273 1990 306 Victoriae

220 336 352 368 rectori
364 333 548 376 probetur.
587 331 666 374 Qui,
694 331 772 363 licet
790 330 990 371 ceteroquin
1002 328 1168 371 prudens
1185 337 1376 370 rerumque
1396 327 1572 369 providus
1595 328 1652 369 sit,
1675 327 1813 368 fratres
1837 327 1990 360 severius

219 388 330 420 habet.
382 386 589 428 Disputatio
614 384 863 427 tyrum-tensis.
915 381 1146 415 Ferdz’nandz·
1171 381 1328 413 caesaris
1354 380 1561 412 liberalitas.

1019 465 1046 507 J
1049 464 1191 506 hesus.

960 546 1056 588 Pax
1089 545 1252 588 christi.

338 637 583 680 Admodum
627 635 671 677 in
716 634 886 676 Christo
931 634 1185 676 Reuerende
1226 633 1272 676 P.
1342 632 1463 675 Licet
1507 632 1658 686 paucis
1699 634 1801 674 ante
1843 631 1991 674 diebus

220 703 466 758 scripserim
501 702 565 744 R.
601 701 651 744 V.
687 714 800 741 nunc
832 702 978 742 autem
1011 713 1080 740 me
1113 698 1229 751 cogit
1262 697 1463 740 anxietas
1495 697 1627 738 nimia
1660 699 1704 739 et
1736 696 1858 738 dolor
1890 711 1991 738 con-

219 769 366 812 tinuus
399 767 570 821 anjmae
603 770 749 807 meaea
780 764 969 807 scribere
1002 778 1113 818 quae
1145 763 1213 805 hic
1236 766 1439 816 aguntur,
1473 766 1517 804 et
1550 765 1667 804 certe
1699 761 1874 804 liberari
1905 775 1990 804 non

219 834 344 876 ualeo
378 832 460 874 nisi
491 832 573 873 hac
604 831 648 872 in
680 844 727 871 re
752 829 815 872 R.
840 830 891 872 V.
917 829 1019 870 mihi
1053 829 1252 870 consulat
1285 831 1361 870 aut
1383 827 1464 868 hac
1486 826 1529 868 in
1552 841 1598 868 re
1632 826 1824 868 ordinem
1856 826 1991 869 faciat

221 899 323 952 quid
356 897 501 940 facere
535 896 715 938 debeam
749 897 825 937 aut
857 894 1032 949 possim.

337 962 474 1005 Nouit
506 960 770 1003 Reuerentia
803 960 854 1002 V.
890 959 1004 1012 quod
1038 959 1137 1000 dum
1171 973 1239 1000 me
1272 957 1398 999 huicb
1431 957 1550 999 oneri
1584 956 1843 1010 (Ministerio
1878 956 1990 1010 dico)

220 1030 503 1083 praeficeretc
536 1025 786 1081 aperuissed
819 1025 1100 1066 difficultates
1133 1038 1253 1065 meas
1287 1023 1350 1066 R.
1385 1023 1437 1065 V.
1472 1025 1517 1065 et
1549 1022 1732 1075 denique
1764 1035 1832 1064 me
1874 1022 1991 1064 nullo

218 1096 347 1148 pacto
381 1096 531 1147 aptum
564 1092 618 1133 ad
651 1092 740 1133 tale
764 1090 949 1133 offitium
985 1088 1100 1144 [esse
1131 1087 1268 1143 dixi]e
1301 1088 1413 1142 quod
1441 1102 1552 1129 nunc
1586 1088 1702 1130 clare
1734 1087 1858 1129 uideo
1891 1087 1992 1140 quia

220 1158 324 1200 nihil
358 1159 504 1199 facere
546 1171 720 1211 possum
764 1158 839 1198 aut
881 1158 998 1197 certe
1033 1169 1183 1209 parum
1228 1154 1340 1207 quod
1374 1154 1628 1195 Reuerendo
1663 1153 1779 1207 patri
1811 1153 1993 1194 nostro1

220 1224 405 1278 placeat.
455 1222 551 1264 Dixi
575 1222 749 1264 tandem
777 1256 784 1263 .
810 1235 877 1262 me
900 1219 1185 1262 libentissime
1208 1220 1426 1262 facturum
1449 1219 1593 1261 onmia
1620 1218 1683 1272 (et
1704 1218 1748 1260 in
1771 1220 1992 1272 posterum

221 1288 396 1341 faciam)
431 1300 712 1341 quaecunque
744 1290 919 1341 potero,
953 1290 997 1328 et
1030 1300 1311 1339 quaecunque
1343 1284 1619 1327 sanctissima
1652 1283 1896 1326 obedientia
1927 1282 1993 1324 in-

220 1354 424 1396 iunxerit.
488 1353 698 1407 Proposui
731 1352 860 1394 etiarn
895 1351 1139 1393 Reuerendi
1172 1351 1316 1393 Patris
1348 1350 1484 1403 nostrj
1525 1349 1802 1392 infirmitates
1840 1348 1993 1402 quibus

221 1419 366 1474 sepius
399 1417 659 1461 commoneri
692 1418 803 1460 solet
836 1416 967 1470 (nunc
989 1430 1092 1458 uero
1116 1416 1337 1469 maxime).
1385 1416 1478 1469 Ego
1511 1429 1614 1457 uero
1637 1415 1764 1457 facile
1796 1414 1949 1456 turbor
1982 1449 1990 1457 .

223 1499 301 1527 nec
335 1484 487 1526 mirum
523 1498 618 1525 cum
651 1486 718 1525 tot
751 1483 838 1525 sint
870 1482 907 1524 ei
941 1482 1119 1535 negotia
1150 1481 1399 1536 peragenda
1430 1481 1473 1523 in
1507 1483 1597 1523 tam
1630 1479 1812 1522 diuersis
1843 1479 1948 1521 locis
1983 1513 1990 1521 .

222 1551 280 1593 Jn
311 1551 395 1592 fine
427 1549 469 1590 ni
502 1549 631 1591 fallor
665 1549 727 1592 ,R
764 1548 814 1591 V.
849 1547 960 1590 hanc
993 1547 1095 1589 mihi
1138 1549 1402 1602 potestatem
1436 1547 1555 1589 dedit
1587 1546 1700 1599 quod
1736 1545 1992 1587 facultatem

223 1616 327 1657 dare
368 1615 528 1669 possim
571 1614 742 1656 bibendi
784 1613 870 1655 illis
912 1613 982 1667 quj
1024 1612 1293 1668 potissimum
1338 1612 1534 1665 indigent
1550 1613 1579 1654 2.
1622 1611 1665 1653 id
1706 1614 1851 1653 tamen
1895 1624 1992 1652 cum

223 1680 503 1730 discretione,
547 1680 659 1733 quod
693 1679 864 1732 quidem
896 1679 1107 1720 hactenus
1139 1678 1235 1720 feci.
1300 1677 1426 1719 Nunc
1459 1691 1562 1719 uero
1605 1677 1745 1719 altera
1780 1675 1848 1717 die
1881 1687 1992 1728 quae

223 1749 318 1787 erat
366 1745 441 1787 15s
472 1745 738 1799 Septembris
780 1744 1129 1787 exhortationem
1169 1743 1320 1785 habuit
1360 1743 1415 1785 ad
1456 1742 1617 1784 fratres
1655 1741 1992 1796 (praecedebant

221 1811 333 1853 aliae
366 1810 694 1853 exhortationes
726 1809 823 1863 alijs
856 1809 1006 1851 diebus
1033 1812 1082 1851 vt
1114 1808 1355 1862 quicunque
1386 1808 1600 1850 haberent
1632 1807 1820 1860 aliquam
1852 1805 1992 1848 facul-

221 1879 358 1919 tatem
402 1876 468 1917 uel
503 1890 528 1917 a
561 1875 814 1929 proujnciali
856 1875 923 1917 uel
957 1875 1010 1916 ab
1044 1874 1140 1928 alijs
1183 1874 1219 1915 ei
1258 1873 1604 1927 significarent)3
1644 1886 1730 1926 qua
1770 1870 1993 1914 admonuit

340 2017 353 2030 ⁴¹¹
382 2022 482 2043 maee
509 2014 646 2053 autoyr.
746 2009 759 2029 ¹³
788 2009 958 2052 Sequitur
984 2007 1102 2052 operi,
1130 2008 1174 2040 ab
1201 2008 1246 2040 H.
1275 2007 1522 2040 oblitteratmn.

341 2071 351 2083 ⁶
377 2063 577 2097 Ministerio
604 2062 682 2096 dico
710 2062 922 2107 praeficeret
947 2066 1020 2094 ctzct.
1118 2060 1133 2080 ‘¹
1161 2060 1242 2102 δίε,-
1266 2061 1326 2093 secl
1350 2060 1574 2093 scribendum
1601 2063 1678 2092 erat
1703 2056 1839 2102 aperui.

339 2124 349 2137 ⁶
377 2118 476 2150 llaec
504 2117 552 2150 cel
575 2117 709 2150 similia
735 2116 932 2159 supplenda
959 2126 1028 2148 esse
1054 2125 1110 2147 res
1137 2116 1212 2157 ipsa
1241 2114 1398 2147 ostendit.

346 2171 357 2190 s
380 2171 399 2204 5
428 2171 547 2209 Hem,-
572 2175 608 2203 at
634 2174 707 2203 tota
734 2170 884 2212 epistula
910 2173 939 2201 et
975 2170 1129 2201 nzaxt'me
1150 2169 1271 2210 prima
1300 2172 1329 2199 et
1355 2170 1512 2199 extrema
1547 2166 1622 2198 eius
1655 2165 1760 2198 verba
1795 2164 1991 2207 ostendunt,

223 2235 298 2257 eam
329 2224 370 2257 15
397 2225 551 2257 seribere
576 2224 627 2256 rel
654 2224 800 2256 coluisse
828 2223 875 2255 rel
901 2222 1068 2255 debuisse.

225 2347 287 2389 „G.
315 2347 379 2392 Ep.
407 2347 460 2381 11⁴⁴
492 2348 515 2380 f.
544 2346 638 2390 64¹¹).
692 2345 803 2388 Quem
832 2345 997 2379 Canisius
1025 2343 1253 2389 praepositus
1288 2342 1539 2388 provincialis,
1575 2353 1656 2376 cum
1682 2340 1866 2375 mensibus
1892 2339 1991 2373 Iunio

221 2402 258 2434 et
283 2400 373 2434 Iulio
400 2412 430 2434 a.
459 2400 546 2434 1561
576 2399 669 2433 idem
706 2399 897 2442 collegium
932 2397 1118 2439 visitaret,
1155 2396 1296 2440 collegii
1327 2395 1570 2438 „ministrum“
1601 2395 1700 2436 sive,
1738 2395 1779 2428 ut
1803 2393 1839 2427 in
1865 2392 1992 2427 iisdem

221 2453 355 2487 litteris
381 2453 562 2493 scribitur,
593 2452 901 2494 „Vicerectorem‘
932 2450 1188 2491 constituerat3
1216 2450 1260 2484 cf.
1288 2460 1398 2494 supra
1424 2461 1456 2494 p.
1487 2449 1565 2482 196.

345 2507 355 2527 ¹
382 2507 504 2540 Ioanni
531 2506 574 2540 de
600 2505 773 2545 Victoria,
801 2505 943 2549 collegii
970 2503 1249 2538 vindobonensis
1274 2502 1419 2537 rectori.

341 2560 355 2580 ‘-’
386 2560 454 2602 „Vt
480 2559 688 2593 consulatur
713 2559 932 2599 ualetudini,
971 2570 1074 2592 nemo
1110 2559 1215 2591 extra
1250 2557 1422 2590 consueta
1456 2557 1619 2599 tempora
1654 2554 1789 2598 absque
1819 2552 1992 2586 facultate

222 2613 363 2647 bibeff:
403 2613 457 2647 Ita
496 2612 580 2646 olim
616 2614 752 2656 Reqnza
791 2613 983 2646 communis
1020 2615 1050 2645 6.
1090 2610 1191 2654 (Cod.
1231 2609 1392 2654 ‚Scripta
1424 2609 1463 2642 B.
1491 2607 1530 2642 P.
1567 2607 1652 2642 Can.
1679 2607 1722 2641 X.
1750 2607 1813 2640 K.“
1844 2606 1868 2639 f.
1896 2605 1990 2648 69³).

223 2666 322 2708 Quae
349 2669 474 2711 postea
499 2665 593 2700 inter
620 2666 763 2699 easdem
790 2665 936 2708 regulas
965 2665 1018 2699 16.
1046 2664 1123 2698 loco
1150 2664 1267 2708 posita
1293 2664 1329 2696 et
1354 2662 1407 2696 sic
1425 2663 1564 2695 mutata
1591 2663 1665 2695 est:
1697 2659 1767 2702 „Ut
1784 2658 1993 2694 consulatur

223 2719 443 2760 valetudini,
481 2731 585 2753 nemo
621 2721 726 2753 extra
762 2721 934 2753 consueta
972 2720 1135 2763 tempora
1160 2717 1278 2758 bibat,
1316 2727 1384 2750 nec
1410 2718 1514 2749 extra
1540 2715 1692 2748 Domum
1717 2713 1836 2748 cibum
1861 2714 1991 2753 sumat,

222 2773 358 2816 absque
393 2772 570 2806 facultate
606 2770 826 2816 Superioris“
869 2770 1091 2815 (Institurum
1127 2769 1160 2804 S.
1188 2770 1220 2804 J.
1250 2770 1318 2809 ΙΙΙ,
1357 2769 1524 2810 10-11).
1578 2767 1775 2814 „Tempora
1808 2767 1991 2807 consueta,

224 2837 375 2870 quorum
401 2825 617 2859 mentionem
644 2825 734 2859 facit
757 2823 901 2867 regula,
938 2826 1022 2858 sunt
1048 2823 1176 2858 solitae
1202 2822 1409 2857 refectionis
1435 2824 1617 2866 tempora:
1653 2819 1812 2866 prandij,
1849 2829 1991 2860 coenae,

223 2881 260 2914 et
286 2879 456 2913 coenulae
482 2891 546 2913 seu
581 2878 783 2913 collationis
809 2878 1057 2923 vespertinae,
1093 2880 1135 2911 vt
1160 2875 1335 2920 Theologi
1369 2875 1584 2920 loquuntur,
1620 2873 1745 2908 diebus
1779 2872 1991 2907 ieiuniorum

223 2934 332 2977 atque
351 2933 611 2967 abstinentia&
629 2945 635 2966 :
655 2933 709 2966 Ita
728 2931 872 2976 quidem
890 2931 974 2965 olim
989 2933 1057 2965 ΙιιΖ.
1074 2932 1274 2974 Niyronias
1289 2929 1323 2964 S.
1337 2929 1359 2963 J
1363 2957 1381 2970 .,
1400 2928 1562 2972 Regvlae
1581 2937 1787 2962 commvnes
1801 2925 1992 2960 Societatis

225 2986 315 3020 Jesv
341 2985 616 3030 Commentarijs
645 2985 821 3019 Asceticis
846 2984 1061 3019 illustratae.
1111 2983 1175 3018 Ed.
1203 2983 1223 3017 3
1252 2981 1437 3026 (Coloniae
1464 2980 1686 3025 Agrippinae
1714 2978 1822 3023 1617)
1849 2990 1883 3024 p.
1911 2978 1989 3012 324.

345 3039 358 3059 ³
384 3038 464 3083 Ipse
490 3040 647 3072 Lainius
681 3037 905 3083 praepositus
940 3036 1119 3081 generalis
1145 3048 1175 3070 a.
1205 3036 1296 3070 1560
1331 3035 1646 3080 pronuntiaverat:
1680 3033 1853 3067 Rectores
1879 3031 1991 3066 Sociis

224 3091 293 3126 sibi
318 3092 473 3126 subditis
499 3091 713 3126 facultatum
742 3102 762 3125 a
788 3091 992 3135 praeposito
1018 3088 1178 3133 generali
1213 3088 1273 3122 vel
1298 3087 1511 3133 provinciali
1546 3087 1775 3131 acceptarum
1800 3096 1906 3119 usum
1931 3083 1990 3119 vel

225 3145 445 3189 restringere
471 3144 531 3179 vel
557 3144 684 3178 tollere
710 3155 816 3189 posse
845 3143 952 3188 (Can.
980 3143 1069 3188 Epp.
1098 3142 1139 3184 ΙΙ,
1168 3141 1265 3185 733).
