2093 3444
580 179 749 222 Augusta
774 177 1043 212 Vindelicorum
1071 175 1102 209 3.
1129 174 1218 209 Maii
1247 175 1348 208 1561.

966 291 968 364 l

967 365 969 414 ι

968 490 970 508 l

968 544 969 548 Ἰ
988 509 1100 541 ratur.

1772 173 1853 216 135

987 294 1128 327 tantum
1167 291 1363 326 autoritate
1397 290 1521 325 ualeat
1555 292 1632 324 tuni
1668 292 1762 335 apud
1798 303 1857 324 ex-

988 349 1132 381 traneos
1159 348 1235 380 tum
1261 347 1424 388 nostros,
1456 344 1569 385 unde,
1602 355 1668 378 nec
1695 346 1768 385 est,
1796 344 1857 388 qui

988 402 1129 434 tanturn
1157 399 1400 439 desideretur,
1437 396 1522 441 quia
1554 409 1599 431 ex
1634 397 1731 431 illius
1757 409 1857 442 prae-

988 453 1105 487 sentia
1141 453 1254 486 maior
1285 463 1393 496 quam
1429 451 1578 485 alterius
1614 450 1754 485 fructus
1780 463 1858 495 spe-

1151 506 1302 540 Accedit
1333 505 1426 549 quod
1463 504 1635 538 audacius
1663 516 1754 548 quae
1787 506 1859 538 sta-

969 560 1122 596 ,tuenda
1148 559 1328 599 videntur,
1356 560 1567 592 statuuntur
1592 558 1627 591 in
1654 558 1861 602 praesentia

988 614 1103 659 ipsius
1121 612 1327 658 superioris,
1347 623 1453 656 quam
1473 611 1633 653 alterius,
1653 611 1860 652 intellectis,

969 659 971 670 ²
990 669 1034 702 ad
1056 666 1287 702 statuendum
1303 677 1395 709 quae
1414 666 1555 709 urgent,
1574 664 1784 706 rationibus,
1802 664 1862 698 uel

143 776 164 810 2
190 776 270 811 Non
288 776 432 811 videtur
459 776 664 821 expediens,
691 778 731 810 ut
756 775 849 810 alius
875 775 952 809 loco

85 830 125 865 P.
153 829 287 876 Canisij
326 830 372 864 ad
409 829 656 864 visitationem
692 829 954 874 proficiscentis

83 882 143 917 hic
169 883 410 925 concionetur‚
438 882 521 927 quia
545 883 621 917 eius
640 883 816 917 autoritas
841 882 954 916 minui

84 936 282 977 uideretur,
301 936 331 970 si
351 936 444 971 alius
458 936 628 982 placeret,
650 936 760 981 (sicut
774 936 954 981 placuisse

84 989 230 1025 videtur
257 990 316 1025 .M.
343 990 581 1033 Martinus¹‚)
616 989 741 1034 Neque
776 989 840 1024 illa
875 1001 954 1024 con-

86 1043 308 1078 cionatorum
344 1043 497 1078 mutatio
523 1043 617 1078 forte
644 1044 825 1078 conferret
859 1043 954 1077 audi-

86 1097 198 1139 torio,
232 1097 317 1131 dum
343 1096 401 1131 uel
428 1096 595 1131 diuersaa
627 1109 648 1131 a
674 1097 853 1142 prioribus
878 1109 955 1142 pro-

86 1152 232 1196 ponunt,
259 1150 319 1185 vel
346 1151 490 1185 easdem
508 1150 681 1185 materias
707 1162 776 1184 non
803 1151 854 1185 ita
879 1163 956 1196 pro-

86 1206 298 1249 sequuntur,
325 1206 366 1238 ut
391 1204 453 1238 ille
479 1204 628 1246 faceret,
655 1204 716 1248 qui
741 1204 911 1238 instituit.

990 732 1082 766 quae
1108 719 1309 759 retrahunt,
1336 718 1613 764 impedimentis.

1050 774 1071 807 2
1098 774 1177 808 Non
1203 774 1349 818 putatur
1387 773 1581 806 offuturum
1617 772 1694 806 eius
1731 771 1861 805 autori-

989 828 1067 868 tati,
1095 828 1187 871 quod
1215 827 1308 861 alius
1334 839 1397 872 pro
1424 838 1464 860 eo
1491 825 1730 867 concionetur,
1759 825 1862 869 quin-

992 882 1061 915 imo
1097 883 1221 915 contra
1262 881 1490 925 profuturum
1535 879 1644 913 etiam
1686 878 1862 920 societati,

991 937 1032 968 ut
1074 934 1320 977 intelligerent
1359 933 1534 968 Catholici
1577 945 1646 967 non
1691 944 1770 966 eum
1811 931 1862 966 .P.

992 990 1134 1022 tantum
1162 999 1242 1022 esse
1269 987 1575 1029 concionatorem,
1609 989 1645 1021 et
1671 985 1864 1020 haereticis

992 1042 1054 1076 ilia
1080 1043 1333 1086 rumperentur
1352 1041 1435 1074 dum
1463 1052 1544 1075 cum
1568 1040 1731 1086 pluribus
1756 1051 1864 1083 nego-

993 1095 1088 1129 cium
1114 1095 1183 1129 sibi
1219 1106 1299 1128 esse
1326 1096 1534 1134 cernerent;
1572 1096 1608 1128 et
1634 1096 1768 1138 quanto
1801 1092 1864 1134 issi,

995 1148 1056 1193 qui
1083 1148 1160 1182 eius
1186 1148 1264 1182 loco
1292 1148 1414 1181 venire
1442 1150 1608 1192 possent,
1646 1146 1764 1191 magis
1790 1146 1864 1191 pla-

994 1204 1128 1243 cerent,
1156 1213 1196 1236 eo
1215 1202 1297 1247 plus
1315 1201 1479 1236 societati
1505 1201 1549 1236 ad
1569 1200 1738 1235 Diuinum
1758 1200 1866 1234 hono-

995 1267 1071 1289 rem
1097 1255 1304 1290 autoritatis
1331 1255 1530 1290 accederet.

1056 1309 1076 1343 3
1113 1308 1212 1350 Quod
1251 1309 1283 1343 si
1320 1308 1442 1343 nullus
1480 1308 1589 1342 etiam
1627 1307 1663 1341 in
1701 1307 1867 1341 absentia

996 1362 1117 1397 Patris
1161 1362 1294 1408 Canisij
1339 1362 1632 1403 concionaretur,
1676 1360 1867 1395 dummodo

976 1413 1334 1467 ]R2eiierendissiiiiiis
1361 1416 1562 1451 Cardinalis
1589 1415 1634 1449 ad
1662 1413 1868 1459 Capitulum

154 2274 174 2308 3
220 2274 270 2308 .P.
309 2273 478 2319 Lanoyus
526 2274 665 2309 faceret
705 2273 742 2308 in
783 2263 984 2313 uisitandol

94 2327 196 2369 satis,
223 2327 284 2372 qui
310 2328 419 2362 etiam
446 2328 546 2362 nouit
572 2327 743 2371 Collegia.

155 2382 178 2415 4
204 2380 240 2416 Si
261 2381 311 2416 .P.
331 2381 558 2416 Prouinciale
585 2382 629 2416 ad
647 2381 869 2416 uisitandum
886 2393 964 2427 pro-

95 2434 201 2477 fecto,
228 2434 352 2469 nullus
377 2434 436 2469 hic
462 2434 747 2477 concionaretur,
774 2435 964 2470 collectum

95 2489 285 2532 Augustae
311 2488 529 2523 auditorium
563 2488 657 2523 forte
685 2488 963 2534 dispergeretur.

95 2541 175 2576 Non
201 2541 346 2576 videtur
377 2544 498 2576 autem
527 2542 588 2587 qui
612 2542 683 2576 huc
718 2542 814 2577 mitti
840 2542 965 2588 possit,

96 2597 240 2641 praeter
283 2594 335 2629 .D.
375 2595 607 2630 Lambertum
621 2596 649 2637 ⁸,
693 2607 799 2640 quem
837 2596 881 2630 V.
924 2596 964 2630 P.

95 2649 320 2693 Moguntinis
355 2649 538 2684 concedit:
577 2650 640 2683 aut
674 2650 723 2684 M.
757 2649 965 2689 Martinum,

97 2702 159 2747 qui
184 2705 307 2737 tamen
332 2702 460 2737 abesse
486 2715 507 2736 a
533 2703 721 2737 monachio
746 2715 816 2737 non
835 2705 965 2748 potest,

97 2756 183 2801 quia
220 2756 268 2790 M.
304 2755 447 2790 Dirsius
488 2767 554 2790 nec
591 2757 712 2801 potest
753 2755 844 2791 satis
886 2768 986 2803 con-j

98 2809 262 2844 cionandi
311 2809 452 2843 muneri
493 2808 614 2844 facere
655 2811 803 2855 propter
843 2809 986 2844 remis-³

97 2862 235 2898 sionem
269 2862 389 2903 uocis,
424 2873 490 2896 nec
522 2863 553 2896 si
578 2864 702 2908 posset
734 2862 879 2907 quidem
914 2861 967 2895 illi

97 2916 170 2950 iam
188 2916 224 2950 in
241 2915 456 2950 lectionibus
470 2918 643 2961 occupato
662 2915 808 2960 (quibus
822 2917 968 2960 propter
985 2951 987 2959 ¹

217 3023 231 3038 a
257 3016 382 3051 diuesa
407 3017 455 3050 H.

222 3121 232 3140 ¹
259 3119 539 3159 Stevordianus3
567 3117 650 3152 vide
675 3128 786 3162 supra
812 3129 846 3162 p.
875 3117 954 3152 130.

220 3172 234 3191 ²
258 3172 416 3207 Michael
441 3171 667 3215 Dornvogel;
693 3171 777 3205 vide
803 3182 913 3216 supra
939 3182 972 3216 p.

997 1470 1180 1511 scriberet,
1209 1472 1248 1503 ut
1267 1469 1525 1514 acquiesceret,
1552 1468 1642 1502 nihil
1661 1466 1868 1502 detrimenti

997 1525 1191 1569 acceptura
1218 1524 1385 1566 Augusta
1412 1522 1571 1564 videtur,
1606 1522 1688 1556 dum
1716 1520 1870 1555 recreati

997 1578 1141 1621 utrique
1176 1577 1309 1620 integri
1344 1576 1480 1620 magis,
1517 1578 1620 1621 pater
1655 1576 1699 1610 ad
1732 1573 1869 1609 concio-

997 1631 1175 1672 nandum,
1211 1630 1393 1664 auditores
1429 1630 1473 1664 ad
1501 1629 1717 1664 audiendum
1753 1629 1870 1663 erunt.

998 1685 1067 1719 Sed
1092 1696 1159 1719 nec
1185 1684 1262 1718 sine
1287 1684 1456 1718 concione
1474 1684 1689 1727 Augustana
1707 1681 1871 1717 Ecclesia

997 1738 1167 1772 manebit.
1220 1737 1503 1781 Suffraganeus²
1539 1736 1652 1777 enim,
1690 1736 1749 1780 qui
1776 1746 1871 1769 nunc

999 1792 1108 1826 etiam
1135 1791 1289 1835 singulis
1317 1790 1505 1825 dominicis
1541 1792 1576 1824 et
1612 1790 1719 1824 festis
1745 1789 1870 1823 diebus

999 1845 1246 1880 ecclesiastem
1281 1846 1363 1890 post
1388 1844 1577 1889 prandium
1615 1844 1712 1888 agit,
1749 1844 1872 1888 posset

999 1901 1138 1933 mutare
1157 1898 1361 1933 concionem
1378 1898 1414 1932 in
1427 1898 1550 1932 horam
1568 1898 1618 1932 .P.
1634 1896 1873 1931 Prouincialis

999 1951 1332 1993 antemeridianam,
1359 1951 1453 1986 sicut
1479 1953 1515 1986 et
1539 1951 1630 1986 alias
1648 1952 1786 1985 factum
1804 1952 1871 1984 est.

1059 2006 1081 2040 4
1120 2005 1222 2040 Vnde
1260 2017 1331 2039 non
1369 2005 1440 2039 erit
1475 2005 1621 2039 difficile
1659 2004 1766 2038 nimis
1804 2003 1872 2038 hoc

1001 2059 1167 2105 Capitulo
1194 2059 1431 2104 persuadere,
1468 2070 1550 2093 cum
1575 2058 1620 2093 ad
1646 2058 1757 2092 breue
1783 2061 1872 2091 tem-

1001 2125 1068 2158 pus
1105 2112 1312 2156 intelligant
1354 2112 1472 2158 ipsum
1511 2111 1766 2152 abfuturumb,
1812 2110 1872 2154 (de

1002 2166 1152 2201 concilio
1187 2166 1258 2200 alia
1284 2166 1377 2200 ratio
1404 2168 1478 2208 est,
1514 2177 1594 2200 cum
1630 2165 1769 2199 incerta
1795 2164 1872 2198 eius

982 2232 1102 2254 =mora
1127 2219 1190 2264 sit)
1229 2221 1265 2253 et
1291 2219 1408 2253 sciant
1433 2219 1468 2253 id
1495 2218 1654 2253 muneris
1681 2219 1725 2252 ad
1753 2218 1872 2263 ipsum

1002 2276 1142 2319 patrem
1169 2274 1345 2318 spectare.

1064 2753 1084 2788 5
1111 2753 1215 2787 Hanc
1232 2753 1482 2788 remissionem
1507 2751 1618 2786 animi
1644 2763 1665 2785 a
1691 2750 1766 2786 suis
1793 2762 1874 2785 con-

1004 2807 1166 2841 cionibus
1204 2806 1256 2850 (in
1282 2807 1412 2850 quibus
1447 2807 1545 2840 certe
1570 2804 1788 2850 permultum
1823 2803 1874 2838 la-

1002 2860 1121 2904 borat)
1151 2861 1369 2905 praeteritus
1394 2859 1496 2894 labor
1521 2860 1556 2894 in
1575 2857 1874 2904 quadragessima

1005 2914 1190 2960 postula-re
1216 2913 1370 2948 uidetur.

553 3016 569 3037 ¹³
594 3018 641 3050 10
664 3027 713 3049 vv.
740 3027 812 3060 sqq.
840 3016 884 3048 ab
910 3016 957 3049 H.
984 3016 1024 3048 in
1048 3025 1163 3058 mary.
1190 3014 1316 3047 addita
1342 3017 1435 3047 sunt.

1002 3170 1103 3204 129³.
1203 3170 1217 3190 ³
1242 3170 1360 3204 Auer:
1387 3167 1433 3202 cf.
1461 3179 1571 3213 supra
1598 3179 1631 3213 p.
1661 3167 1739 3202 129.
