2093 3444
216 183 299 223 268
417 179 496 214 613.
531 180 683 213 Ioannes
710 180 752 213 de
778 179 940 214 Victoria
968 179 1120 214 Canisio.
1164 180 1375 215 Vindobona
1401 182 1456 216 24.
1484 181 1650 217 Octobris
1680 184 1780 218 1561.

210 292 386 345 quidam
419 291 687 333 Secretarius
720 292 856 334 Italus
890 292 962 345 qui
1003 292 1086 335 fuit
1118 293 1233 346 apud
1274 296 1493 336 oratorem
1525 294 1864 347 Mantuanum1,
1908 311 1980 339 ac-

208 360 335 411 cepta
387 356 569 411 pecunia
617 356 682 398 sui
729 357 914 408 laboris,
971 371 1100 411 quam
1148 358 1335 400 arbitror
1385 358 1505 400 iussu
1552 359 1770 413 magnifici
1822 361 1982 404 domini

205 422 486 464 Maresealk2
518 424 767 464 statuerant
801 423 853 464 ab
888 436 1023 464 vxore
1050 422 1226 477 Quadrij
1261 423 1399 465 bonae
1432 427 1658 466 monetaea
1682 423 1743 479 [P]
1778 426 1978 477 dandam,

207 487 379 540 aufugit
412 502 507 528 cum
540 489 806 529 testamento
841 490 886 530 et
918 487 1101 541 pecunia
1133 487 1176 529 in
1208 488 1404 531 Jtaliam.
1465 488 1586 538 Quod
1618 490 1691 531 vbi
1723 490 1884 534 Caesar
1915 491 1981 534 in-

207 553 380 595 tellexit
417 552 547 606 jussit
588 555 636 595 vt
676 553 830 595 literae
872 552 1165 595 scriberentur
1207 553 1303 607 ducj
1342 554 1637 606 Mantuano3,
1679 555 1833 599 merito
1875 571 1981 599 sane

208 617 449 672 puniendus
490 631 677 671 nequam
708 618 781 659 ille
813 618 995 661 veniret.
1059 618 1234 661 Literae
1275 619 1434 662 missae
1476 622 1578 662 sunt
1619 621 1674 662 ad
1707 621 1872 665 ducem.
1937 622 1982 664 Si

208 683 291 725 huc
323 682 494 726 venerit
526 683 703 725 tandem
736 686 1061 734 testamentum,
1097 684 1343 726 curabimus
1375 688 1424 727 vt
1457 684 1547 727 eius
1580 685 1704 740 copia
1736 687 1825 730 fiat.

327 748 498 790 Literas
532 748 871 801 quadrimestres
903 749 947 790 in
970 749 1120 790 vrbem
1152 764 1237 791 non
1269 750 1475 800 misimus,
1509 764 1610 793 nam
1640 753 1980 806 expectabamus

207 813 401 868 recipere
434 828 459 855 a
482 813 532 856 R.
557 817 587 856 t.
623 814 847 868 exemplar
868 814 1046 856 missum
1080 815 1368 866 emendatum,
1403 819 1452 858 vt
1475 816 1598 869 quasi
1631 830 1686 858 ex
1709 817 1980 872 autographo

209 879 302 933 ipso
344 878 512 932 reliqua
545 879 812 933 exemplaria
845 879 1261 930 transcriberentur,
1305 881 1620 934 emendataque
1658 882 1937 925 mitterentur
1970 917 1979 926 .

209 944 303 986 Hoc
326 958 430 985 vero
465 943 565 997 quia
598 944 762 987 factum
795 958 880 985 11011
914 946 981 986 est
1015 978 1023 994 ,
1058 945 1251 987 commisi
1274 947 1323 987 vt
1354 946 1508 987 melius
1541 947 1901 998 describerentur,
1936 950 1980 991 et

210 1009 369 1064 partim
409 1009 453 1050 in
485 1010 657 1059 vrbem,
700 1009 860 1063 partim
903 1010 957 1051 ad
990 1010 1040 1052 R.
1074 1013 1105 1052 t.
1145 1012 1196 1052 10
1230 1011 1498 1064 exemplaria
1536 1011 1836 1063 mitterentur,
1881 1027 1980 1067 pro-

208 1074 358 1117 lixitas
381 1074 551 1116 facilius
574 1074 759 1116 rescindi
782 1077 942 1128 potest,
978 1090 1107 1128 quam
1130 1075 1358 1130 impuritas
1380 1075 1494 1118 forte
1516 1076 1611 1119 tolli
1643 1077 1854 1119 sermonis
1878 1080 1946 1120 etc
1971 1113 1978 1121 .

328 1140 485 1181 Nullus
519 1143 586 1182 est
627 1140 741 1194 apud
783 1154 861 1181 nes
902 1140 1096 1182 infirmus
1129 1141 1210 1182 1100
1251 1143 1447 1196 tempore
1480 1142 1571 1184 Deo
1613 1142 1730 1193 laus,
1774 1145 1819 1185 et
1860 1142 1981 1185 nouit

209 1205 406 1247 dominus
449 1207 611 1258 quanto
653 1208 755 1247 sunt
796 1205 913 1247 cordi
957 1205 1080 1247 nobis
1112 1206 1292 1259 infirmj,
1336 1206 1489 1260 quibus
1530 1207 1658 1261 plane
1700 1208 1982 1251 vehementer

207 1274 408 1324 optamus
441 1284 495 1312 ne
528 1270 757 1324 quicquam
780 1271 867 1313 vlla
900 1271 942 1312 in
975 1285 1021 1313 re
1055 1271 1178 1314 desit.
1223 1271 1354 1314 Trahi
1377 1272 1432 1314 ad
1461 1273 1717 1315 societatem
1742 1273 1981 1315 Germanos

208 1335 481 1389 aliquomodo
515 1350 599 1378 11011
632 1336 783 1389 ignoro
826 1336 1116 1378 exterioribus
1157 1336 1252 1379 istis
1290 1338 1692 1389 commoditatibus,
1736 1339 1812 1380 sed
1842 1352 1979 1393 paruo

209 1415 303 1443 meo
336 1400 504 1451 iudicio,
540 1400 640 1454 quia
672 1401 784 1443 male
817 1401 908 1443 fere
941 1415 1111 1456 semper
1143 1405 1187 1444 et
1219 1416 1315 1444 cum
1348 1403 1557 1453 omnibus,
1594 1403 1666 1456 qui
1699 1404 1779 1446 hac
1811 1403 1980 1447 ratione

209 1466 353 1519 aliquo
386 1466 533 1516 modo,
576 1467 645 1508 vel
679 1470 857 1521 propter
888 1466 1032 1509 studia
1064 1481 1110 1509 se
1143 1467 1265 1509 nobis
1297 1467 1589 1511 adiunxerunt
1620 1468 1853 1519 successit,
1893 1483 1980 1511 ser-

211 1532 350 1573 uanda
398 1534 514 1574 esset
557 1531 779 1575 societatis
828 1533 1093 1574 consuetudo
1142 1533 1380 1574 communis
1428 1533 1624 1575 omnibus
1672 1533 1887 1588 collegijs,
1937 1536 1981 1577 et

209 1597 446 1639 curandum
480 1600 528 1640 vt
560 1596 681 1639 recta
722 1612 916 1652 puraque
956 1597 1196 1640 intentione
1238 1612 1333 1640 sese
1375 1599 1453 1640 deo
1491 1613 1602 1640 Vnus
1643 1599 1808 1653 potius,
1852 1613 1980 1653 quam

210 1663 296 1705 alia
328 1662 497 1704 ratione
529 1676 621 1713 sex,
657 1665 945 1706 consecraret.
990 1662 1104 1705 Nam
1138 1666 1187 1706 vt
1219 1663 1279 1705 illi
1312 1678 1470 1717 magno
1493 1663 1649 1706 solatio
1682 1664 1765 1707 toti
1797 1663 1980 1718 collegio

210 1731 333 1778 sunt,
380 1728 442 1770 ita
484 1728 557 1771 isti
599 1728 635 1769 si
680 1728 751 1781 qui
797 1728 994 1779 fuerunt,
1042 1731 1086 1770 et
1127 1729 1293 1771 vtinam
1339 1743 1423 1771 11011
1468 1729 1674 1780 fuissent,
1720 1729 1806 1772 ista
1849 1729 1892 1771 in
1933 1743 1980 1771 se

210 1793 356 1847 ipsosb
390 1792 451 1847 [Ρ]
486 1797 705 1843 amantes,
749 1797 982 1837 sexcentas
1022 1794 1145 1836 nobis
1186 1798 1449 1848 pepererunt
1489 1795 1734 1845 molestias,
1777 1794 1872 1838 istis
1905 1794 1982 1836 vix

211 1858 440 1912 quicquam
469 1873 658 1912 vnquam
691 1859 849 1913 placet,
882 1874 1022 1913 neque
1055 1861 1103 1901 fit
1135 1859 1243 1901 satis
1266 1860 1355 1901 vlla
1387 1859 1569 1911 ratione,
1603 1860 1647 1901 in
1678 1860 1776 1911 illis,
1811 1859 1846 1902 si
1880 1860 1981 1913 quid

210 1923 272 1966 eis
306 1924 536 1977 aliquando
571 1925 703 1976 desit,
739 1939 789 1967 ac
821 1924 916 1967 ideo
950 1924 1194 1968 tentatione
1227 1926 1477 1979 pulsantur,
1520 1925 1663 1968 facit
1697 1928 1816 1968 certe
1849 1925 1980 1968 deus

211 2003 326 2031 cum
368 1990 694 2033 tentatione
735 1991 1110 2044 prouentum&

330 2055 685 2098 Commendatum
718 2058 785 2098 est
817 2055 902 2097 illis
934 2055 1087 2109 quibus
1120 2055 1199 2097 hoc
1230 2054 1451 2105 incumbit,
1485 2057 1535 2098 vt
1567 2056 1616 2098 R.
1641 2056 1689 2100 T.
1722 2055 1858 2099 totius
1891 2055 1978 2098 col-

208 2120 310 2173 legij
344 2123 387 2162 et
419 2120 608 2162 maxime
641 2121 840 2164 Hectoris
872 2135 1013 2163 mores
1046 2121 1171 2174 plene
1205 2121 1442 2175 depingant
1457 2122 1485 2164 5.

327 2185 510 2239 Reliqua
552 2200 662 2239 quae
695 2187 749 2228 ad
791 2185 1090 2228 accusationes
1131 2188 1332 2239 spectant
1370 2200 1515 2228 coram
1555 2186 1700 2240 potius
1741 2200 1869 2239 quam
1903 2200 1979 2240 per

206 2249 358 2292 literas
391 2251 538 2292 censui
570 2251 802 2294 tractanda
844 2265 894 2293 ac
927 2250 1022 2292 ideo
1064 2250 1168 2292 nihil
1205 2250 1321 2292 aliud
1353 2251 1444 2293 ΒΗ.
1478 2265 1562 2305 p.p.
1598 2251 1648 2294 D.
1682 2251 1885 2305 Lannoy,
1927 2265 1978 2293 ac

325 2396 339 2410 ³
367 2391 427 2424 Sic
453 2402 535 2434 ap.;
559 2391 619 2423 sed
646 2391 827 2434 Zeqendum
853 2401 923 2424 esse
948 2391 1108 2424 ridetur:
1134 2390 1225 2424 bona
1251 2391 1405 2424 moneta.

326 2443 340 2463 b
367 2444 423 2476 Ita
450 2455 532 2487 al).‚·
557 2442 592 2476 in
620 2455 659 2477 se
686 2443 774 2488 ipsis
790 2445 807 2476 12
832 2455 874 2477 ac
900 2454 939 2477 se
964 2442 1094 2488 ipsos?

207 2575 398 2611 Societatis
432 2575 568 2621 templo
603 2576 767 2622 sepultus
803 2578 882 2610 erat
911 2576 1061 2620 (Soc-her
1086 2577 1108 2611 l.
1137 2588 1166 2611 c.
1194 2589 1227 2622 p.
1255 2576 1328 2620 95),
1369 2587 1469 2618 „cum
1496 2577 1758 2618 testamento“,
1794 2578 1834 2610 ut
1859 2576 1977 2620 inquit

208 2631 407 2664 Sacc-hinne
435 2630 473 2673 (l.
501 2641 530 2664 c.
558 2629 581 2664 1.
608 2630 638 2671 5,
666 2642 699 2664 n.
731 2630 824 2673 106),
857 2630 910 2671 „id
937 2642 1051 2671 omne,
1078 2630 1172 2674 quod
1198 2630 1298 2675 prius
1325 2631 1459 2673 egerat,
1487 2629 1743 2671 confirmasset,
1770 2629 1976 2664 adiecisset·

207 2695 277 2728 que
303 2685 353 2724 vt,
379 2684 410 2718 si
437 2683 550 2717 Ponte
575 2695 646 2717 non
672 2683 808 2724 liceret,
834 2683 1031 2717 Nouocomi
1060 2683 1258 2727 Collegium
1285 2683 1436 2727 pecunia
1463 2682 1588 2716 eadem
1614 2682 1752 2717 fieret“.

329 2737 339 2757 ¹
365 2735 603 2770 Hannibalem
631 2736 673 2770 de
693 2735 860 2770 Cavriani
890 2736 1008 2780 (Gust.
1034 2737 1166 2781 Turba,
1193 2736 1473 2770 Venetianische
1491 2735 1705 2780 Depeschen
1731 2747 1814 2769 vom
1833 2735 1974 2770 Kaiser-

206 2789 290 2824 hofe
317 2790 367 2824 ΙΙΙ
393 2789 515 2834 [Wien
543 2789 658 2834 1895]‚
686 2790 763 2823 94⁴.
793 2790 892 2824 145².
923 2790 1020 2824 1722.
1072 2790 1258 2824 Steinherz
1283 2789 1305 2823 l.
1333 2801 1363 2824 c.
1390 2801 1422 2834 p.
1450 2789 1548 2832 292).

327 2844 340 2864 ²
365 2843 517 2877 Ioannes
543 2843 741 2883 Trautson,
779 2842 870 2877 liber
903 2843 989 2877 baro
1023 2843 1060 2877 in
1086 2842 1384 2888 Splechenstein,
1421 2853 1612 2876 caesareae
1647 2841 1751 2875 aulae
1785 2852 1976 2886 supremus

211 2896 493 2938 „marescalcus“
529 2899 606 2930 erat
635 2896 777 2939 (Tm-ba
811 2895 834 2930 1.
863 2907 892 2930 0.
928 2908 961 2941 p.
999 2896 1076 2930 34⁴.
1112 2895 1168 2930 84.
1204 2896 1273 2930 312
1299 2897 1367 2930 etc.
1417 2896 1509 2939 Euy.
1537 2894 1680 2938 Alberi,
1716 2894 1764 2928 Le
1790 2893 1975 2929 Relazioni

206 2949 303 2993 degli
329 2949 594 2984 Ambasciatori
621 2949 759 2990 Veneti,
788 2948 886 2983 Serie
913 2949 939 2990 I,
966 2949 1045 2983 Vol.
1072 2950 1093 2983 6
1119 2948 1281 2993 [Firenze
1309 2948 1425 2992 1862]‚
1452 2960 1484 2993 p.
1515 2948 1593 2982 145.
1623 2947 1718 2991 146).

328 3004 341 3024 ³
368 3002 560 3037 Guilielmo
588 3001 789 3046 Gonzagae.
935 3003 948 3022 4
977 3002 993 3037 1
1024 3002 1101 3037 Cor.
1132 3002 1184 3043 10,
1217 3002 1268 3036 13.

327 3057 340 3076 ⁵
366 3056 407 3090 In
432 3057 581 3100 antiqua
607 3056 669 3090 illa
700 3057 736 3098 „*
751 3056 926 3090 Formula
952 3055 1149 3090 scribendi“
1184 3054 1229 3098 (c.
1259 3055 1307 3099 1),
1334 3055 1377 3089 de
1412 3065 1483 3099 qua
1517 3064 1627 3099 supra
1652 3064 1685 3098 p.
1715 3053 1804 3088 102³
1839 3053 1973 3088 dictum

208 3111 273 3151 est,
300 3109 491 3144 statuitur:
523 3108 775 3152 „Consultores
801 3109 1086 3154 praepositorum
1111 3108 1289 3150 localium,
1317 3108 1521 3149 Rectorum,
1547 3118 1590 3142 ac
1606 3106 1871 3151 praefectorum
1895 3119 1973 3152 pro-

208 3162 364 3196 bationis
389 3162 550 3197 scribant
574 3161 788 3207 prouinciali
812 3163 869 3196 4⁰.
897 3173 1038 3206 quoque
1063 3162 1206 3196 mense“
1239 3159 1340 3204 (cod.
1371 3161 1539 3205 „Antiqu.
1565 3159 1735 3202 Ingolst.“
1765 3159 1789 3194 f.
1817 3159 1912 3201 671³).

2035 0 2061 90 -dza'ss
