2093 3444
740 169 926 214 Herbipoli
953 169 984 203 3.
1011 168 1099 203 Maii
1128 169 1231 203 1561.
1790 171 1870 212 127

215 288 485 331 Friedericus
508 288 588 330 Dei
621 287 767 341 gratia
800 287 1028 342 episcopus
1051 287 1379 342 Herbipolensis
1403 286 1699 341 Franciaeque
1734 287 1875 330 orien-

96 354 199 398 talis
233 355 335 397 dux.

217 438 259 480 S.
293 438 344 481 D.
389 437 493 478 Cum
526 437 589 479 ita
620 437 760 478 visum
792 436 950 478 fuisset
972 437 1064 478 Deo
1099 436 1261 490 optimo
1284 435 1488 486 maximo,
1523 438 1572 478 ut
1605 439 1707 479 ante
1741 450 1876 478 annos

97 502 264 556 aliquot
296 502 624 557 Herbipolensis
658 502 869 544 ecclesiae
911 501 1207 555 gubernacula
1240 502 1294 543 ad
1334 515 1412 543 nos
1446 501 1644 554 quamvis
1676 501 1876 555 indignos

98 568 422 618 deferrentura,
461 569 552 622 jam
585 567 684 609 inde
717 568 771 609 ab
805 581 854 609 eo
887 570 1085 621 tempore
1117 566 1160 608 in
1192 566 1273 608 hoc
1307 566 1421 608 omni
1458 581 1561 608 cura
1592 567 1876 617 incubuimus,

98 637 147 676 ut
188 634 432 688 complures
469 633 586 675 viros
628 633 869 676 eruditione
911 635 956 675 et
997 632 1163 687 pietate
1204 631 1395 686 insignes
1436 632 1596 674 habere
1638 647 1876 687 possemus,

99 713 281 753 quorum
323 713 457 753 opera
496 713 589 741 cum
634 698 743 741 alias
785 701 877 740 tum
921 698 1154 752 praecipue
1195 697 1239 739 in
1278 698 1471 739 docenda
1508 700 1553 740 et
1594 699 1879 752 propaganda

100 779 205 807 vera
236 767 389 807 nostra
422 764 637 807 catholica
671 767 715 807 et
756 764 1002 806 orthodoxa
1034 762 1244 816 religione
1285 766 1519 807 uteremur.
1584 763 1675 814 Quo
1713 764 1879 806 factum

100 833 189 880 est,
234 833 283 873 ut
322 830 374 872 de
417 830 623 883 erigendo
656 829 918 871 lesuitarum
952 829 1135 881 collegio
1178 831 1222 871 et
1264 829 1528 871 advocandis
1570 829 1613 871 in
1655 829 1879 871 civitatem

99 898 296 938 nostram
328 895 466 938 vestri
509 895 670 937 ordinis
703 894 947 936 hominibus
980 893 1070 948 (qui
1104 894 1304 948 opinione
1336 895 1549 937 virtutum
1579 898 1624 938 et
1657 895 1879 937 doctrinae

99 961 184 1004 iam
219 964 321 1004 sunt
354 960 565 1014 celebres)
599 961 671 1002 diu
704 960 974 1013 multumque
1008 959 1313 1013 cogitaremus.
1379 960 1472 1010 Qua
1506 960 1558 1002 de
1590 975 1637 1002 re
1671 960 1805 1003 etiam
1836 959 1880 1001 in

100 1026 309 1081 proximis
344 1026 616 1080 Augustanis
659 1025 844 1069 comitiis
882 1028 1048 1076 tecum,
1093 1025 1159 1066 vir
1201 1025 1468 1076 doctissime,
1511 1026 1645 1069 locuti
1687 1027 1879 1076 sumus1,

100 1092 199 1134 huic
234 1092 490 1146 cogitationi
523 1095 567 1134 et
599 1092 801 1135 instituto
834 1094 985 1133 nostro
1018 1090 1099 1132 hoc
1131 1091 1174 1132 in
1207 1091 1356 1145 primis
1391 1091 1573 1142 obstitit,
1607 1092 1720 1145 quod
1752 1091 1881 1133 rebus

101 1161 146 1200 et
193 1158 346 1213 opibus
393 1157 555 1200 nostris
603 1158 715 1199 bello
764 1157 1014 1211 superiore2
1066 1159 1159 1199 tam
1206 1156 1371 1199 attritis
1424 1157 1635 1200 rationem
1684 1156 1881 1199 invenire

100 1222 321 1277 hucusque
353 1238 437 1265 non
462 1222 695 1278 potuimus,
730 1237 815 1276 qua
849 1222 1072 1264 commode
1094 1221 1136 1263 id
1164 1221 1434 1264 efficeremus
1450 1224 1478 1265 3.
1524 1222 1700 1265 Interim
1735 1225 1883 1265 tamen

101 1303 155 1331 ne
188 1290 242 1331 ab
274 1289 356 1331 hac
388 1292 515 1344 parte
549 1288 735 1331 ecclesia
768 1291 919 1330 nostra
952 1287 1124 1330 omnino
1149 1288 1363 1330 destituta
1397 1291 1525 1339 esset,
1560 1290 1883 1342 suffraganeum

100 1357 299 1397 nostrum
342 1354 592 1408 theologiae
638 1354 892 1397 doctorem4
938 1356 982 1396 et
1024 1353 1154 1396 alium
1201 1353 1415 1406 quendam
1458 1353 1501 1395 in
1546 1368 1633 1396 una
1677 1352 1882 1407 collegia-

101 1423 247 1463 tarum
280 1420 563 1463 ecclesiarum
596 1420 788 1463 civitatis
821 1422 998 1462 nostrae
1026 1418 1279 1461 canonicum
1312 1419 1560 1472 theologiae
1582 1419 1883 1461 licentiatum5

102 1485 446 1540 permovimusb,
492 1488 561 1537 ut,
610 1486 745 1528 donec
787 1486 840 1527 de
883 1484 968 1527 alia
1010 1484 1319 1527 commoditate
1361 1484 1729 1539 prospiceremus,
1776 1499 1884 1526 onus

104 1551 285 1593 docendi
327 1554 372 1594 et
411 1551 731 1606 interpretandi
773 1565 924 1593 sacras
966 1550 1118 1592 literas
1158 1550 1442 1604 susciperent.
1507 1550 1800 1592 Conduximus
1841 1553 1885 1592 et

103 1617 212 1659 alios
245 1617 352 1659 duos
384 1617 684 1672 philosophiae
718 1616 965 1670 artiumque
998 1615 1242 1658 liberalium
1265 1615 1500 1669 magistros
1518 1617 1546 1667 ⁶,
1581 1616 1698 1657 viros
1727 1629 1884 1669 graece

102 1682 324 1736 latineque
355 1683 481 1725 iuxta
513 1683 665 1725 doctos
698 1685 742 1726 et
775 1681 1017 1725 catholicae
1050 1681 1249 1735 religioni
1283 1681 1495 1733 addictos,
1531 1681 1602 1735 qui
1635 1681 1807 1735 linguas
1841 1683 1885 1723 et

103 1748 240 1790 bonas
281 1748 433 1791 literas
475 1748 646 1803 publice
689 1749 919 1799 docerent,
962 1762 1016 1790 ne
1058 1747 1300 1790 studiorum
1343 1761 1476 1790 causa
1518 1747 1788 1789 commeandi
1829 1746 1885 1789 ad

104 1813 321 1868 quaslibet
354 1817 561 1857 externas
583 1814 755 1856 scholas
789 1828 884 1856 cum
906 1813 1098 1868 periculo
1132 1812 1432 1856 adolescentes
1465 1815 1642 1855 nostrae
1676 1811 1885 1854 dioecesis

105 1879 376 1922 occasionem
408 1880 614 1923 habeant.

223 1951 368 1994 Unum
400 1951 481 1994 hoc
512 1954 709 2006 tempore
742 1954 822 2002 est,
858 1965 942 2004 quo
975 1951 1175 1992 laborare
1198 1949 1408 2000 videmur,
1443 1950 1556 2003 quod
1589 1949 1883 2000 concionator,

104 2016 176 2070 qui
208 2016 253 2059 in
285 2017 528 2060 cathedrali
560 2017 746 2059 ecclesia
779 2015 1024 2071 explicandi
1059 2016 1173 2070 apud
1196 2016 1401 2070 populum
1425 2015 1546 2057 verbi
1570 2015 1703 2057 divini
1737 2029 1884 2057 curam

105 2082 230 2124 annis
263 2082 430 2136 aliquot
472 2097 568 2125 cum
611 2083 824 2137 applausu
867 2096 947 2124 nec
989 2081 1081 2123 sine
1123 2081 1290 2132 fructu,
1334 2081 1562 2132 sustinuit,
1606 2080 1733 2135 gravi
1765 2081 1885 2123 vale-

105 2147 255 2190 tudine
289 2149 474 2202 quodam
506 2148 634 2190 modo
668 2148 722 2190 ad
756 2162 851 2190 eam
884 2162 975 2189 rem
1008 2146 1174 2190 inutilis
1198 2147 1378 2189 effectus
1411 2149 1491 2189 est.
1535 2146 1585 2188 In
1618 2147 1710 2201 ejus
1742 2147 1885 2188 locum

106 2215 155 2255 ut
187 2213 298 2255 alius
330 2213 624 2257 substituatur
665 2216 732 2256 est
772 2227 965 2256 necesse.
1030 2213 1135 2255 Cum
1167 2212 1302 2266 igitur
1338 2211 1727 2262 intellexissemus,
1772 2211 1885 2265 quod

107 2278 329 2321 decanus⁷
362 2282 406 2322 et
439 2279 675 2333 capitulum
700 2279 909 2322 ecclesiae
941 2280 1119 2321 nostrae
1142 2277 1318 2332 majoris
1351 2277 1524 2331 (quibus
1555 2277 1636 2320 hoc
1662 2277 1883 2328 incumbit,

226 2430 241 2445 ἃ
267 2425 476 2460 deferentur
501 2425 548 2459 K.
647 2425 662 2445 b
688 2426 735 2459 K.
762 2426 814 2459 W.
834 2435 1053 2468 peiperam:
1078 2421 1336 2468 promovimus.

230 2571 240 2592 ¹
267 2572 309 2606 A.
339 2572 429 2606 1559
455 2571 493 2605 in
519 2571 674 2606 comitiis
701 2570 842 2616 imperii
868 2571 901 2605 id
930 2570 1066 2605 factum
1094 2571 1168 2611 est;
1196 2569 1280 2604 vide
1311 2569 1396 2604 Can.
1416 2569 1569 2614 Epp.11‚
1597 2568 1676 2603 379.
1703 2569 1784 2603 445.
1803 2568 1883 2602 461.

229 2678 242 2698 2
269 2677 389 2720 Bello,
429 2678 523 2722 quod
550 2678 722 2712 Albertus
749 2677 955 2712 Alcibiades
981 2676 1141 2711 marchio
1169 2675 1524 2719 brandenburgensis
1551 2687 1581 2710 a.
1613 2676 1702 2709 1552
1730 2676 1766 2708 et
1794 2674 1884 2709 1553

110 2733 235 2766 contra
261 2731 449 2777 episcopos
476 2733 512 2765 et
538 2731 628 2765 alios
654 2731 796 2776 imperii
822 2731 965 2765 ordines
991 2730 1241 2766 crudelissime
1268 2731 1445 2774 gesserat.

232 2785 244 2804 ³
270 2785 388 2819 Etiam
417 2784 614 2829 capitulum
641 2784 848 2819 cathedrale
876 2783 999 2818 Socios
1024 2796 1094 2818 non
1121 2795 1201 2818 esse
1237 2783 1473 2818 arcessendos
1508 2794 1539 2816 a.
1570 2782 1659 2816 1559
1696 2782 1886 2816 censuerat

114 2837 260 2882 (Braun
285 2838 309 2873 l.
337 2850 366 2872 c.
393 2838 420 2880 Ι,
454 2839 549 2881 107),

231 2893 244 2912 4
272 2891 467 2935 Georgium
494 2891 606 2925 Flach
633 2891 674 2925 O.
702 2891 736 2925 S.
764 2891 815 2932 B„
842 2890 1028 2925 titularem
1055 2890 1263 2935 episcopum
1288 2889 1536 2930 salonense1n3
1567 2889 1609 2923 de
1636 2900 1706 2933 quo
1732 2889 1777 2922 N.
1805 2889 1886 2921 Rei-

111 2957 250 3019 mW's?
271 2944 740 3036 Εῗῃῖἷῐέὼέἰῗῖἳῖξῂέἵῗ
751 2943 1130 3043 Vltihgssw
1133 2943 1361 3031 bffioififiirl
1373 2942 1672 3040 zap'(}53w2¹1⁷.⁰}2
1699 2995 1734 3036 1,
1764 2993 1885 3039 1053).

234 3053 247 3073 ⁶
274 3052 473 3097 Casparum
500 3051 642 3086 Stiiblin
672 3051 866 3095 (Stubling‚
892 3050 1150 3094 Acronianum)
1180 3052 1217 3084 et
1244 3049 1446 3084 Conradum
1472 3049 1626 3088 Dinner;
1663 3049 1707 3083 ad
1734 3059 1886 3093 quorum

113 3116 301 3140 numerum
327 3106 454 3150 postea
480 3104 618 3149 aliquot
644 3105 704 3139 alii
730 3104 842 3139 additi
868 3105 953 3139 sunt
982 3103 1119 3148 (Keller
1142 3103 1166 3138 1.
1195 3115 1223 3137 0.
1251 3115 1284 3148 p.
1311 3102 1438 3138 8-—13.
1478 3104 1609 3137 Bramz
1634 3102 1657 3136 1.
1677 3113 1705 3136 c.
1733 3102 1758 3144 l,
1788 3101 1884 3145 110).

233 3159 246 3179 ⁷
271 3158 516 3203 wolfgangus
543 3158 787 3193 Theodericus
813 3158 858 3192 ab
884 3157 1026 3192 Hutten
1055 3156 1198 3202 (Gropp
1224 3156 1247 3190 1.
1276 3168 1305 3190 0.
1333 3168 1366 3202 p.
1395 3156 1492 3200 703).
