<?xml version="1.0" encoding="UTF-8"?>
<!DOCTYPE html PUBLIC "-//W3C//DTD XHTML 1.0 Transitional//EN"
    "http://www.w3.org/TR/xhtml1/DTD/xhtml1-transitional.dtd">
<html xmlns="http://www.w3.org/1999/xhtml" xml:lang="en" lang="en">
 <head>
  <title>
</title>
<meta http-equiv="Content-Type" content="text/html;charset=utf-8" />
  <meta name='ocr-system' content='tesseract 3.04.00' />
  <meta name='ocr-capabilities' content='ocr_page ocr_carea ocr_par ocr_line ocrx_word'/>
</head>
<body>
  <div class='ocr_page' id='page_1' title='image "beatipetricanisi03cani_0160.png"; bbox 0 0 2093 3444; ppageno 0'>
   <div class='ocr_carea' id='block_1_1' title="bbox 198 189 1379 236">
    <p class='ocr_par' dir='ltr' id='par_1_1' title="bbox 198 189 1379 236">
     <span class='ocr_line' id='line_1_1' title="bbox 198 189 1379 236; baseline -0.004 -6"><span class='ocrx_word' id='word_1_1' title='bbox 198 196 253 236; x_wconf 71' lang='lat'>84</span> <span class='ocrx_word' id='word_1_2' title='bbox 782 190 860 225; x_wconf 81' lang='lat'>533.</span> <span class='ocrx_word' id='word_1_3' title='bbox 898 189 1064 225; x_wconf 88' lang='lat' dir='ltr'>Canisius</span> <span class='ocrx_word' id='word_1_4' title='bbox 1090 191 1218 225; x_wconf 87' lang='lat' dir='ltr'>Iacobo</span> <span class='ocrx_word' id='word_1_5' title='bbox 1244 191 1379 225; x_wconf 87' lang='lat' dir='ltr'>Lainio.</span> 
     </span>
    </p>
   </div>
   <div class='ocr_carea' id='block_1_2' title="bbox 192 308 1968 716">
    <p class='ocr_par' dir='ltr' id='par_1_2' title="bbox 192 308 1968 716">
     <span class='ocr_line' id='line_1_2' title="bbox 312 308 1968 354; baseline 0.001 -13"><span class='ocrx_word' id='word_1_6' title='bbox 312 309 474 351; x_wconf 67' lang='lat' dir='ltr'>[Relatio</span> <span class='ocrx_word' id='word_1_7' title='bbox 500 309 542 341; x_wconf 71' lang='lat' dir='ltr'>de</span> <span class='ocrx_word' id='word_1_8' title='bbox 565 309 667 342; x_wconf 75' lang='lat' dir='ltr'>rebus</span> <span class='ocrx_word' id='word_1_9' title='bbox 689 308 939 349; x_wconf 72' lang='lat' dir='ltr'>Germaniae]</span> <span class='ocrx_word' id='word_1_10' title='bbox 973 310 1062 341; x_wconf 77' lang='lat' dir='ltr'>Acta</span> <span class='ocrx_word' id='word_1_11' title='bbox 1090 311 1129 341; x_wconf 73' lang='lat' dir='ltr'>in</span> <span class='ocrx_word' id='word_1_12' title='bbox 1156 314 1326 342; x_wconf 68' lang='lat' dir='ltr'>concentu</span> <span class='ocrx_word' id='word_1_13' title='bbox 1350 310 1650 353; x_wconf 72' lang='lat' dir='ltr'>naocmburyetzsi:</span> <span class='ocrx_word' id='word_1_14' title='bbox 1676 310 1862 354; x_wconf 64' lang='lat' dir='ltr'>Principes</span> <span class='ocrx_word' id='word_1_15' title='bbox 1881 322 1968 353; x_wconf 70' lang='lat' dir='ltr'>pro—</span> 
     </span>
     <span class='ocr_line' id='line_1_3' title="bbox 194 362 1968 407; baseline 0.001 -12"><span class='ocrx_word' id='word_1_16' title='bbox 194 367 366 405; x_wconf 70' lang='lat' dir='ltr'>testantes,</span> <span class='ocrx_word' id='word_1_17' title='bbox 394 373 415 394; x_wconf 82' lang='grc' dir='ltr'>(ι</span> <span class='ocrx_word' id='word_1_18' title='bbox 440 363 606 405; x_wconf 75' lang='lat' dir='ltr'>pontifice</span> <span class='ocrx_word' id='word_1_19' title='bbox 631 366 661 394; x_wconf 74' lang='lat' dir='ltr'>et</span> <span class='ocrx_word' id='word_1_20' title='bbox 687 372 840 400; x_wconf 77' lang='lat' dir='ltr'>caesare,</span> <span class='ocrx_word' id='word_1_21' title='bbox 866 366 905 394; x_wconf 76' lang='lat' dir='ltr'>ut</span> <span class='ocrx_word' id='word_1_22' title='bbox 931 362 978 394; x_wconf 76' lang='lat' dir='ltr'>ad</span> <span class='ocrx_word' id='word_1_23' title='bbox 1004 362 1191 395; x_wconf 74' lang='lat' dir='ltr'>concilium</span> <span class='ocrx_word' id='word_1_24' title='bbox 1219 363 1371 402; x_wconf 78' lang='lat' dir='ltr'>adirent,</span> <span class='ocrx_word' id='word_1_25' title='bbox 1400 364 1552 406; x_wconf 63' lang='lat' dir='ltr'>inritati,</span> <span class='ocrx_word' id='word_1_26' title='bbox 1578 367 1791 396; x_wconf 70' lang='lat' dir='ltr'><em>recusarunt</em></span> <span class='ocrx_word' id='word_1_27' title='bbox 1817 374 1859 396; x_wconf 77' lang='grc' dir='ltr'>(ιε</span> <span class='ocrx_word' id='word_1_28' title='bbox 1877 375 1968 407; x_wconf 76' lang='lat' dir='ltr'>pon-</span> 
     </span>
     <span class='ocr_line' id='line_1_4' title="bbox 192 414 1968 459; baseline 0.001 -11"><span class='ocrx_word' id='word_1_29' title='bbox 192 416 318 457; x_wconf 76' lang='lat' dir='ltr'>tificem</span> <span class='ocrx_word' id='word_1_30' title='bbox 345 416 541 457; x_wconf 69' lang='lat' dir='ltr'>iynomine‘a</span> <span class='ocrx_word' id='word_1_31' title='bbox 568 416 775 457; x_wconf 72' lang='lat' dir='ltr'>affecerunt.</span> <span class='ocrx_word' id='word_1_32' title='bbox 827 414 941 447; x_wconf 62' lang='lat' dir='ltr'>Iidem</span> <span class='ocrx_word' id='word_1_33' title='bbox 977 416 1072 448; x_wconf 71' lang='lat' dir='ltr'>inter</span> <span class='ocrx_word' id='word_1_34' title='bbox 1105 426 1141 448; x_wconf 79' lang='lat' dir='ltr'>se</span> <span class='ocrx_word' id='word_1_35' title='bbox 1176 416 1367 458; x_wconf 60' lang='lat' dir='ltr'>litigarunt</span> <span class='ocrx_word' id='word_1_36' title='bbox 1402 427 1443 449; x_wconf 77' lang='lat' dir='ltr'>ac</span> <span class='ocrx_word' id='word_1_37' title='bbox 1468 417 1657 449; x_wconf 69' lang='lat' dir='ltr'>domestica</span> <span class='ocrx_word' id='word_1_38' title='bbox 1687 417 1872 459; x_wconf 63' lang='lat' dir='ltr'>religionis</span> <span class='ocrx_word' id='word_1_39' title='bbox 1897 418 1968 450; x_wconf 77' lang='lat' dir='ltr'>dis-</span> 
     </span>
     <span class='ocr_line' id='line_1_5' title="bbox 194 468 1966 512; baseline 0.002 -11"><span class='ocrx_word' id='word_1_40' title='bbox 194 470 289 501; x_wconf 74' lang='lat' dir='ltr'>cidia</span> <span class='ocrx_word' id='word_1_41' title='bbox 328 480 534 512; x_wconf 75' lang='lat' dir='ltr'>componere</span> <span class='ocrx_word' id='word_1_42' title='bbox 568 469 711 510; x_wconf 75' lang='lat' dir='ltr'>frustra</span> <span class='ocrx_word' id='word_1_43' title='bbox 754 470 874 501; x_wconf 65' lang='lat' dir='ltr'>eonati</span> <span class='ocrx_word' id='word_1_44' title='bbox 911 473 1004 501; x_wconf 75' lang='lat' dir='ltr'>sunt.</span> <span class='ocrx_word' id='word_1_45' title='bbox 1059 468 1256 501; x_wconf 59' lang='lat' dir='ltr'>Conventus·</span> <span class='ocrx_word' id='word_1_46' title='bbox 1282 469 1482 511; x_wconf 78' lang='lat' dir='ltr'>Erfordiae</span> <span class='ocrx_word' id='word_1_47' title='bbox 1517 474 1546 502; x_wconf 74' lang='lat' dir='ltr'>et</span> <span class='ocrx_word' id='word_1_48' title='bbox 1572 470 1766 503; x_wconf 65' lang='lat' dir='ltr'>Bmmsviei</span> <span class='ocrx_word' id='word_1_49' title='bbox 1803 470 1966 504; x_wconf 76' lang='lat' dir='ltr'>habendi.</span> 
     </span>
     <span class='ocr_line' id='line_1_6' title="bbox 193 521 1966 566; baseline 0.001 -11"><span class='ocrx_word' id='word_1_50' title='bbox 193 523 338 555; x_wconf 72' lang='lat' dir='ltr'>Damae</span> <span class='ocrx_word' id='word_1_51' title='bbox 362 534 428 555; x_wconf 56' lang='grc' dir='ltr'>ναῖε</span> <span class='ocrx_word' id='word_1_52' title='bbox 454 527 483 555; x_wconf 73' lang='lat' dir='ltr'>et</span> <span class='ocrx_word' id='word_1_53' title='bbox 511 522 666 564; x_wconf 71' lang='lat' dir='ltr'>Anyliae</span> <span class='ocrx_word' id='word_1_54' title='bbox 696 523 832 564; x_wconf 71' lang='lat' dir='ltr'>reye’na.</span> <span class='ocrx_word' id='word_1_55' title='bbox 888 521 1168 555; x_wconf 68' lang='lat' dir='ltr'>Conmmulonus</span> <span class='ocrx_word' id='word_1_56' title='bbox 1195 523 1344 555; x_wconf 74' lang='lat' dir='ltr'>nuntius</span> <span class='ocrx_word' id='word_1_57' title='bbox 1368 523 1533 556; x_wconf 76' lang='lat' dir='ltr'>Berole&#39;m&#39;</span> <span class='ocrx_word' id='word_1_58' title='bbox 1558 523 1763 556; x_wconf 77' lang='lat' dir='ltr'><strong><em>humaniter</em></strong></span> <span class='ocrx_word' id='word_1_59' title='bbox 1794 528 1966 566; x_wconf 64' lang='lat' dir='ltr'>exceptus.</span> 
     </span>
     <span class='ocr_line' id='line_1_7' title="bbox 192 575 1968 621; baseline 0.002 -13"><span class='ocrx_word' id='word_1_60' title='bbox 192 577 373 609; x_wconf 69' lang='lat' dir='ltr'>Bavarc‘ae</span> <span class='ocrx_word' id='word_1_61' title='bbox 407 576 483 608; x_wconf 71' lang='lat' dir='ltr'>dux</span> <span class='ocrx_word' id='word_1_62' title='bbox 516 576 703 617; x_wconf 66' lang='lat' dir='ltr'>reliyc&#39;om&#39;s</span> <span class='ocrx_word' id='word_1_63' title='bbox 738 575 929 608; x_wconf 68' lang='lat' dir='ltr'>studiosus.</span> <span class='ocrx_word' id='word_1_64' title='bbox 980 575 1101 608; x_wconf 74' lang='lat' dir='ltr'>Novus</span> <span class='ocrx_word' id='word_1_65' title='bbox 1136 576 1226 609; x_wconf 78' lang='lat' dir='ltr'>liber</span> <span class='ocrx_word' id='word_1_66' title='bbox 1261 576 1438 619; x_wconf 72' lang='lat' dir='ltr'>Staphyli.</span> <span class='ocrx_word' id='word_1_67' title='bbox 1494 576 1680 610; x_wconf 77' lang='lat' dir='ltr'>Contiones</span> <span class='ocrx_word' id='word_1_68' title='bbox 1715 581 1745 610; x_wconf 80' lang='lat' dir='ltr'>et</span> <span class='ocrx_word' id='word_1_69' title='bbox 1780 577 1968 621; x_wconf 77' lang='lat' dir='ltr'>catecheses</span> 
     </span>
     <span class='ocr_line' id='line_1_8' title="bbox 193 630 1966 679; baseline 0.001 -18"><span class='ocrx_word' id='word_1_70' title='bbox 193 634 440 673; x_wconf 67' lang='lat' dir='ltr'>‹cuyustanae;</span> <span class='ocrx_word' id='word_1_71' title='bbox 466 639 556 672; x_wconf 61' lang='lat' dir='ltr'>qna-s·</span> <span class='ocrx_word' id='word_1_72' title='bbox 582 630 842 661; x_wconf 75' lang='lat' dir='ltr'>contionatores</span> <span class='ocrx_word' id='word_1_73' title='bbox 860 633 1100 671; x_wconf 65' lang='lat' dir='ltr'>protestantes·</span> <span class='ocrx_word' id='word_1_74' title='bbox 1126 630 1175 662; x_wconf 73' lang='lat' dir='ltr'>cel</span> <span class='ocrx_word' id='word_1_75' title='bbox 1206 630 1477 663; x_wconf 64' lang='lat' dir='ltr'>calumniatum·</span> <span class='ocrx_word' id='word_1_76' title='bbox 1504 631 1552 662; x_wconf 74' lang='lat' dir='ltr'>vel</span> <span class='ocrx_word' id='word_1_77' title='bbox 1578 631 1834 664; x_wconf 78' lang='lat' dir='ltr'>commendant.</span> <span class='ocrx_word' id='word_1_78' title='bbox 1877 630 1966 679; x_wconf 68' lang='lat' dir='ltr'>Cen·</span> 
     </span>
     <span class='ocr_line' id='line_1_9' title="bbox 192 683 521 716; baseline 0 -2"><span class='ocrx_word' id='word_1_79' title='bbox 192 683 325 716; x_wconf 63' lang='lat' dir='ltr'>villum.</span> <span class='ocrx_word' id='word_1_80' title='bbox 378 683 521 715; x_wconf 59' lang='lat' dir='ltr'>Hosius.</span> 
     </span>
    </p>
   </div>
   <div class='ocr_carea' id='block_1_3' title="bbox 736 765 1423 808">
    <p class='ocr_par' dir='ltr' id='par_1_3' title="bbox 736 765 1423 808">
     <span class='ocr_line' id='line_1_10' title="bbox 736 765 1423 808; baseline 0.003 -2"><span class='ocrx_word' id='word_1_81' title='bbox 736 765 801 806; x_wconf 89' lang='lat' dir='ltr'>De</span> <span class='ocrx_word' id='word_1_82' title='bbox 833 765 962 807; x_wconf 88' lang='lat' dir='ltr'>rebus</span> <span class='ocrx_word' id='word_1_83' title='bbox 995 765 1118 807; x_wconf 93' lang='lat' dir='ltr'>nouis</span> <span class='ocrx_word' id='word_1_84' title='bbox 1151 765 1423 808; x_wconf 79' lang='lat' dir='ltr'>Germaniae.</span> 
     </span>
    </p>
   </div>
   <div class='ocr_carea' id='block_1_4' title="bbox 188 854 1968 1956">
    <p class='ocr_par' dir='ltr' id='par_1_4' title="bbox 188 854 1968 1956">
     <span class='ocr_line' id='line_1_11' title="bbox 311 854 1968 909; baseline 0.001 -14"><span class='ocrx_word' id='word_1_85' title='bbox 311 855 547 897; x_wconf 87' lang='lat' dir='ltr'>Lutherani</span> <span class='ocrx_word' id='word_1_86' title='bbox 571 854 806 908; x_wconf 81' lang='lat' dir='ltr'>Principes,</span> <span class='ocrx_word' id='word_1_87' title='bbox 841 868 967 907; x_wconf 87' lang='lat' dir='ltr'>quem</span> <span class='ocrx_word' id='word_1_88' title='bbox 999 854 1284 908; x_wconf 85' lang='lat' dir='ltr'>Numburgae</span> <span class='ocrx_word' id='word_1_89' title='bbox 1317 855 1431 909; x_wconf 91' lang='lat' dir='ltr'>apud</span> <span class='ocrx_word' id='word_1_90' title='bbox 1455 854 1688 897; x_wconf 83' lang='lat' dir='ltr'>Saxoniam</span> <span class='ocrx_word' id='word_1_91' title='bbox 1717 854 1968 898; x_wconf 77' lang='lat' dir='ltr'>indixerant</span> 
     </span>
     <span class='ocr_line' id='line_1_12' title="bbox 192 919 1964 974; baseline 0.001 -13"><span class='ocrx_word' id='word_1_92' title='bbox 192 923 475 969; x_wconf 87' lang='lat' dir='ltr'>conuentum,</span> <span class='ocrx_word' id='word_1_93' title='bbox 524 920 720 974; x_wconf 78' lang='lat' dir='ltr'>proxime</span> <span class='ocrx_word' id='word_1_94' title='bbox 769 920 1067 970; x_wconf 90' lang='lat' dir='ltr'>celebrarunt,</span> <span class='ocrx_word' id='word_1_95' title='bbox 1112 919 1273 974; x_wconf 89' lang='lat' dir='ltr'>partim</span> <span class='ocrx_word' id='word_1_96' title='bbox 1318 923 1367 962; x_wconf 90' lang='lat' dir='ltr'>ut</span> <span class='ocrx_word' id='word_1_97' title='bbox 1413 920 1623 962; x_wconf 86' lang='lat' dir='ltr'>aduersus</span> <span class='ocrx_word' id='word_1_98' title='bbox 1667 920 1964 962; x_wconf 85' lang='lat' dir='ltr'>Tridentinam</span> 
     </span>
     <span class='ocr_line' id='line_1_13' title="bbox 193 985 1966 1039; baseline 0 -11"><span class='ocrx_word' id='word_1_99' title='bbox 193 985 411 1039; x_wconf 82' lang='lat' dir='ltr'>Synodum</span> <span class='ocrx_word' id='word_1_100' title='bbox 436 999 514 1027; x_wconf 88' lang='lat' dir='ltr'>sua</span> <span class='ocrx_word' id='word_1_101' title='bbox 537 985 786 1028; x_wconf 84' lang='lat' dir='ltr'>conferrent</span> <span class='ocrx_word' id='word_1_102' title='bbox 809 985 1001 1035; x_wconf 89' lang='lat' dir='ltr'>consilia,</span> <span class='ocrx_word' id='word_1_103' title='bbox 1035 985 1196 1039; x_wconf 87' lang='lat' dir='ltr'>partim</span> <span class='ocrx_word' id='word_1_104' title='bbox 1228 988 1276 1027; x_wconf 92' lang='lat' dir='ltr'>ut</span> <span class='ocrx_word' id='word_1_105' title='bbox 1303 985 1604 1036; x_wconf 80' lang='lat' dir='ltr'>dissentiones,</span> <span class='ocrx_word' id='word_1_106' title='bbox 1639 1000 1747 1039; x_wconf 88' lang='lat' dir='ltr'>quas</span> <span class='ocrx_word' id='word_1_107' title='bbox 1768 985 1812 1027; x_wconf 89' lang='lat' dir='ltr'>in</span> <span class='ocrx_word' id='word_1_108' title='bbox 1845 988 1966 1028; x_wconf 87' lang='lat' dir='ltr'>secta</span> 
     </span>
     <span class='ocr_line' id='line_1_14' title="bbox 191 1050 1964 1105; baseline 0.001 -13"><span class='ocrx_word' id='word_1_109' title='bbox 191 1065 428 1105; x_wconf 75' lang='lat' dir='ltr'>pei-graues</span> <span class='ocrx_word' id='word_1_110' title='bbox 452 1050 748 1105; x_wconf 85' lang='lat' dir='ltr'>experiuntur,</span> <span class='ocrx_word' id='word_1_111' title='bbox 783 1050 952 1093; x_wconf 89' lang='lat' dir='ltr'>ratione</span> <span class='ocrx_word' id='word_1_112' title='bbox 985 1050 1131 1104; x_wconf 89' lang='lat' dir='ltr'>aliqua</span> <span class='ocrx_word' id='word_1_113' title='bbox 1152 1051 1223 1092; x_wconf 91' lang='lat' dir='ltr'>uel</span> <span class='ocrx_word' id='word_1_114' title='bbox 1247 1054 1571 1105; x_wconf 75' lang='lat' dir='ltr'>componerent,</span> <span class='ocrx_word' id='word_1_115' title='bbox 1606 1051 1675 1093; x_wconf 89' lang='lat' dir='ltr'>uel</span> <span class='ocrx_word' id='word_1_116' title='bbox 1697 1050 1964 1105; x_wconf 85' lang='lat' dir='ltr'>mitigarent.</span> 
     </span>
     <span class='ocr_line' id='line_1_15' title="bbox 191 1116 1966 1170; baseline 0 -12"><span class='ocrx_word' id='word_1_117' title='bbox 191 1116 274 1158; x_wconf 92' lang='lat' dir='ltr'>Vbi</span> <span class='ocrx_word' id='word_1_118' title='bbox 308 1119 604 1158; x_wconf 89' lang='lat' dir='ltr'>conuenerunt</span> <span class='ocrx_word' id='word_1_119' title='bbox 631 1116 857 1158; x_wconf 90' lang='lat' dir='ltr'>Electores</span> <span class='ocrx_word' id='word_1_120' title='bbox 891 1116 987 1166; x_wconf 92' lang='lat' dir='ltr'>duo,</span> <span class='ocrx_word' id='word_1_121' title='bbox 1022 1116 1245 1170; x_wconf 90' lang='lat' dir='ltr'>Principes</span> <span class='ocrx_word' id='word_1_122' title='bbox 1268 1116 1527 1159; x_wconf 84' lang='lat' dir='ltr'>Palatinus1</span> <span class='ocrx_word' id='word_1_123' title='bbox 1560 1119 1604 1158; x_wconf 92' lang='lat' dir='ltr'>et</span> <span class='ocrx_word' id='word_1_124' title='bbox 1627 1116 1743 1158; x_wconf 86' lang='lat' dir='ltr'>Saxo</span> <span class='ocrx_word' id='word_1_125' title='bbox 1759 1118 1788 1166; x_wconf 77' lang='lat'>2,</span> <span class='ocrx_word' id='word_1_126' title='bbox 1822 1117 1966 1159; x_wconf 85' lang='lat' dir='ltr'>Duces</span> 
     </span>
     <span class='ocr_line' id='line_1_16' title="bbox 192 1181 1966 1236; baseline 0.001 -13"><span class='ocrx_word' id='word_1_127' title='bbox 192 1196 294 1223; x_wconf 89' lang='lat' dir='ltr'>uero</span> <span class='ocrx_word' id='word_1_128' title='bbox 316 1182 612 1234; x_wconf 53' lang='lat' dir='ltr'>W‘olfgangus</span> <span class='ocrx_word' id='word_1_129' title='bbox 635 1184 679 1224; x_wconf 91' lang='lat' dir='ltr'>et</span> <span class='ocrx_word' id='word_1_130' title='bbox 700 1181 793 1236; x_wconf 89' lang='lat' dir='ltr'>ipse</span> <span class='ocrx_word' id='word_1_131' title='bbox 815 1181 1041 1224; x_wconf 88' lang='lat' dir='ltr'>Palatinus</span> <span class='ocrx_word' id='word_1_132' title='bbox 1055 1182 1083 1230; x_wconf 85' lang='lat'>3,</span> <span class='ocrx_word' id='word_1_133' title='bbox 1107 1181 1401 1235; x_wconf 83' lang='lat' dir='ltr'>Lantgrauius</span> <span class='ocrx_word' id='word_1_134' title='bbox 1419 1182 1586 1223; x_wconf 89' lang='lat' dir='ltr'>Hessus</span> <span class='ocrx_word' id='word_1_135' title='bbox 1599 1183 1628 1232; x_wconf 80' lang='lat'>4,</span> <span class='ocrx_word' id='word_1_136' title='bbox 1653 1182 1753 1223; x_wconf 91' lang='lat' dir='ltr'>Dux</span> <span class='ocrx_word' id='word_1_137' title='bbox 1770 1182 1827 1223; x_wconf 85' lang='lat' dir='ltr'>W</span> <span class='ocrx_word' id='word_1_138' title='bbox 1830 1181 1966 1224; x_wconf 89' lang='lat' dir='ltr'>irten—</span> 
     </span>
     <span class='ocr_line' id='line_1_17' title="bbox 190 1247 1966 1301; baseline 0.001 -12"><span class='ocrx_word' id='word_1_139' title='bbox 190 1247 468 1300; x_wconf 57' lang='lat' dir='ltr'>bergensisb,</span> <span class='ocrx_word' id='word_1_140' title='bbox 511 1247 704 1289; x_wconf 88' lang='lat' dir='ltr'>Marchio</span> <span class='ocrx_word' id='word_1_141' title='bbox 747 1247 1014 1297; x_wconf 71' lang='lat' dir='ltr'>Badensisss,</span> <span class='ocrx_word' id='word_1_142' title='bbox 1057 1250 1232 1301; x_wconf 87' lang='lat' dir='ltr'>praeter</span> <span class='ocrx_word' id='word_1_143' title='bbox 1273 1247 1455 1289; x_wconf 88' lang='lat' dir='ltr'>aliorum</span> <span class='ocrx_word' id='word_1_144' title='bbox 1498 1247 1733 1289; x_wconf 85' lang='lat' dir='ltr'>Procerum</span> <span class='ocrx_word' id='word_1_145' title='bbox 1774 1247 1966 1300; x_wconf 76' lang='lat' dir='ltr'>Legatos</span> 
     </span>
     <span class='ocr_line' id='line_1_18' title="bbox 189 1312 1965 1367; baseline 0.001 -14"><span class='ocrx_word' id='word_1_146' title='bbox 189 1312 444 1367; x_wconf 72' lang='lat' dir='ltr'>peculiares</span> <span class='ocrx_word' id='word_1_147' title='bbox 489 1313 686 1355; x_wconf 79' lang='lat' dir='ltr'>Aderant</span> <span class='ocrx_word' id='word_1_148' title='bbox 718 1316 760 1355; x_wconf 82' lang='lat' dir='ltr'>et</span> <span class='ocrx_word' id='word_1_149' title='bbox 791 1313 947 1366; x_wconf 79' lang='lat' dir='ltr'>Legati</span> <span class='ocrx_word' id='word_1_150' title='bbox 980 1313 1063 1354; x_wconf 94' lang='lat' dir='ltr'>duo</span> <span class='ocrx_word' id='word_1_151' title='bbox 1086 1312 1310 1355; x_wconf 90' lang='lat' dir='ltr'>Pontificis</span> <span class='ocrx_word' id='word_1_152' title='bbox 1342 1313 1523 1355; x_wconf 81' lang='lat' dir='ltr'>Maximi</span> <span class='ocrx_word' id='word_1_153' title='bbox 1556 1313 1610 1355; x_wconf 89' lang='lat' dir='ltr'>ad</span> <span class='ocrx_word' id='word_1_154' title='bbox 1644 1313 1818 1355; x_wconf 89' lang='lat' dir='ltr'>eosdem</span> <span class='ocrx_word' id='word_1_155' title='bbox 1840 1313 1965 1355; x_wconf 91' lang='lat' dir='ltr'>Prin-</span> 
     </span>
     <span class='ocr_line' id='line_1_19' title="bbox 190 1377 1963 1432; baseline 0.001 -13"><span class='ocrx_word' id='word_1_156' title='bbox 190 1377 307 1432; x_wconf 80' lang='lat' dir='ltr'>cipes</span> <span class='ocrx_word' id='word_1_157' title='bbox 339 1378 472 1427; x_wconf 86' lang='lat' dir='ltr'>missi,</span> <span class='ocrx_word' id='word_1_158' title='bbox 508 1378 578 1431; x_wconf 90' lang='lat' dir='ltr'>qui</span> <span class='ocrx_word' id='word_1_159' title='bbox 613 1392 709 1420; x_wconf 90' lang='lat' dir='ltr'>cum</span> <span class='ocrx_word' id='word_1_160' title='bbox 743 1378 797 1420; x_wconf 86' lang='lat' dir='ltr'>ad</span> <span class='ocrx_word' id='word_1_161' title='bbox 831 1378 1050 1421; x_wconf 78' lang='lat' dir='ltr'>octiduum</span> <span class='ocrx_word' id='word_1_162' title='bbox 1085 1381 1407 1432; x_wconf 76' lang='lat' dir='ltr'>expectassent,</span> <span class='ocrx_word' id='word_1_163' title='bbox 1444 1378 1621 1420; x_wconf 83' lang='lat' dir='ltr'>admissi</span> <span class='ocrx_word' id='word_1_164' title='bbox 1655 1381 1756 1421; x_wconf 88' lang='lat' dir='ltr'>sunt</span> <span class='ocrx_word' id='word_1_165' title='bbox 1787 1379 1963 1421; x_wconf 87' lang='lat' dir='ltr'>tandem</span> 
     </span>
     <span class='ocr_line' id='line_1_20' title="bbox 189 1443 1963 1497; baseline 0.001 -12"><span class='ocrx_word' id='word_1_166' title='bbox 189 1446 234 1485; x_wconf 91' lang='lat' dir='ltr'>et</span> <span class='ocrx_word' id='word_1_167' title='bbox 266 1443 402 1486; x_wconf 88' lang='lat' dir='ltr'>auditi</span> <span class='ocrx_word' id='word_1_168' title='bbox 446 1444 498 1485; x_wconf 89' lang='lat' dir='ltr'>de</span> <span class='ocrx_word' id='word_1_169' title='bbox 530 1443 718 1486; x_wconf 87' lang='lat' dir='ltr'>Concilio</span> <span class='ocrx_word' id='word_1_170' title='bbox 752 1444 948 1486; x_wconf 90' lang='lat' dir='ltr'>Tridenti</span> <span class='ocrx_word' id='word_1_171' title='bbox 982 1443 1241 1485; x_wconf 87' lang='lat' dir='ltr'>celebrando</span> <span class='ocrx_word' id='word_1_172' title='bbox 1259 1444 1286 1486; x_wconf 90' lang='lat'>⁷.</span> <span class='ocrx_word' id='word_1_173' title='bbox 1350 1443 1505 1497; x_wconf 90' lang='lat' dir='ltr'>Neque</span> <span class='ocrx_word' id='word_1_174' title='bbox 1537 1443 1741 1486; x_wconf 87' lang='lat' dir='ltr'>Pontifex</span> <span class='ocrx_word' id='word_1_175' title='bbox 1777 1446 1963 1494; x_wconf 87' lang='lat' dir='ltr'>tantum,</span> 
     </span>
     <span class='ocr_line' id='line_1_21' title="bbox 189 1508 1964 1563; baseline 0.001 -13"><span class='ocrx_word' id='word_1_176' title='bbox 189 1509 264 1551; x_wconf 90' lang='lat' dir='ltr'>sed</span> <span class='ocrx_word' id='word_1_177' title='bbox 297 1508 428 1551; x_wconf 87' lang='lat' dir='ltr'>etiam</span> <span class='ocrx_word' id='word_1_178' title='bbox 462 1509 622 1551; x_wconf 87' lang='lat' dir='ltr'>Caesar</span> <span class='ocrx_word' id='word_1_179' title='bbox 653 1524 731 1563; x_wconf 89' lang='lat' dir='ltr'>per</span> <span class='ocrx_word' id='word_1_180' title='bbox 763 1523 864 1551; x_wconf 91' lang='lat' dir='ltr'>suos</span> <span class='ocrx_word' id='word_1_181' title='bbox 896 1509 1118 1562; x_wconf 58' lang='lat' dir='ltr'>Legatos&amp;</span> <span class='ocrx_word' id='word_1_182' title='bbox 1151 1509 1338 1562; x_wconf 82' lang='lat' dir='ltr'>urgebat</span> <span class='ocrx_word' id='word_1_183' title='bbox 1370 1523 1546 1551; x_wconf 90' lang='lat' dir='ltr'>causam</span> <span class='ocrx_word' id='word_1_184' title='bbox 1578 1509 1778 1563; x_wconf 88' lang='lat' dir='ltr'>Concilij,</span> <span class='ocrx_word' id='word_1_185' title='bbox 1816 1508 1964 1552; x_wconf 89' lang='lat' dir='ltr'>multis</span> 
     </span>
     <span class='ocr_line' id='line_1_22' title="bbox 189 1574 1964 1629; baseline 0.001 -14"><span class='ocrx_word' id='word_1_186' title='bbox 189 1574 328 1616; x_wconf 90' lang='lat' dir='ltr'>modis</span> <span class='ocrx_word' id='word_1_187' title='bbox 351 1575 602 1625; x_wconf 87' lang='lat' dir='ltr'>adhortans,</span> <span class='ocrx_word' id='word_1_188' title='bbox 631 1578 680 1617; x_wconf 90' lang='lat' dir='ltr'>ut</span> <span class='ocrx_word' id='word_1_189' title='bbox 701 1575 971 1629; x_wconf 88' lang='lat' dir='ltr'>praeclaram</span> <span class='ocrx_word' id='word_1_190' title='bbox 995 1575 1106 1616; x_wconf 88' lang='lat' dir='ltr'>hanc</span> <span class='ocrx_word' id='word_1_191' title='bbox 1130 1574 1182 1616; x_wconf 90' lang='lat' dir='ltr'>de</span> <span class='ocrx_word' id='word_1_192' title='bbox 1205 1574 1402 1616; x_wconf 79' lang='lat' dir='ltr'>Ecclesia</span> <span class='ocrx_word' id='word_1_193' title='bbox 1424 1575 1533 1616; x_wconf 90' lang='lat' dir='ltr'>bene</span> <span class='ocrx_word' id='word_1_194' title='bbox 1555 1574 1749 1616; x_wconf 89' lang='lat' dir='ltr'>merendi</span> <span class='ocrx_word' id='word_1_195' title='bbox 1772 1574 1964 1616; x_wconf 89' lang='lat' dir='ltr'>occasio-</span> 
     </span>
     <span class='ocr_line' id='line_1_23' title="bbox 189 1639 1962 1694; baseline 0 -13"><span class='ocrx_word' id='word_1_196' title='bbox 189 1654 286 1682; x_wconf 88' lang='lat' dir='ltr'>nem</span> <span class='ocrx_word' id='word_1_197' title='bbox 329 1640 710 1694; x_wconf 82' lang='lat' dir='ltr'>amplecterentur.</span> <span class='ocrx_word' id='word_1_198' title='bbox 774 1640 893 1682; x_wconf 84' lang='lat' dir='ltr'>Nihil</span> <span class='ocrx_word' id='word_1_199' title='bbox 936 1639 1049 1681; x_wconf 90' lang='lat' dir='ltr'>enim</span> <span class='ocrx_word' id='word_1_200' title='bbox 1091 1640 1281 1694; x_wconf 88' lang='lat' dir='ltr'>spectarj</span> <span class='ocrx_word' id='word_1_201' title='bbox 1324 1643 1369 1683; x_wconf 89' lang='lat' dir='ltr'>et</span> <span class='ocrx_word' id='word_1_202' title='bbox 1402 1640 1550 1693; x_wconf 89' lang='lat' dir='ltr'>quaerj</span> <span class='ocrx_word' id='word_1_203' title='bbox 1590 1640 1633 1681; x_wconf 90' lang='lat' dir='ltr'>in</span> <span class='ocrx_word' id='word_1_204' title='bbox 1673 1639 1755 1682; x_wconf 90' lang='lat' dir='ltr'>hac</span> <span class='ocrx_word' id='word_1_205' title='bbox 1788 1639 1962 1693; x_wconf 85' lang='lat' dir='ltr'>Synodo</span> 
     </span>
     <span class='ocr_line' id='line_1_24' title="bbox 189 1705 1962 1759; baseline 0 -12"><span class='ocrx_word' id='word_1_206' title='bbox 189 1705 327 1755; x_wconf 91' lang='lat' dir='ltr'>aliud,</span> <span class='ocrx_word' id='word_1_207' title='bbox 371 1719 499 1759; x_wconf 89' lang='lat' dir='ltr'>quam</span> <span class='ocrx_word' id='word_1_208' title='bbox 534 1707 581 1747; x_wconf 90' lang='lat' dir='ltr'>ut</span> <span class='ocrx_word' id='word_1_209' title='bbox 613 1705 844 1747; x_wconf 88' lang='lat' dir='ltr'>concordia</span> <span class='ocrx_word' id='word_1_210' title='bbox 877 1707 921 1747; x_wconf 91' lang='lat' dir='ltr'>et</span> <span class='ocrx_word' id='word_1_211' title='bbox 953 1719 1041 1759; x_wconf 85' lang='lat' dir='ltr'>pax</span> <span class='ocrx_word' id='word_1_212' title='bbox 1074 1705 1296 1747; x_wconf 86' lang='lat' dir='ltr'>Ecclesiae</span> <span class='ocrx_word' id='word_1_213' title='bbox 1328 1705 1611 1756; x_wconf 85' lang='lat' dir='ltr'>restituatur,</span> <span class='ocrx_word' id='word_1_214' title='bbox 1647 1705 1820 1759; x_wconf 87' lang='lat' dir='ltr'>plenam</span> <span class='ocrx_word' id='word_1_215' title='bbox 1859 1718 1962 1747; x_wconf 88' lang='lat' dir='ltr'>uero</span> 
     </span>
     <span class='ocr_line' id='line_1_25' title="bbox 188 1770 1963 1824; baseline 0 -12"><span class='ocrx_word' id='word_1_216' title='bbox 188 1771 534 1814; x_wconf 86' lang='lat' dir='ltr'>mansuetudinis</span> <span class='ocrx_word' id='word_1_217' title='bbox 567 1774 612 1813; x_wconf 90' lang='lat' dir='ltr'>et</span> <span class='ocrx_word' id='word_1_218' title='bbox 652 1771 888 1824; x_wconf 85' lang='lat' dir='ltr'>aequitatis</span> <span class='ocrx_word' id='word_1_219' title='bbox 920 1771 1230 1814; x_wconf 85' lang='lat' dir='ltr'>tractationem</span> <span class='ocrx_word' id='word_1_220' title='bbox 1272 1785 1442 1813; x_wconf 91' lang='lat' dir='ltr'>omnem</span> <span class='ocrx_word' id='word_1_221' title='bbox 1479 1770 1568 1812; x_wconf 89' lang='lat' dir='ltr'>illic</span> <span class='ocrx_word' id='word_1_222' title='bbox 1600 1772 1706 1813; x_wconf 85' lang='lat' dir='ltr'>fore.</span> <span class='ocrx_word' id='word_1_223' title='bbox 1771 1770 1963 1812; x_wconf 89' lang='lat' dir='ltr'>Primum</span> 
     </span>
     <span class='ocr_line' id='line_1_26' title="bbox 189 1835 1962 1890; baseline -0.001 -12"><span class='ocrx_word' id='word_1_224' title='bbox 189 1836 407 1878; x_wconf 82' lang='lat' dir='ltr'>Saxoniae</span> <span class='ocrx_word' id='word_1_225' title='bbox 439 1837 541 1878; x_wconf 86' lang='lat' dir='ltr'>Dux</span> <span class='ocrx_word' id='word_1_226' title='bbox 574 1840 618 1879; x_wconf 87' lang='lat' dir='ltr'>et</span> <span class='ocrx_word' id='word_1_227' title='bbox 650 1836 848 1886; x_wconf 85' lang='lat' dir='ltr'>Elector,</span> <span class='ocrx_word' id='word_1_228' title='bbox 891 1836 1067 1890; x_wconf 87' lang='lat' dir='ltr'>Concilij</span> <span class='ocrx_word' id='word_1_229' title='bbox 1106 1836 1308 1879; x_wconf 87' lang='lat' dir='ltr'>instituto</span> <span class='ocrx_word' id='word_1_230' title='bbox 1350 1836 1513 1878; x_wconf 89' lang='lat' dir='ltr'>fauisse</span> <span class='ocrx_word' id='word_1_231' title='bbox 1555 1836 1766 1886; x_wconf 78' lang='lat' dir='ltr'>dicitur9,</span> <span class='ocrx_word' id='word_1_232' title='bbox 1810 1835 1962 1889; x_wconf 85' lang='lat' dir='ltr'>reliqui</span> 
     </span>
     <span class='ocr_line' id='line_1_27' title="bbox 189 1900 1963 1956; baseline 0 -13"><span class='ocrx_word' id='word_1_233' title='bbox 189 1904 488 1956; x_wconf 83' lang='lat' dir='ltr'>repugnarunt</span> <span class='ocrx_word' id='word_1_234' title='bbox 520 1901 716 1952; x_wconf 82' lang='lat' dir='ltr'>fortiter,</span> <span class='ocrx_word' id='word_1_235' title='bbox 761 1905 809 1944; x_wconf 91' lang='lat' dir='ltr'>ut</span> <span class='ocrx_word' id='word_1_236' title='bbox 851 1901 1065 1944; x_wconf 89' lang='lat' dir='ltr'>communi</span> <span class='ocrx_word' id='word_1_237' title='bbox 1108 1902 1279 1944; x_wconf 89' lang='lat' dir='ltr'>nomine</span> <span class='ocrx_word' id='word_1_238' title='bbox 1310 1901 1558 1956; x_wconf 88' lang='lat' dir='ltr'>Principum</span> <span class='ocrx_word' id='word_1_239' title='bbox 1601 1901 1662 1943; x_wconf 89' lang='lat' dir='ltr'>sic</span> <span class='ocrx_word' id='word_1_240' title='bbox 1696 1900 1804 1944; x_wconf 89' lang='lat' dir='ltr'>satis</span> <span class='ocrx_word' id='word_1_241' title='bbox 1836 1904 1963 1955; x_wconf 89' lang='lat' dir='ltr'>petu-</span> 
     </span>
    </p>
   </div>
   <div class='ocr_carea' id='block_1_5' title="bbox 308 2058 1638 2210">
    <p class='ocr_par' dir='ltr' id='par_1_5' title="bbox 308 2058 1638 2210">
     <span class='ocr_line' id='line_1_28' title="bbox 311 2058 948 2102; baseline 0 -10"><span class='ocrx_word' id='word_1_242' title='bbox 311 2060 320 2078; x_wconf 83' lang='lat'><em>¹</em></span> <span class='ocrx_word' id='word_1_243' title='bbox 347 2058 561 2092; x_wconf 85' lang='lat' dir='ltr'>Fridericus.</span> <span class='ocrx_word' id='word_1_244' title='bbox 709 2059 722 2078; x_wconf 87' lang='lat'><em>²</em></span> <span class='ocrx_word' id='word_1_245' title='bbox 748 2058 948 2102; x_wconf 81' lang='lat' dir='ltr'>Augustus.</span> 
     </span>
     <span class='ocr_line' id='line_1_29' title="bbox 309 2110 1638 2156; baseline 0.001 -11"><span class='ocrx_word' id='word_1_246' title='bbox 309 2113 322 2131; x_wconf 80' lang='lat'><strong>³</strong></span> <span class='ocrx_word' id='word_1_247' title='bbox 347 2111 429 2145; x_wconf 84' lang='lat' dir='ltr'>Dux</span> <span class='ocrx_word' id='word_1_248' title='bbox 455 2111 716 2155; x_wconf 82' lang='lat' dir='ltr'>neoburgensis</span> <span class='ocrx_word' id='word_1_249' title='bbox 743 2114 779 2145; x_wconf 89' lang='lat' dir='ltr'>et</span> <span class='ocrx_word' id='word_1_250' title='bbox 804 2111 1012 2156; x_wconf 87' lang='lat' dir='ltr'>bipontinus</span> <span class='ocrx_word' id='word_1_251' title='bbox 1041 2110 1229 2155; x_wconf 63' lang='lat' dir='ltr'>(Neuburg</span> <span class='ocrx_word' id='word_1_252' title='bbox 1256 2112 1325 2145; x_wconf 91' lang='lat' dir='ltr'>und</span> <span class='ocrx_word' id='word_1_253' title='bbox 1353 2111 1638 2155; x_wconf 84' lang='lat' dir='ltr'>Zweibriicken).</span> 
     </span>
     <span class='ocr_line' id='line_1_30' title="bbox 308 2164 1026 2210; baseline 0 -11"><span class='ocrx_word' id='word_1_254' title='bbox 308 2167 320 2185; x_wconf 77' lang='lat'><strong>⁴</strong></span> <span class='ocrx_word' id='word_1_255' title='bbox 346 2164 547 2210; x_wconf 87' lang='lat' dir='ltr'>Philippus.</span> <span class='ocrx_word' id='word_1_256' title='bbox 696 2166 708 2185; x_wconf 84' lang='lat'>⁵</span> <span class='ocrx_word' id='word_1_257' title='bbox 735 2164 1026 2210; x_wconf 77' lang='lat' dir='ltr'>Christophorus.</span> 
     </span>
    </p>
   </div>
   <div class='ocr_carea' id='block_1_6' title="bbox 186 2218 1961 3220">
    <p class='ocr_par' dir='ltr' id='par_1_6' title="bbox 186 2218 1961 2530">
     <span class='ocr_line' id='line_1_31' title="bbox 308 2218 1960 2262; baseline 0.001 -10"><span class='ocrx_word' id='word_1_258' title='bbox 308 2219 321 2238; x_wconf 62' lang='grc' dir='ltr'>θ</span> <span class='ocrx_word' id='word_1_259' title='bbox 348 2218 509 2260; x_wconf 84' lang='lat' dir='ltr'>Carolus,</span> <span class='ocrx_word' id='word_1_260' title='bbox 535 2218 695 2252; x_wconf 85' lang='lat' dir='ltr'>marchio</span> <span class='ocrx_word' id='word_1_261' title='bbox 722 2218 889 2252; x_wconf 84' lang='lat' dir='ltr'>Badenae</span> <span class='ocrx_word' id='word_1_262' title='bbox 925 2218 1150 2252; x_wconf 83' lang='lat' dir='ltr'>durlacensis</span> <span class='ocrx_word' id='word_1_263' title='bbox 1178 2218 1523 2262; x_wconf 85' lang='lat' dir='ltr'>(Baden-Durlach).</span> <span class='ocrx_word' id='word_1_264' title='bbox 1575 2219 1738 2253; x_wconf 85' lang='lat' dir='ltr'>Aderant</span> <span class='ocrx_word' id='word_1_265' title='bbox 1771 2219 1879 2253; x_wconf 88' lang='lat' dir='ltr'>etiam</span> <span class='ocrx_word' id='word_1_266' title='bbox 1908 2219 1960 2253; x_wconf 93' lang='lat' dir='ltr'>Io-</span> 
     </span>
     <span class='ocr_line' id='line_1_32' title="bbox 187 2271 1960 2317; baseline 0.001 -11"><span class='ocrx_word' id='word_1_267' title='bbox 187 2284 299 2306; x_wconf 86' lang='lat' dir='ltr'>annes</span> <span class='ocrx_word' id='word_1_268' title='bbox 325 2271 530 2306; x_wconf 86' lang='lat' dir='ltr'>Fridericus</span> <span class='ocrx_word' id='word_1_269' title='bbox 557 2271 734 2306; x_wconf 81' lang='lat' dir='ltr'>Saxoniae</span> <span class='ocrx_word' id='word_1_270' title='bbox 762 2274 799 2306; x_wconf 87' lang='lat' dir='ltr'>et</span> <span class='ocrx_word' id='word_1_271' title='bbox 824 2271 1018 2306; x_wconf 83' lang='lat' dir='ltr'>Udalricus</span> <span class='ocrx_word' id='word_1_272' title='bbox 1044 2271 1282 2317; x_wconf 83' lang='lat' dir='ltr'>Megalopolis</span> <span class='ocrx_word' id='word_1_273' title='bbox 1321 2272 1448 2313; x_wconf 88' lang='lat' dir='ltr'>duces,</span> <span class='ocrx_word' id='word_1_274' title='bbox 1486 2272 1662 2306; x_wconf 87' lang='lat' dir='ltr'>Ernestus</span> <span class='ocrx_word' id='word_1_275' title='bbox 1698 2275 1734 2306; x_wconf 90' lang='lat' dir='ltr'>et</span> <span class='ocrx_word' id='word_1_276' title='bbox 1760 2271 1960 2317; x_wconf 88' lang='lat' dir='ltr'>Philippus,</span> 
     </span>
     <span class='ocr_line' id='line_1_33' title="bbox 187 2324 1961 2371; baseline -0.001 -11"><span class='ocrx_word' id='word_1_277' title='bbox 187 2326 297 2360; x_wconf 88' lang='lat' dir='ltr'>duces</span> <span class='ocrx_word' id='word_1_278' title='bbox 322 2325 854 2369; x_wconf 75' lang='lat' dir='ltr'>brunsvieo-grubenhagenses</span> <span class='ocrx_word' id='word_1_279' title='bbox 876 2324 1489 2369; x_wconf 78' lang='lat' dir='ltr'>(Braunschweig-Grubenhagen),</span> <span class='ocrx_word' id='word_1_280' title='bbox 1520 2325 1581 2359; x_wconf 90' lang='lat' dir='ltr'>alii</span> <span class='ocrx_word' id='word_1_281' title='bbox 1607 2325 1788 2371; x_wconf 85' lang='lat' dir='ltr'>principes</span> <span class='ocrx_word' id='word_1_282' title='bbox 1814 2325 1961 2360; x_wconf 89' lang='lat' dir='ltr'>domini—</span> 
     </span>
     <span class='ocr_line' id='line_1_34' title="bbox 187 2378 1960 2423; baseline 0.001 -11"><span class='ocrx_word' id='word_1_283' title='bbox 187 2390 257 2423; x_wconf 89' lang='lat' dir='ltr'>que</span> <span class='ocrx_word' id='word_1_284' title='bbox 282 2379 397 2420; x_wconf 78' lang='lat' dir='ltr'>multi,</span> <span class='ocrx_word' id='word_1_285' title='bbox 424 2381 568 2423; x_wconf 87' lang='lat' dir='ltr'>praeter</span> <span class='ocrx_word' id='word_1_286' title='bbox 593 2378 734 2422; x_wconf 86' lang='lat' dir='ltr'>legatos</span> <span class='ocrx_word' id='word_1_287' title='bbox 763 2379 843 2422; x_wconf 74' lang='lat' dir='ltr'>(Fr.</span> <span class='ocrx_word' id='word_1_288' title='bbox 872 2380 974 2413; x_wconf 83' lang='lat' dir='ltr'>Dom.</span> <span class='ocrx_word' id='word_1_289' title='bbox 995 2380 1184 2423; x_wconf 78' lang='lat' dir='ltr'>Hiiberlin,</span> <span class='ocrx_word' id='word_1_290' title='bbox 1211 2378 1369 2413; x_wconf 87' lang='lat' dir='ltr'>Neueste</span> <span class='ocrx_word' id='word_1_291' title='bbox 1395 2378 1574 2413; x_wconf 89' lang='lat' dir='ltr'>Teutsche</span> <span class='ocrx_word' id='word_1_292' title='bbox 1593 2378 1960 2414; x_wconf 86' lang='lat' dir='ltr'>Reichs-Geschichte</span> 
     </span>
     <span class='ocr_line' id='line_1_35' title="bbox 186 2431 1960 2476; baseline 0.001 -11"><span class='ocrx_word' id='word_1_293' title='bbox 186 2432 237 2466; x_wconf 91' lang='lat' dir='ltr'>IV</span> <span class='ocrx_word' id='word_1_294' title='bbox 265 2431 384 2476; x_wconf 88' lang='lat' dir='ltr'>[Halle</span> <span class='ocrx_word' id='word_1_295' title='bbox 413 2431 529 2476; x_wconf 83' lang='lat'>1777],</span> <span class='ocrx_word' id='word_1_296' title='bbox 556 2432 754 2467; x_wconf 70' lang='lat'>319-320.</span> <span class='ocrx_word' id='word_1_297' title='bbox 790 2433 876 2466; x_wconf 72' lang='lat' dir='ltr'>Roh.</span> <span class='ocrx_word' id='word_1_298' title='bbox 899 2433 1073 2476; x_wconf 77' lang='lat' dir='ltr'>Calinich,</span> <span class='ocrx_word' id='word_1_299' title='bbox 1099 2432 1172 2466; x_wconf 91' lang='lat' dir='ltr'>Der</span> <span class='ocrx_word' id='word_1_300' title='bbox 1189 2431 1442 2475; x_wconf 85' lang='lat' dir='ltr'>Naumburger</span> <span class='ocrx_word' id='word_1_301' title='bbox 1460 2432 1680 2476; x_wconf 82' lang='lat' dir='ltr'>Fiirstentag</span> <span class='ocrx_word' id='word_1_302' title='bbox 1708 2432 1795 2466; x_wconf 87' lang='lat'>1561</span> <span class='ocrx_word' id='word_1_303' title='bbox 1826 2431 1960 2476; x_wconf 78' lang='lat' dir='ltr'>[Gotha</span> 
     </span>
     <span class='ocr_line' id='line_1_36' title="bbox 192 2485 603 2530; baseline -0.002 -10"><span class='ocrx_word' id='word_1_304' title='bbox 192 2485 297 2529; x_wconf 84' lang='lat'>1870]</span> <span class='ocrx_word' id='word_1_305' title='bbox 325 2498 356 2530; x_wconf 92' lang='lat' dir='ltr'>p.</span> <span class='ocrx_word' id='word_1_306' title='bbox 388 2485 603 2527; x_wconf 82' lang='lat'>133—134).</span> 
     </span>
    </p>

    <p class='ocr_par' dir='ltr' id='par_1_7' title="bbox 186 2538 1958 2795">
     <span class='ocr_line' id='line_1_37' title="bbox 308 2538 1957 2584; baseline 0.001 -12"><span class='ocrx_word' id='word_1_307' title='bbox 308 2540 319 2559; x_wconf 74' lang='lat'><strong>⁷</strong></span> <span class='ocrx_word' id='word_1_308' title='bbox 345 2538 538 2573; x_wconf 86' lang='lat' dir='ltr'>Zacharias</span> <span class='ocrx_word' id='word_1_309' title='bbox 563 2538 764 2582; x_wconf 85' lang='lat' dir='ltr'>Delphinus</span> <span class='ocrx_word' id='word_1_310' title='bbox 799 2541 835 2573; x_wconf 88' lang='lat' dir='ltr'>et</span> <span class='ocrx_word' id='word_1_311' title='bbox 870 2539 1022 2573; x_wconf 86' lang='lat' dir='ltr'>Ioannes</span> <span class='ocrx_word' id='word_1_312' title='bbox 1048 2538 1263 2573; x_wconf 87' lang='lat' dir='ltr'>Franciscus</span> <span class='ocrx_word' id='word_1_313' title='bbox 1291 2538 1576 2573; x_wconf 89' lang='lat' dir='ltr'>Commendonus</span> <span class='ocrx_word' id='word_1_314' title='bbox 1615 2539 1674 2582; x_wconf 89' lang='lat' dir='ltr'>(de</span> <span class='ocrx_word' id='word_1_315' title='bbox 1710 2539 1840 2584; x_wconf 90' lang='lat' dir='ltr'>quibus</span> <span class='ocrx_word' id='word_1_316' title='bbox 1871 2540 1957 2573; x_wconf 80' lang='lat' dir='ltr'>Can.</span> 
     </span>
     <span class='ocr_line' id='line_1_38' title="bbox 188 2591 1958 2637; baseline 0 -11"><span class='ocrx_word' id='word_1_317' title='bbox 188 2592 277 2637; x_wconf 85' lang='lat' dir='ltr'>Epp.</span> <span class='ocrx_word' id='word_1_318' title='bbox 304 2592 348 2633; x_wconf 86' lang='grc' dir='ltr'>ΙΙ,</span> <span class='ocrx_word' id='word_1_319' title='bbox 376 2592 573 2626; x_wconf 80' lang='lat'>711—712.</span> <span class='ocrx_word' id='word_1_320' title='bbox 602 2592 818 2636; x_wconf 80' lang='lat'>772-773),</span> <span class='ocrx_word' id='word_1_321' title='bbox 847 2593 900 2627; x_wconf 89' lang='lat'>14.</span> <span class='ocrx_word' id='word_1_322' title='bbox 928 2592 1084 2626; x_wconf 88' lang='lat' dir='ltr'>Ianuarii</span> <span class='ocrx_word' id='word_1_323' title='bbox 1112 2592 1325 2626; x_wconf 87' lang='lat' dir='ltr'>Vindobona</span> <span class='ocrx_word' id='word_1_324' title='bbox 1350 2592 1521 2637; x_wconf 85' lang='lat' dir='ltr'>profecti,</span> <span class='ocrx_word' id='word_1_325' title='bbox 1561 2592 1615 2627; x_wconf 71' lang='lat'>28.</span> <span class='ocrx_word' id='word_1_326' title='bbox 1643 2591 1800 2626; x_wconf 84' lang='lat' dir='ltr'>Ianuarii</span> <span class='ocrx_word' id='word_1_327' title='bbox 1826 2591 1958 2626; x_wconf 86' lang='lat' dir='ltr'>Naum-</span> 
     </span>
     <span class='ocr_line' id='line_1_39' title="bbox 186 2645 1958 2690; baseline 0.001 -11"><span class='ocrx_word' id='word_1_328' title='bbox 186 2646 341 2689; x_wconf 90' lang='lat' dir='ltr'>burgum</span> <span class='ocrx_word' id='word_1_329' title='bbox 373 2645 535 2684; x_wconf 85' lang='lat' dir='ltr'>advecti,</span> <span class='ocrx_word' id='word_1_330' title='bbox 571 2645 717 2679; x_wconf 89' lang='lat' dir='ltr'>ineunte</span> <span class='ocrx_word' id='word_1_331' title='bbox 743 2657 790 2680; x_wconf 88' lang='lat' dir='ltr'>m.</span> <span class='ocrx_word' id='word_1_332' title='bbox 816 2645 1012 2679; x_wconf 83' lang='lat' dir='ltr'>Februario</span> <span class='ocrx_word' id='word_1_333' title='bbox 1041 2645 1128 2679; x_wconf 87' lang='lat'>1561</span> <span class='ocrx_word' id='word_1_334' title='bbox 1157 2645 1193 2679; x_wconf 93' lang='lat' dir='ltr'>in</span> <span class='ocrx_word' id='word_1_335' title='bbox 1228 2645 1429 2690; x_wconf 89' lang='lat' dir='ltr'>principum</span> <span class='ocrx_word' id='word_1_336' title='bbox 1465 2657 1672 2680; x_wconf 86' lang='lat' dir='ltr'>consessum</span> <span class='ocrx_word' id='word_1_337' title='bbox 1699 2645 1847 2680; x_wconf 87' lang='lat' dir='ltr'>admissi</span> <span class='ocrx_word' id='word_1_338' title='bbox 1872 2648 1958 2680; x_wconf 89' lang='lat' dir='ltr'>sunt</span> 
     </span>
     <span class='ocr_line' id='line_1_40' title="bbox 190 2697 1958 2742; baseline 0 -10"><span class='ocrx_word' id='word_1_339' title='bbox 190 2698 272 2742; x_wconf 81' lang='lat' dir='ltr'>(Ed.</span> <span class='ocrx_word' id='word_1_340' title='bbox 299 2700 497 2742; x_wconf 77' lang='lat' dir='ltr'>Rez&#39;mann,</span> <span class='ocrx_word' id='word_1_341' title='bbox 524 2698 590 2732; x_wconf 91' lang='lat' dir='ltr'>Die</span> <span class='ocrx_word' id='word_1_342' title='bbox 616 2698 787 2742; x_wconf 83' lang='lat' dir='ltr'>Sendung</span> <span class='ocrx_word' id='word_1_343' title='bbox 813 2698 876 2732; x_wconf 87' lang='lat' dir='ltr'>des</span> <span class='ocrx_word' id='word_1_344' title='bbox 902 2698 1063 2732; x_wconf 90' lang='lat' dir='ltr'>Nunzius</span> <span class='ocrx_word' id='word_1_345' title='bbox 1090 2697 1354 2732; x_wconf 88' lang='lat' dir='ltr'>Commendone</span> <span class='ocrx_word' id='word_1_346' title='bbox 1380 2698 1472 2732; x_wconf 87' lang='lat' dir='ltr'>nach</span> <span class='ocrx_word' id='word_1_347' title='bbox 1498 2697 1745 2733; x_wconf 86' lang='lat' dir='ltr'>Deutschland</span> <span class='ocrx_word' id='word_1_348' title='bbox 1770 2698 1819 2732; x_wconf 91' lang='lat' dir='ltr'>im</span> <span class='ocrx_word' id='word_1_349' title='bbox 1846 2698 1958 2733; x_wconf 86' lang='lat' dir='ltr'>Jahre</span> 
     </span>
     <span class='ocr_line' id='line_1_41' title="bbox 189 2750 1954 2795; baseline 0.001 -10"><span class='ocrx_word' id='word_1_350' title='bbox 189 2753 291 2793; x_wconf 86' lang='grc'><strong>1561,</strong></span> <span class='ocrx_word' id='word_1_351' title='bbox 317 2751 354 2786; x_wconf 93' lang='lat' dir='ltr'>in</span> <span class='ocrx_word' id='word_1_352' title='bbox 384 2751 661 2795; x_wconf 83' lang='lat' dir='ltr'>„Forschungen</span> <span class='ocrx_word' id='word_1_353' title='bbox 687 2763 751 2786; x_wconf 92' lang='lat' dir='ltr'>zur</span> <span class='ocrx_word' id='word_1_354' title='bbox 776 2751 975 2786; x_wconf 87' lang='lat' dir='ltr'>deutschen</span> <span class='ocrx_word' id='word_1_355' title='bbox 994 2751 1231 2786; x_wconf 70' lang='lat' dir='ltr'>Gescffichte‘</span> <span class='ocrx_word' id='word_1_356' title='bbox 1261 2751 1330 2786; x_wconf 90' lang='lat' dir='ltr'>VII</span> <span class='ocrx_word' id='word_1_357' title='bbox 1357 2750 1566 2795; x_wconf 75' lang='lat' dir='ltr'>[Gottingen</span> <span class='ocrx_word' id='word_1_358' title='bbox 1595 2750 1710 2795; x_wconf 81' lang='lat' dir='ltr'>1867J,</span> <span class='ocrx_word' id='word_1_359' title='bbox 1738 2752 1954 2794; x_wconf 81' lang='lat'>243—244).</span> 
     </span>
    </p>

    <p class='ocr_par' dir='ltr' id='par_1_8' title="bbox 186 2804 1955 2902">
     <span class='ocr_line' id='line_1_42' title="bbox 306 2804 1955 2846; baseline 0.001 -8"><span class='ocrx_word' id='word_1_360' title='bbox 306 2806 320 2825; x_wconf 81' lang='lat'><strong>⁸</strong></span> <span class='ocrx_word' id='word_1_361' title='bbox 346 2805 515 2839; x_wconf 89' lang='lat' dir='ltr'>Ottonem</span> <span class='ocrx_word' id='word_1_362' title='bbox 541 2805 707 2839; x_wconf 85' lang='lat' dir='ltr'>comitem</span> <span class='ocrx_word' id='word_1_363' title='bbox 734 2805 777 2839; x_wconf 90' lang='lat' dir='ltr'>de</span> <span class='ocrx_word' id='word_1_364' title='bbox 796 2804 995 2846; x_wconf 79' lang='lat' dir='ltr'>Eberstein,</span> <span class='ocrx_word' id='word_1_365' title='bbox 1023 2804 1242 2839; x_wconf 84' lang='lat' dir='ltr'>Bohuslaum</span> <span class='ocrx_word' id='word_1_366' title='bbox 1269 2804 1423 2839; x_wconf 89' lang='lat' dir='ltr'>Felicem</span> <span class='ocrx_word' id='word_1_367' title='bbox 1450 2805 1493 2839; x_wconf 85' lang='lat' dir='ltr'>de</span> <span class='ocrx_word' id='word_1_368' title='bbox 1511 2804 1759 2845; x_wconf 87' lang='lat' dir='ltr'>Hassenstein‚</span> <span class='ocrx_word' id='word_1_369' title='bbox 1786 2804 1828 2839; x_wconf 93' lang='lat' dir='ltr'>D.</span> <span class='ocrx_word' id='word_1_370' title='bbox 1847 2804 1955 2839; x_wconf 83' lang='lat' dir='ltr'>Geor-</span> 
     </span>
     <span class='ocr_line' id='line_1_43' title="bbox 186 2857 1906 2902; baseline 0.001 -11"><span class='ocrx_word' id='word_1_371' title='bbox 186 2857 285 2901; x_wconf 79' lang='lat' dir='ltr'>gium</span> <span class='ocrx_word' id='word_1_372' title='bbox 312 2858 406 2892; x_wconf 86' lang='lat' dir='ltr'>Meel</span> <span class='ocrx_word' id='word_1_373' title='bbox 435 2857 563 2901; x_wconf 86' lang='lat' dir='ltr'>(Meal)</span> <span class='ocrx_word' id='word_1_374' title='bbox 592 2858 635 2891; x_wconf 91' lang='lat' dir='ltr'>de</span> <span class='ocrx_word' id='word_1_375' title='bbox 663 2857 792 2892; x_wconf 76' lang='lat' dir='ltr'>Stroliz</span> <span class='ocrx_word' id='word_1_376' title='bbox 821 2858 964 2901; x_wconf 74' lang='lat' dir='ltr'>(Sielcel,</span> <span class='ocrx_word' id='word_1_377' title='bbox 990 2857 1115 2892; x_wconf 84' lang='lat' dir='ltr'>Trient</span> <span class='ocrx_word' id='word_1_378' title='bbox 1139 2869 1172 2902; x_wconf 88' lang='lat' dir='ltr'>p.</span> <span class='ocrx_word' id='word_1_379' title='bbox 1204 2859 1281 2892; x_wconf 85' lang='lat'>157.</span> <span class='ocrx_word' id='word_1_380' title='bbox 1335 2858 1497 2892; x_wconf 79' lang='lat' dir='ltr'>Calinich</span> <span class='ocrx_word' id='word_1_381' title='bbox 1522 2858 1546 2892; x_wconf 92' lang='lat' dir='ltr'>l.</span> <span class='ocrx_word' id='word_1_382' title='bbox 1573 2869 1602 2892; x_wconf 85' lang='lat' dir='ltr'>c.</span> <span class='ocrx_word' id='word_1_383' title='bbox 1629 2870 1662 2902; x_wconf 87' lang='lat' dir='ltr'>p.</span> <span class='ocrx_word' id='word_1_384' title='bbox 1693 2857 1906 2901; x_wconf 83' lang='lat'>190—192).</span> 
     </span>
    </p>

    <p class='ocr_par' dir='ltr' id='par_1_9' title="bbox 186 2910 1956 3220">
     <span class='ocr_line' id='line_1_44' title="bbox 306 2910 1956 2955; baseline -0.001 -10"><span class='ocrx_word' id='word_1_385' title='bbox 306 2912 319 2932; x_wconf 79' lang='lat'>⁹</span> <span class='ocrx_word' id='word_1_386' title='bbox 345 2911 450 2946; x_wconf 89' lang='lat' dir='ltr'>Hunc</span> <span class='ocrx_word' id='word_1_387' title='bbox 485 2913 581 2945; x_wconf 86' lang='lat' dir='ltr'>certe</span> <span class='ocrx_word' id='word_1_388' title='bbox 616 2911 653 2944; x_wconf 92' lang='lat' dir='ltr'>in</span> <span class='ocrx_word' id='word_1_389' title='bbox 686 2911 832 2945; x_wconf 88' lang='lat' dir='ltr'>nuntios</span> <span class='ocrx_word' id='word_1_390' title='bbox 866 2911 985 2945; x_wconf 89' lang='lat' dir='ltr'>animo</span> <span class='ocrx_word' id='word_1_391' title='bbox 1019 2911 1116 2946; x_wconf 89' lang='lat' dir='ltr'>haud</span> <span class='ocrx_word' id='word_1_392' title='bbox 1150 2911 1202 2945; x_wconf 89' lang='lat' dir='ltr'>ita</span> <span class='ocrx_word' id='word_1_393' title='bbox 1237 2911 1369 2945; x_wconf 88' lang='lat' dir='ltr'>infesto</span> <span class='ocrx_word' id='word_1_394' title='bbox 1395 2911 1526 2953; x_wconf 80' lang='lat' dir='ltr'>fuisse,</span> <span class='ocrx_word' id='word_1_395' title='bbox 1557 2923 1601 2945; x_wconf 87' lang='lat' dir='ltr'>ex</span> <span class='ocrx_word' id='word_1_396' title='bbox 1628 2911 1799 2955; x_wconf 62' lang='lat' dir='ltr'>Delphini</span> <span class='ocrx_word' id='word_1_397' title='bbox 1823 2910 1956 2945; x_wconf 86' lang='lat' dir='ltr'>litteris</span> 
     </span>
     <span class='ocr_line' id='line_1_45' title="bbox 186 2963 1955 3008; baseline -0.001 -10"><span class='ocrx_word' id='word_1_398' title='bbox 186 2964 419 3007; x_wconf 83' lang='lat' dir='ltr'>Naumburgo</span> <span class='ocrx_word' id='word_1_399' title='bbox 459 2965 513 2998; x_wconf 90' lang='lat'>10.</span> <span class='ocrx_word' id='word_1_400' title='bbox 549 2964 733 2998; x_wconf 87' lang='lat' dir='ltr'>Februarii</span> <span class='ocrx_word' id='word_1_401' title='bbox 774 2965 861 2998; x_wconf 88' lang='lat'>1561</span> <span class='ocrx_word' id='word_1_402' title='bbox 903 2964 948 2998; x_wconf 85' lang='lat' dir='ltr'>ad</span> <span class='ocrx_word' id='word_1_403' title='bbox 985 2963 1250 2998; x_wconf 82' lang='lat' dir='ltr'>Ferdinandum</span> <span class='ocrx_word' id='word_1_404' title='bbox 1284 2964 1310 2998; x_wconf 96' lang='lat' dir='ltr'>I.</span> <span class='ocrx_word' id='word_1_405' title='bbox 1350 2975 1534 2998; x_wconf 86' lang='lat' dir='ltr'>caesarem</span> <span class='ocrx_word' id='word_1_406' title='bbox 1572 2964 1667 2998; x_wconf 82' lang='lat' dir='ltr'>datis</span> <span class='ocrx_word' id='word_1_407' title='bbox 1708 2963 1815 3008; x_wconf 87' lang='lat' dir='ltr'>(apud</span> <span class='ocrx_word' id='word_1_408' title='bbox 1842 2964 1885 2998; x_wconf 82' lang='lat' dir='ltr'>F.</span> <span class='ocrx_word' id='word_1_409' title='bbox 1912 2964 1955 2998; x_wconf 87' lang='lat' dir='ltr'>B.</span> 
     </span>
     <span class='ocr_line' id='line_1_46' title="bbox 188 3015 1954 3061; baseline 0.001 -11"><span class='ocrx_word' id='word_1_410' title='bbox 188 3029 215 3050; x_wconf 79' lang='lat' dir='ltr'>c.</span> <span class='ocrx_word' id='word_1_411' title='bbox 250 3018 441 3061; x_wconf 70' lang='lat' dir='ltr'>Becchohz,</span> <span class='ocrx_word' id='word_1_412' title='bbox 487 3016 702 3051; x_wconf 83' lang='lat' dir='ltr'>Geschichte</span> <span class='ocrx_word' id='word_1_413' title='bbox 740 3018 803 3051; x_wconf 86' lang='lat' dir='ltr'>der</span> <span class='ocrx_word' id='word_1_414' title='bbox 838 3017 1046 3060; x_wconf 85' lang='lat' dir='ltr'>Regierung</span> <span class='ocrx_word' id='word_1_415' title='bbox 1080 3017 1281 3051; x_wconf 84' lang='lat' dir='ltr'>Ferdinand</span> <span class='ocrx_word' id='word_1_416' title='bbox 1317 3017 1381 3051; x_wconf 88' lang='lat' dir='ltr'>des</span> <span class='ocrx_word' id='word_1_417' title='bbox 1416 3016 1546 3051; x_wconf 88' lang='lat' dir='ltr'>Ersten</span> <span class='ocrx_word' id='word_1_418' title='bbox 1580 3016 1631 3050; x_wconf 91' lang='lat' dir='ltr'>IX</span> <span class='ocrx_word' id='word_1_419' title='bbox 1676 3015 1797 3060; x_wconf 90' lang='lat' dir='ltr'>[Wien</span> <span class='ocrx_word' id='word_1_420' title='bbox 1838 3015 1954 3060; x_wconf 80' lang='lat' dir='ltr'>1838J,</span> 
     </span>
     <span class='ocr_line' id='line_1_47' title="bbox 187 3068 1949 3115; baseline 0 -11"><span class='ocrx_word' id='word_1_421' title='bbox 187 3070 390 3111; x_wconf 80' lang='lat'>673—677)</span> <span class='ocrx_word' id='word_1_422' title='bbox 419 3074 455 3104; x_wconf 90' lang='lat' dir='ltr'>et</span> <span class='ocrx_word' id='word_1_423' title='bbox 480 3082 526 3104; x_wconf 83' lang='lat' dir='ltr'>ex</span> <span class='ocrx_word' id='word_1_424' title='bbox 551 3070 706 3115; x_wconf 87' lang='lat' dir='ltr'>epistula</span> <span class='ocrx_word' id='word_1_425' title='bbox 732 3082 753 3104; x_wconf 91' lang='lat' dir='ltr'>a</span> <span class='ocrx_word' id='word_1_426' title='bbox 782 3071 1037 3104; x_wconf 80' lang='lat' dir='ltr'>Commendono</span> <span class='ocrx_word' id='word_1_427' title='bbox 1064 3073 1100 3104; x_wconf 84' lang='lat' dir='ltr'>et</span> <span class='ocrx_word' id='word_1_428' title='bbox 1126 3071 1304 3113; x_wconf 72' lang='lat' dir='ltr'>Delphino</span> <span class='ocrx_word' id='word_1_429' title='bbox 1329 3069 1563 3113; x_wconf 85' lang='lat' dir='ltr'>Naumburgo</span> <span class='ocrx_word' id='word_1_430' title='bbox 1589 3068 1621 3103; x_wconf 88' lang='grc'>8.</span> <span class='ocrx_word' id='word_1_431' title='bbox 1649 3069 1834 3103; x_wconf 86' lang='lat' dir='ltr'>Februarii</span> <span class='ocrx_word' id='word_1_432' title='bbox 1862 3070 1949 3104; x_wconf 88' lang='grc'><strong>1561</strong></span> 
     </span>
     <span class='ocr_line' id='line_1_48' title="bbox 187 3121 1952 3167; baseline 0 -11"><span class='ocrx_word' id='word_1_433' title='bbox 187 3123 231 3156; x_wconf 89' lang='lat' dir='ltr'>ad</span> <span class='ocrx_word' id='word_1_434' title='bbox 258 3122 292 3157; x_wconf 85' lang='lat' dir='ltr'>S.</span> <span class='ocrx_word' id='word_1_435' title='bbox 321 3122 487 3157; x_wconf 88' lang='lat' dir='ltr'>Carolum</span> <span class='ocrx_word' id='word_1_436' title='bbox 513 3123 769 3158; x_wconf 88' lang='lat' dir='ltr'>Borromaeum</span> <span class='ocrx_word' id='word_1_437' title='bbox 803 3124 915 3157; x_wconf 86' lang='lat' dir='ltr'>missa</span> <span class='ocrx_word' id='word_1_438' title='bbox 953 3123 1004 3167; x_wconf 91' lang='lat' dir='ltr'>(in</span> <span class='ocrx_word' id='word_1_439' title='bbox 1035 3124 1284 3165; x_wconf 66' lang='lat' dir='ltr'>„Miscellanea</span> <span class='ocrx_word' id='word_1_440' title='bbox 1310 3123 1344 3156; x_wconf 90' lang='lat' dir='ltr'>di</span> <span class='ocrx_word' id='word_1_441' title='bbox 1379 3123 1492 3157; x_wconf 85' lang='lat' dir='ltr'>storia</span> <span class='ocrx_word' id='word_1_442' title='bbox 1527 3122 1696 3157; x_wconf 78' lang='lat' dir='ltr'>italiana¹⁴</span> <span class='ocrx_word' id='word_1_443' title='bbox 1726 3121 1777 3156; x_wconf 92' lang='lat' dir='ltr'>VI</span> <span class='ocrx_word' id='word_1_444' title='bbox 1805 3121 1952 3167; x_wconf 89' lang='lat' dir='ltr'>[Torino</span> 
     </span>
     <span class='ocr_line' id='line_1_49' title="bbox 189 3175 655 3220; baseline 0 -10"><span class='ocrx_word' id='word_1_445' title='bbox 189 3175 306 3220; x_wconf 83' lang='lat' dir='ltr'>1865J,</span> <span class='ocrx_word' id='word_1_446' title='bbox 333 3176 393 3220; x_wconf 89' lang='grc'>61)</span> <span class='ocrx_word' id='word_1_447' title='bbox 421 3176 655 3219; x_wconf 83' lang='lat' dir='ltr'>intellegitur.</span> 
     </span>
    </p>
   </div>
   <div class='ocr_carea' id='block_1_7' title="bbox 2046 0 2093 3444">
    <p class='ocr_par' dir='ltr' id='par_1_10' title="bbox 2046 0 2093 3444">
     <span class='ocr_line' id='line_1_50' title="bbox 2046 0 2093 3444; baseline 0 0"><span class='ocrx_word' id='word_1_448' title='bbox 2046 0 2093 3444; x_wconf 95' lang='lat' dir='ltr'> </span> 
     </span>
    </p>
   </div>
  </div>
 </body>
</html>
