2093 3444
210 222 293 262 636
601 217 757 251 Monum.
787 217 1022 261 (augustana)
1050 219 1130 253 255.
1161 219 1209 262 (2.
1236 219 1420 254 Februarii
1448 220 1566 264 1562.)

207 337 304 379 loqui
331 346 390 367 nee
417 335 587 378 Staphylo
612 336 744 378 solum,
770 336 829 368 sed
853 337 940 378 ipsis
966 337 1069 369 etiam
1096 337 1161 371 SS.
1187 338 1388 381 Boram-do,
1419 338 1592 380 Greqorio
1619 343 1689 382 etc„
1716 341 1868 373 maxime
1892 351 1972 374 vero

208 390 245 422 S.
272 389 467 422 Francisco
494 389 690 421 Assisinati
716 388 931 422 maledicere.
977 390 1019 422 Si
1044 390 1122 433 quis
1149 392 1267 423 omnia.
1296 391 1509 424 Sanctorum
1533 393 1711 425 miracula
1738 397 1853 436 neqet,
1879 393 1973 426 hunc

205 443 276 484 ipsi
301 443 405 474 etiam
432 442 607 485 evcmqelio
633 442 827 474 adversari.
871 442 1068 476 Catholicos
1091 454 1157 476 sua
1181 443 1307 476 habere
1332 444 1520 487 miracala,
1548 445 1752 488 Auqustini,
1781 446 1972 490 Ambrosii,

205 495 336 528 Basilii
371 498 428 527 etc.
456 496 662 527 testimoniis
695 496 849 536 firmata.
903 496 1180 530 Protestantilms
1215 497 1298 529 haec
1327 498 1469 541 potins,
1505 509 1611 541 quam
1647 499 1817 541 quaslibet
1850 510 1971 532 rerum

209 559 379 581 novarum
406 549 694 591 mirabiliumque
721 550 1019 582 narratiunculas
1045 551 1235 584 credendas
1261 562 1338 583 esse.

327 637 525 678 Carisius
558 638 600 677 in
635 639 821 678 contione
853 639 893 679 2.
918 637 1149 680 Februarii
1173 640 1287 680 1562
1310 640 1526 692 Λυρκείας)
1559 641 1602 681 in
1637 641 1805 682 ecclesia
1837 641 1972 682 cathe-

208 702 323 742 drali
344 702 488 743 habita
514 702 564 743 de
586 703 692 743 libro
720 703 919 753 „Centum
942 703 1087 744 selecta
1112 738 1120 745 .
1148 738 1155 745 .
1182 738 1189 745 .
1216 704 1439 745 mendacia
1458 705 1696 758 papistich
1721 705 1973 757 („Hzmdert

207 769 446 808 auserzcelz‘e
480 802 485 807 .
514 802 520 808 .
549 801 555 807 .
584 767 842 822 papistische
865 767 1036 821 Liiqen“
1037 769 1063 821 )
1078 769 1104 821 1,
1140 769 1191 809 <ab
1214 769 1474 823 Hieronymo
1494 770 1716 811 Rauscher
1736 771 1970 825 lzctlzerano,

207 833 400 874 Palatini·
440 832 738 885 neoburqensis
772 834 1074 886 contionatore,
1114 835 1246 888 paulo
1280 839 1377 875 (mie
1417 835 1547 888 edito,
1586 850 1728 890 pauca
1760 837 1969 891 quaedam

203 898 432 952 generatim
461 897 713 951 praefatus,
756 898 856 938 haec
889 898 997 939 dixit
1009 914 1022 939 .·
1062 898 1190 940 Jnter
1222 898 1344 940 uaria
1377 898 1540 952 scripta
1572 900 1830 942 scandalosa
1862 914 1972 953 quae

206 964 408 1004 exstant³
453 961 625 1014 quidam
667 962 821 1003 librum
865 962 1048 1004 nouumb
1092 963 1286 1017 scripsit,
1333 966 1377 1005 et
1419 963 1553 1006 edidit
1594 964 1762 1018 publice
1802 964 1847 1006 in
1889 979 1972 1018 quo

205 1030 349 1069 tentat
380 1027 565 1081 probare
597 1026 793 1081 papistas
825 1027 981 1069 falsam
1015 1028 1174 1070 habere
1206 1029 1345 1077 fidem.
1383 1031 1426 1071 et
1459 1043 1683 1072 erroneam
1718 1029 1971 1081 doctrinam,

206 1106 442 1134 excaecare
475 1092 543 1134 die
582 1106 731 1134 armen
763 1092 983 1143 Christen,
1027 1093 1114 1135 vnd
1152 1094 1198 1147 jn
1234 1093 1431 1147 abgrund
1464 1094 1539 1136 cler
1580 1094 1722 1137 hellen
1754 1095 1970 1146 verfiiren,

206 1160 250 1199 et
281 1171 458 1211 prorsus
491 1171 586 1199 esse
620 1158 811 1200 Sathane
843 1158 966 1201 filios.
1030 1158 1201 1208 Quare?
1265 1158 1372 1208 Quia
1404 1159 1446 1200 in
1478 1159 1670 1213 ipsorum
1702 1159 1876 1214 scriptis
1907 1159 1972 1201 in-

205 1222 458 1264 uenianturc
500 1225 654 1277 aperta
693 1222 868 1272 faisste,
912 1223 1214 1276 xvclgemeste,
1258 1224 1620 1278 vnuerschempte
1653 1225 1786 1278 grobe
1826 1225 1970 1278 liigen.

205 1287 264 1329 Et
297 1287 443 1341 qualia
474 1287 731 1330 mendacia?
784 1288 906 1329 Vnus
938 1288 1112 1342 scripsit
1145 1288 1246 1331 olim
1278 1288 1358 1330 Die
1389 1289 1587 1340 lerchen,
1628 1289 1720 1332 sein
1752 1305 1804 1331 zu
1835 1289 1973 1332 Fran-

207 1352 307 1394 cisci
340 1352 438 1395 todt
468 1353 669 1394 kommen
712 1353 798 1394 vnd
832 1353 972 1395 haben
1004 1367 1227 1407 gesungen
1241 1354 1269 1397 2.
1335 1356 1381 1395 2ο
1413 1354 1495 1396 Ein
1528 1354 1708 1396 maidlin
1739 1355 1816 1398 hat
1847 1354 1971 1397 einen

206 1417 369 1472 pfaffen
401 1418 444 1459 in
467 1418 695 1471 angesicht
717 1418 993 1471 geschlagen,
1029 1418 1106 1460 das
1139 1419 1197 1460 im
1219 1419 1349 1460 mund
1382 1420 1469 1461 vnd
1497 1433 1631 1461 nasen
1653 1421 1850 1473 geblutet
1881 1420 1970 1471 hat,

208 1484 253 1524 35³
287 1482 407 1537 Papa
438 1483 738 1532 benedictus3‚
782 1483 840 1525 ist
873 1483 939 1525 ein
974 1483 1097 1525 wilds
1130 1484 1244 1526 thier
1276 1484 1474 1535 worden,
1519 1487 1564 1527 et
1596 1499 1732 1538 usque
1773 1485 1828 1528 ad
1860 1485 1971 1527 diem

207 1547 359 1604 Juditij
403 1548 530 1590 debet
572 1549 661 1602 patj
705 1563 760 1590 an
802 1548 1086 1591 stinckenden
1129 1549 1215 1590 vnd
1255 1549 1516 1603 vnfiattigen
1558 1552 1696 1592 orten.
1762 1551 1807 1592 49
1841 1550 1972 1592 Eines

207 1613 337 1655 doten
370 1614 601 1655 menschen
626 1614 748 1668 kopff
776 1615 853 1656 hat
875 1615 1041 1668 geredt,
1078 1616 1122 1656 δῖ’
1155 1614 1241 1656 Fur
1273 1615 1316 1656 in
1339 1615 1533 1669 patibulo
1566 1630 1652 1658 non
1675 1616 1816 1670 potuit
1848 1615 1970 1667 mori,

207 1678 329 1720 Vnus
369 1679 537 1721 somnia
578 1693 656 1721 sua
697 1679 880 1734 protulit
922 1682 966 1722 et
1006 1694 1083 1734 pro
1125 1680 1463 1723 reuelationibus
1500 1680 1652 1723 habuit
1691 1680 1846 1723 diuinis
1888 1683 1970 1725 etc.

207 1744 275 1785 Ex
307 1743 374 1786 his
415 1747 459 1786 et
499 1744 709 1786 similibus
750 1744 930 1793 fabulis.
975 1745 1356 1798 narrenthaiding,
1400 1746 1486 1787 vnd
1526 1745 1743 1788 fantasien
1775 1746 1862 1788 vnd
1904 1759 1971 1789 er-

208 1809 350 1852 dichte
390 1809 600 1852 historien
641 1811 873 1864 probatum
917 1814 985 1853 est
1029 1811 1138 1853 satis
1179 1811 1291 1863 quod
1333 1811 1538 1865 Papistae
1579 1814 1680 1853 sunt
1721 1811 1972 1854 seductores

206 1875 406 1928 populj4,
454 1875 618 1917 duces
663 1876 980 1917 caecorum5
1024 1878 1068 1917 et
1111 1876 1186 1928 filij
1230 1876 1521 1920 Sathanaodss.
1586 1877 1805 1919 Deberent
1848 1876 1971 1919 nobis

205 1939 390 1994 primum
424 1940 651 1983 ostendere
685 1940 798 1994 quod
831 1940 1029 1982 Ecclesia
1061 1940 1282 1983 Catholica
1314 1941 1420 1983 talia
1454 1942 1654 1996 exempla
1692 1945 1736 1984 et
1766 1941 1971 1984 historias

206 2019 394 2058 unquam
436 2005 676 2060 acceptarit
718 2009 761 2049 et
793 2005 1065 2060 probauerit,
1108 2006 1175 2047 uel
1210 2006 1422 2048 credenda
1464 2021 1559 2048 esse
1593 2006 1806 2058 docuerit,
1850 2008 1895 2049 2?
1927 2006 1971 2048 in

207 2084 290 2122 quo
323 2070 532 2121 Concilio,
576 2073 622 2113 3?
654 2085 731 2125 per
764 2085 870 2125 quos
902 2071 1056 2114 Patres
1089 2071 1158 2112 uel
1191 2071 1434 2125 praelatos,
1474 2072 1581 2114 talia
1613 2075 1714 2115 sunt
1747 2071 1970 2126 proposita

205 2135 424 2178 affirmata
457 2137 526 2178 uel
552 2137 736 2191 probata
769 2138 814 2178 4?
848 2136 942 2189 quis
976 2136 1132 2179 author
1164 2139 1208 2178 et
1239 2137 1426 2190 scriptor
1461 2171 1468 2179 .
1502 2136 1616 2178 Nam
1650 2137 1787 2179 multa
1819 2139 1970 2179 narrat

203 2200 444 2242 huiusmodi
479 2201 679 2256 exempla
710 2201 802 2243 sine
825 2202 1020 2252 authore,
1055 2201 1257 2243 fortassis
1290 2204 1334 2244 et
1365 2201 1458 2256 ipse
1479 2201 1644 2252 finxit‘,
1678 2202 1747 2243 uel
1780 2215 1834 2243 ex
1857 2201 1969 2244 anti-

322 2323 336 2338 3
363 2319 422 2352 Sic
452 2319 487 2353 C.
514 2330 579 2352 sua
605 2331 715 2353 manu
742 2321 917 2363 correxit,
954 2331 1043 2363 quae
1069 2320 1143 2353 eius
1168 2320 1248 2353 libr.
1274 2320 1488 2362 scripserat:
1521 2319 1646 2354 Nonne
1682 2319 1786 2354 ualde
1821 2320 1969 2354 scanda-

202 2369 316 2404 losum
345 2371 448 2414 quod.
595 2373 610 2393 ¹³
636 2374 672 2406 V.
700 2384 722 2406 α
752 2373 788 2407 C.
816 2375 892 2416 ipso
917 2374 1102 2406 insertum.

326 2430 337 2444 0
363 2425 420 2457 Ita
449 2424 484 2459 C.
513 2427 586 2468 ipse
611 2428 768 2460 correxit
793 2426 941 2460 librarii
966 2438 1039 2460 vu:
1065 2424 1155 2466 Quia
1181 2425 1215 2458 in
1242 2425 1318 2459 suis
1344 2424 1491 2470 scriptis
1517 2426 1722 2460 ostendunt.

321 2476 336 2496 ὁ
362 2480 501 2511 Partim
526 2490 659 2522 supra,
689 2480 828 2522 partim.
864 2481 964 2512 iuxta
990 2490 1038 2512 vv.
1065 2490 1136 2522 sqq.
1167 2478 1203 2512 C'.
1232 2480 1269 2512 in
1305 2489 1418 2522 Μία-9.
1454 2490 1495 2512 ea
1526 2481 1688 2523 scripsit,
1730 2491 1819 2523 quae
1853 2481 1968 2524 infra,

197 2542 236 2574 p.
265 2532 342 2574 637,
369 2531 452 2564 adn.
483 2533 513 2575 1,
533 2537 733 2575 ponuntur.
860 2538 871 2552 θ
899 2535 919 2565 5
945 2543 993 2565 vv.
1020 2543 1092 2575 sqq.
1124 2532 1158 2565 C.
1185 2542 1251 2564 sua
1279 2543 1388 2565 manu
1414 2532 1565 2566 addidit.

327 2658 335 2677 ¹
362 2656 548 2700 Integrum
574 2656 657 2690 libri
682 2656 828 2690 titulum
853 2656 936 2690 vide
961 2667 1070 2701 supra
1095 2668 1128 2701 p.
1156 2657 1235 2691 374.

324 2709 337 2730 2
362 2709 440 2744 Hoc
466 2709 677 2744 alaudarum
703 2710 841 2744 factum
868 2709 903 2743 in
921 2709 1077 2744 Thomae
1104 2721 1124 2743 a
1152 2709 1282 2744 Celano
1309 2710 1446 2744 duabus
1472 2709 1558 2744 vitis
1584 2709 1618 2744 S.
1638 2709 1819 2744 Francisci
1837 2710 1967 2745 Assisi-

203 2762 319 2803 natis,
357 2762 393 2796 in
435 2762 623 2806 ⁷,Legenda
660 2763 768 2797 trium
807 2762 1028 2804 Soci01·um“,
1067 2762 1103 2796 in
1141 2762 1315 2797 Bernardi
1353 2774 1373 2797 a
1411 2763 1524 2797 Bessa
1560 2762 1650 2797 libro
1693 2762 1764 2805 „De
1802 2762 1968 2798 laudibus

203 2815 237 2850 S.
257 2815 457 2850 Francis&
479 2816 615 2850 frustra
633 2816 827 2860 quaeritur,
846 2816 882 2850 in
897 2817 932 2850 S.
948 2817 1219 2850 Bonaventurae
1237 2819 1356 2850 autem
1380 2815 1567 2860 „Legenda
1584 2815 1738 2850 maiore“
1762 2815 1967 2860 (Legendae

204 2869 295 2903 duae
321 2869 364 2903 de
390 2869 466 2903 vita
494 2868 527 2904 S.
546 2869 729 2904 Francisci
753 2868 937 2914 Seraphici
964 2869 1080 2903 editae
1107 2881 1127 2902 a
1147 2869 1217 2904 ΡΡ.
1245 2869 1386 2913 collegii
1405 2868 1438 2903 S.
1458 2869 1734 2903 Bonaventurae
1753 2868 1822 2913 [Ad
1842 2869 1968 2904 Claras

203 2922 327 2966 Aquas
356 2922 460 2967 1898]
488 2935 520 2968 p.
549 2922 632 2967 154)
660 2925 696 2957 et
721 2922 758 2957 in
787 2921 959 2967 „Speculo
986 2922 1224 2957 Perfectionis
1250 2948 1258 2956 .
1286 2949 1293 2956 .
1321 2924 1465 2956 auctore
1491 2922 1603 2956 fratre
1629 2922 1764 2956 Leone“
1794 2921 1872 2963 XII,
1901 2923 1968 2956 114

206 2974 277 3019 (ed.
303 2975 342 3009 P.
372 2976 536 3010 Sabatier
561 2975 681 3020 [Paris
709 2975 812 3019 1898]
840 2987 873 3020 p.
900 2975 984 3018 224)
1013 2977 1190 3009 narratur.
1242 2975 1362 3019 Atque
1388 2974 1554 3019 equidem
1579 2973 1758 3016 coniecto,
1786 2973 1965 3009 Canisium

203 3028 511 3069 narratiunculas,
539 3040 691 3073 quarum
716 3028 775 3063 hic
799 3027 1016 3062 mentionem
1041 3027 1149 3068 facit,
1175 3028 1212 3062 in
1237 3039 1346 3062 unum
1373 3027 1544 3063 collectas
1569 3027 1718 3069 reicere,
1745 3027 1788 3062 de
1813 3027 1967 3072 singulis

204 3083 324 3115 autem
349 3093 419 3116 non
444 3081 602 3116 iudicare
628 3093 744 3126 neque
769 3093 903 3125 negare
927 3092 1036 3115 unam
1062 3080 1260 3115 alteramve
1286 3092 1408 3115 earum
1434 3091 1558 3115 veram
1584 3091 1664 3115 esse
1689 3091 1804 3125 posse.

324 3136 337 3156 ³
362 3135 596 3170 Benedictum
623 3135 684 3170 IX.
713 3135 750 3179 (†
778 3134 884 3177 1058)
913 3133 1031 3168 dicere
1056 3133 1210 3168 videtur.
1309 3135 1322 3154 ⁴
1349 3133 1403 3168 Cf.
1430 3133 1500 3168 Tit.
1529 3133 1555 3175 1,
1584 3133 1638 3168 10.
1680 3133 1701 3167 2
1728 3133 1775 3167 Io.
1803 3134 1822 3167 7
1850 3135 1917 3168 etc.

324 3188 337 3207 ⁵
361 3188 490 3222 Matth.
521 3189 573 3230 15,
604 3189 646 3222 14
755 3189 768 3209 ⁶
795 3187 847 3222 Cf.
876 3188 923 3221 Io.
951 3187 982 3229 8,
1007 3188 1064 3221 44.
1118 3188 1132 3221 l
1161 3187 1209 3220 10.
1237 3186 1268 3228 3,
1296 3187 1339 3221 10
1365 3188 1432 3221 etc.
