2093 3444
465 226 623 260 Monum.
652 225 887 270 (augustana)
916 226 996 260 256.
1027 226 1089 268 (M.
1118 225 1249 260 Martio
1278 225 1395 268 1562.)
1731 227 1814 268 641

174 343 340 377 Canfsius
368 342 581 386 „Dominica
609 340 813 376 Passioni&
841 342 1023 384 Any-ustae
1054 353 1070 374 e
1100 346 1261 385 suyyestzo
1296 341 1456 374 ecelesiae
1491 340 1705 373 cathedralis
1739 351 1816 384 qne-

50 399 158 438 ritur,
185 396 313 429 multos
339 398 568 438 Anyustanos
592 406 695 428 sacro
725 396 1026 439 chadragyesimae
1051 400 1223 438 tempore,
1250 396 1327 427 licet
1352 405 1453 437 saepe
1479 405 1501 427 α
1526 405 1561 426 se
1585 394 1712 427 moniti
1735 395 1817 437 sint,

52 451 208 484 nondum
229 453 374 492 peccata
400 449 572 491 confessos
598 460 667 481 esse
694 459 801 492 neque
826 449 1011 481 ieiunasse.

173 533 372 574 Canisc'us
414 533 460 573 in
498 533 683 572 contione
719 532 970 583 „Dmm‘m‘ca
1003 530 1248 573 Passioni&
1287 530 1377 582 (15.
1412 529 1585 581 Martii)
1629 545 1667 570 (ι.
1703 531 1818 570 1562

50 598 269 652 Auqzcstae
309 599 355 638 in
389 597 560 638 ecclesia
601 597 837 637 catlzeclmla·
869 597 1036 648 habita,
1073 601 1296 650 postquam
1330 600 1421 636 001οι
1461 600 1567 636 reete
1600 599 1819 649 sancteque

50 663 140 705 Deo
180 664 426 717 nuncupari
466 662 666 713 ostendit,
710 662 769 702 sie
801 663 965 715 per-qd:
1006 660 1263 713 Priusquam
1304 659 1536 714 procedam
1570 659 1621 701 de
1654 659 1819 700 duobus

51 741 130 769 uos
171 727 433 777 admonebo,
479 728 523 768 1?
556 728 604 767 ut
648 725 850 779 cogitetis
892 725 1097 767 maiorem
1132 724 1499 777 Quadragesimae
1540 727 1710 778 partem
1743 725 1818 765 ab·

52 792 176 846 ijsse,
211 795 255 835 et
290 794 356 834 14.
390 794 562 834 tantum
596 790 686 832 dies
719 805 966 845 superesse,
1000 793 1124 833 tanto
1159 790 1407 843 diligentius
1440 790 1520 831 hoc
1552 804 1675 831 sacro
1707 791 1818 831 tem-

51 872 156 912 pore
188 858 455 911 uigilandum
488 859 533 898 et
564 856 836 906 instandum,
872 857 927 898 ad
960 856 1270 910 supplenduma
1302 855 1415 908 quod
1447 855 1692 908 neglectum
1728 854 1819 897 estb

50 923 132 965 hoc
164 937 288 965 sacro
321 926 517 977 tempore
549 922 760 963 hactenus
795 920 879 975 [?],
921 924 964 962 et
997 922 1051 963 ad
1085 921 1362 962 excitandum
1395 920 1560 962 animos
1593 920 1648 962 ad
1680 921 1819 962 Deum

53 990 98 1030 et
130 988 276 1031 diuina
314 989 632 1037 sacramenta0,
676 987 731 1028 ad
764 1000 874 1039 quae
915 1000 1064 1027 omnes
1104 986 1244 1039 magis
1277 985 1484 1027 deberent
1521 985 1594 1027 sed
1635 987 1679 1027 et
1719 999 1820 1027 suos

53 1053 168 1095 omni
202 1067 306 1095 cura
337 1066 600 1108 praeparare
634 1052 705 1106 qui
733 1051 965 1094 Christiani
998 1053 1111 1093 sunt.
1161 1051 1342 1101 Quidam
1374 1053 1476 1092 sunt
1508 1050 1694 1093 confessi
1726 1051 1820 1104 qui-

53 1119 174 1161 11010ο
209 1117 269 1173 [Ρ]
294 1120 385 1161 Deo
408 1119 516 1170 laus,
551 1118 627 1160 sed
660 1117 798 1159 maior
820 1131 921 1172 pars
953 1131 1073 1159 more
1095 1131 1186 1166 suo,
1220 1116 1416 1169 sequitur
1438 1116 1640 1166 Coruos1,
1676 1115 1821 1158 differt

53 1187 263 1238 quantum
295 1187 462 1239 potest,
506 1186 550 1226 et
581 1182 666 1225 itaf
704 1183 759 1224 ad
792 1183 955 1224 nullam
995 1196 1086 1224 rem
1127 1181 1268 1223 minus
1309 1196 1355 1223 se
1387 1184 1643 1235 praeparat,
1691 1195 1820 1234 quam

53 1250 108 1292 ad
141 1251 350 1304 optimum
393 1253 437 1292 et
468 1249 706 1291 maximum
739 1248 852 1301 quod
891 1248 1100 1290 habemus
1140 1247 1184 1288 in
1218 1261 1390 1288 vnsrem
1423 1246 1776 1289 Christenthumb
1790 1247 1818 1289 2.

54 1317 100 1358 2?
133 1315 315 1365 Quidam
346 1315 617 1365 ieiunarunt,
650 1313 789 1355 maior
821 1328 922 1368 pars
955 1327 1041 1355 non
1072 1312 1302 1362 ieiunauit,
1336 1312 1460 1354 multi
1494 1311 1626 1354 etiam
1659 1312 1821 1353 Carnes

53 1383 285 1431 uorarunt,
329 1381 443 1434 quod
484 1380 556 1434 alij
600 1379 699 1421 inde
738 1380 1036 1428 offenduntur,
1081 1381 1125 1420 et
1161 1377 1321 1419 iustam
1363 1391 1538 1419 causam
1571 1377 1734 1419 habent
1775 1391 1822 1418 se

54 1446 323 1489 offendendig
362 1482 369 1489 .
410 1461 497 1488 non
536 1445 659 1487 iuuat
698 1444 984 1499 Trostpredig
1025 1446 1101 1486 aut
1140 1441 1437 1497 busspredigh.
1502 1442 1572 1484 Sic
1612 1442 1738 1483 hodie
1778 1441 1822 1482 in

54 1511 177 1554 nobis
209 1511 414 1566 impletur
448 1547 455 1554 .
490 1511 654 1553 Multi
686 1509 876 1552 uocati
911 1507 941 1563 [,
976 1509 1137 1563 pauci
1170 1521 1302 1549 vero
1336 1505 1573 1561 electi.]3
1637 1506 1821 1549 Siccinei

56 1577 362 1620 concludemus
402 1577 483 1619 hoc
526 1579 724 1619 sanctum
758 1575 933 1630 pascha.
999 1576 1023 1615 2
1058 1576 1125 1616 est
1156 1573 1224 1614 hic
1257 1573 1425 1615 fructus
1466 1575 1534 1615 tot
1575 1572 1822 1615 contionum

55 1645 100 1685 et
132 1642 484 1685 exhortationum
517 1641 852 1697 praeteritarum
909 1642 948 1682 ,3
983 1639 1052 1681 Sic
1084 1652 1304 1680 curremus
1337 1638 1393 1680 ad
1424 1651 1619 1679 mensam
1650 1636 1824 1679 Domini

54 1710 81 1750 4
115 1708 184 1751 Sic
217 1722 531 1762 praeparamus
573 1722 652 1749 nos
694 1707 748 1749 ad
781 1706 944 1760 pascha
1006 1706 1030 1746 5
1066 1704 1134 1746 810
1175 1703 1313 1745 0011011
1354 1705 1399 1745 01
1436 1703 1634 1745 101000100
1675 1701 1823 1744 sumus

55 1773 100 1815 in
132 1773 428 1816 bacchanalib.
463 1787 614 1815 uerum
655 1772 700 1814 in
732 1772 801 1814 1101
833 1770 1009 1813 seruitio
1042 1783 1266 1811 manemus
1303 1768 1450 1822 frigidi
1482 1768 1597 1810 tardi
1631 1768 1824 1821 vnlustig

57 1840 317 1881 Verdrossen
352 1874 358 1881 .
394 1839 495 1881 Feci
543 1838 657 1892 quod
704 1851 846 1879 meum
895 1839 991 1878 erat
1036 1872 1043 1878 .
1091 1834 1324 1888 quisque
1371 1847 1521 1875 suum
1569 1833 1823 1887 portabit

57 1906 234 1947 onus4.
298 1905 380 1946 Eia
424 1904 485 1946 sic
528 1918 614 1945 non
658 1917 705 1944 se
749 1902 1067 1957 praepararunt
1111 1902 1283 1942 ueteres
1324 1898 1557 1941 Christiani
1601 1898 1656 1940 ad
1698 1912 1823 1940 suum

57 1969 238 2014 Pascha.
300 1970 359 2012 Hi
404 1970 599 2012 sciebant
644 1982 739 2011 esse
782 1968 859 2010 leti
902 1967 946 2008 in
990 1964 1335 2008 Bacchanalibus
1378 1965 1581 2015 honeste,
1627 1963 1824 2005 sciebant

58 2036 190 2078 etiam
223 2035 390 2090 tristarj
423 2035 466 2077 in
499 2038 696 2089 tempore
728 2032 1041 2088 poenitentiae,
1075 2031 1118 2072 in
1151 2029 1322 2079 ieiunio,
1356 2032 1401 2072 et
1433 2029 1548 2071 circa
1578 2029 1823 2083 passionem

57 2101 244 2155 Dominj,
281 2101 323 2143 81
349 2101 548 2143 uolumus
581 2114 676 2142 esse
698 2098 906 2151 Catholicj
941 2111 993 2138 ne
1017 2095 1318 2145 claudicemus,
1353 2095 1430 2136 sed
1451 2095 1579 2136 fidem
1602 2094 1823 2136 nostramk

177 2236 191 2250 a
217 2232 249 2263 A
275 2231 356 2264 libr.
384 2234 578 2264 correctum
603 2228 646 2263 ex
671 2230 711 2262 ut
737 2226 996 2272 suppleremus.

177 2283 192 2303 ¹³
219 2286 240 2317 3
273 2295 322 2318 vv.
356 2294 428 2327 sqq.
459 2283 495 2318 O.
522 2284 596 2327 ipse
629 2293 742 2325 snpra
777 2292 805 2314 v.
839 2280 1014 2314 hactenus
1048 2279 1211 2321 scripsit,⁸
1249 2287 1319 2320 qua
1356 2287 1393 2309 re
1426 2277 1642 2318 siqnificasse
1674 2276 1824 2319 videtur,

57 2336 233 2370 hactenus
259 2338 443 2371 delendum
468 2348 546 2371 esse.

178 2396 189 2411 ⁶
218 2391 254 2424 C.
280 2392 354 2434 ipse
378 2393 401 2424 2
426 2401 473 2424 vv.
500 2401 572 2434 sqq.
598 2400 711 2433 supra
737 2390 856 2431 atque,
884 2386 976 2430 qnod
1002 2386 1081 2418 libr.
1108 2384 1320 2427 scripserat,
1339 2384 1480 2426 posuit,
1506 2383 1614 2426 atque
1640 2383 1824 2416 delendum

59 2455 128 2477 esse
151 2445 366 2487 siqnificans.

177 2497 193 2517 ‘¹
222 2498 258 2532 C.
284 2499 358 2541 ipSe
383 2500 404 2531 4
429 2508 477 2531 vv.
503 2508 576 2541 sqq.
605 2497 762 2529 inseruit.

179 2557 190 2571 ε
217 2551 278 2585 Sic
303 2552 551 2594 corriqendnm
577 2551 716 2583 videtur
742 2546 898 2591 quidam,
925 2545 1018 2589 quod
1046 2544 1082 2578 C.
1109 2544 1173 2577 hoc
1198 2544 1272 2576 loco
1297 2553 1411 2586 supra
1435 2553 1574 2575 versum
1598 2544 1752 2585 scripsit.

183 2604 194 2624 f
217 2605 388 2648 Sequitur
413 2604 518 2649 male,
545 2615 566 2637 α
593 2604 672 2636 libr.
701 2602 946 2635 oblitteratum.

178 2663 191 2683 g
220 2658 255 2691 C.
284 2659 355 2701 ipse
382 2661 402 2691 5
426 2669 474 2692 vv.
500 2668 572 2701 sqq.
599 2658 638 2689 in
663 2666 775 2698 marq.
802 2654 978 2696 ascripsit,
1007 2653 1057 2684 ita
1083 2654 1220 2693 tamen,
1248 2653 1295 2693 nt,
1323 2660 1390 2693 qno
1416 2650 1490 2682 loeo
1517 2660 1557 2682 ea
1584 2650 1742 2682 orationi
1766 2651 1822 2682 in-

59 2722 174 2745 serere
198 2712 304 2752 vellet,
330 2712 429 2745 haud
454 2712 549 2744 clare
573 2710 799 2752 se'qnificaret.

180 2764 195 2784 ¹¹
224 2766 320 2806 Quae
344 2769 553 2809 sequuntur,
578 2774 688 2806 usque
714 2762 762 2794 ad
786 2758 945 2804 portabit
971 2769 1060 2791 onus
1086 2757 1180 2799 incl„
1207 2767 1229 2789 α
1259 2756 1294 2789 Ο.
1321 2757 1397 2799 ipso
1422 2756 1555 2799 raptim
1581 2756 1706 2789 addita
1730 2759 1823 2789 sunt.

187 2818 193 2838 ⁵
222 2819 427 2862 Sequuntur
452 2829 500 2852 vv.
527 2828 591 2851 nos
618 2825 802 2861 praepare,
829 2824 851 2846 α
877 2813 957 2846 libr.
985 2811 1194 2845 oblitterata.
1292 2809 1307 2828 ¹³
1333 2819 1435 2842 nram
1460 2809 1540 2842 libr.

184 2942 193 2961 ¹
224 2940 334 2983 „Sunt
368 2940 462 2974 enim
498 2939 559 2984 qui
584 2938 802 2983 praeparant
837 2933 1124 2973 conversionem,
1160 2934 1196 2965 et
1228 2931 1413 2972 differunt,
1450 2932 1486 2964 et
1510 2930 1550 2964 fit
1584 2930 1621 2964 in
1655 2930 1727 2965 illis
1754 2943 1824 2965 vox

61 2994 219 3035 corvina,
246 2993 345 3035 Cras,
371 2994 494 3028 cras‘:
522 2994 559 3027 S.
587 2992 820 3034 Auynstinns,
847 2986 1036 3022 Enarratio
1062 2986 1098 3020 in
1124 2985 1184 3019 Ps.
1212 2985 1283 3026 CII,
1310 2996 1343 3019 n.
1374 2984 1427 3018 16.
1474 2983 1647 3018 Similiter
1673 2985 1763 3018 idem
1788 2984 1825 3018 in

62 3047 174 3082 Serm.
200 3047 365 3081 LXXXII
396 3047 503 3091 (alias
529 3046 572 3079 de
595 3043 725 3078 Verbis
750 3041 891 3076 Domini
921 3040 991 3083 16),
1021 3039 1119 3077 0.-,14
1147 3039 1293 3083 (Mi-(sne,
1320 3037 1390 3072 ΡΡ.
1410 3036 1478 3071 LL.
1502 3036 1685 3079 XXXVII,
1715 3038 1824 3077 1330:

62 3101 259 3143 XXXVIII,
287 3100 384 3145 512).

181 3155 194 3176 ²
219 3155 273 3189 Ad
300 3165 441 3189 sacrum
469 3151 610 3186 Pascha
636 3152 672 3184 et
698 3160 837 3183 sacram
864 3147 1156 3182 communionem.

182 3209 195 3229 ⁸
220 3208 351 3242 Matth.
378 3207 434 3247 20,
463 3207 525 3245 16;
552 3205 607 3245 22,
637 3204 690 3237 14.
789 3203 802 3222 4
829 3200 908 3236 Gal.
936 3201 967 3242 6,
995 3201 1027 3234 5.

132 3273 155 3297 B
166 3272 442 3303 raunsberger,
463 3270 573 3295 Canisii
587 3267 745 3299 Epistulae
761 3268 791 3292 et
805 3267 880 3291 Acta
908 3265 961 3290 ΙΙΙ.
1502 3259 1545 3290 41
