2093 3444
647 204 689 239 H.
729 204 954 240 Prooemium
981 205 1174 241 voluminis
1201 206 1310 240 tertii.
1740 223 1870 252 XXXV

87 339 142 367 m.
176 324 292 366 Maio
328 325 441 365 1562
483 324 711 376 Augustae
753 323 975 375 ferebant,
1020 338 1070 366 eo
1113 338 1226 366 anno
1268 324 1385 366 mille
1427 325 1523 379 plus
1566 340 1694 379 quam
1737 330 1868 369 antea

87 389 281 444 paschali
313 388 611 431 communione
645 403 741 431 esse
781 389 971 432 refectos
1004 388 1141 443 (608).
1206 389 1511 433 Reformatum
1554 391 1686 433 etiam
1729 406 1754 433 a
1787 392 1868 434 Ca-

87 454 195 497 nisio
238 453 470 497 cardinalis
503 454 752 507 Augustani
794 455 1072 508 caesarisque
1113 455 1323 497 mandatu
1365 458 1409 498 et
1443 455 1641 498 Susanna
1674 457 1869 510 Ehinger

86 519 295 575 priorissa
327 520 507 562 iuvante
539 519 851 562 monasterium
875 520 916 563 S.
942 520 1217 571 Catharinae,
1253 520 1415 562 ordinis
1448 521 1719 572 dominicani,
1755 523 1867 564 eius-

87 600 170 640 que
202 599 354 628 sacrae
387 585 580 638 virgines
613 585 668 627 ad
700 599 881 639 magnos
914 585 958 627 in
990 585 1156 640 pietate
1187 600 1446 640 progressus
1476 585 1704 630 institutae
1728 586 1866 641 (614).

86 651 272 694 Ioannes
319 651 524 702 Iacobus,
577 649 953 705 anabaptistarum
1001 654 1346 704 augustanorum
1391 652 1500 700 dux,
1555 652 1597 693 in
1647 667 1864 695 carcerem

88 716 327 768 coniectus,
361 716 701 771 protestantium
734 715 907 769 quidem
939 716 1150 759 ministris
1183 717 1338 759 surdas
1371 731 1499 759 aures
1531 718 1751 772 praebuit,
1786 719 1867 761 Ca·

86 782 185 824 nisii
217 785 364 825 autem
397 782 611 825 modestia
643 781 915 835 caritateque
947 781 1091 824 victus
1118 782 1173 824 ad
1197 782 1424 825 ecclesiam
1448 783 1716 826 sollemniter
1739 784 1867 827 rediit

86 847 205 901 (610.
250 848 367 902 611).
433 847 684 902 Complures
730 846 862 889 etiam
906 861 1109 901 proceres
1154 848 1209 890 ad
1251 848 1511 890 catholicam
1553 849 1681 891 fidem
1726 849 1867 904 pieta-

85 916 262 967 temque
294 927 372 968 per
404 913 621 955 Canisium
654 911 823 954 reducti
855 911 975 965 (607.
1010 913 1135 967 664);
1180 915 1313 967 atque
1354 913 1469 957 inter
1506 914 1584 956 hos
1617 914 1780 957 Ursula
1814 915 1867 957 de

86 978 398 1030 Lichtenstein,
435 978 610 1032 Georgii
636 977 825 1031 Fuggeri
858 992 969 1019 uxor
999 978 1225 1020 catholicis
1257 978 1431 1030 infesta,
1466 982 1511 1022 et
1535 979 1701 1034 Sibylla
1735 980 1867 1022 comi—

85 1044 196 1087 tissa
229 1044 281 1087 de
313 1043 566 1095 Eberstein,
614 1043 771 1086 coniux
803 1043 941 1086 Marci
975 1043 1187 1098 Fuggeri,
1221 1046 1317 1087 tota
1350 1044 1443 1087 vita
1475 1044 1519 1086 in
1550 1045 1866 1088 lutheranismo

87 1110 279 1153 enutrita
312 1109 488 1163 eiusque
519 1108 813 1160 tenacissima,
847 1108 1035 1151 feminae
1067 1108 1239 1163 magnis
1271 1112 1455 1152 naturae
1480 1110 1602 1152 donis
1624 1110 1864 1165 praeditae,

87 1189 142 1218 ex
175 1189 259 1229 quo
291 1177 489 1230 tempore
520 1174 564 1216 in
588 1174 747 1217 Canisii
780 1173 1005 1229 disciplina
1027 1175 1330 1226 versabantur,
1367 1175 1539 1217 domum
1566 1179 1717 1219 sancte
1740 1190 1866 1230 rege-

86 1241 214 1292 bant,
257 1241 346 1283 suis
386 1239 585 1283 inanibus
626 1240 890 1294 pauperibus
922 1240 1186 1284 vestimenta
1224 1240 1446 1294 linteaque
1484 1242 1723 1295 parabant,
1767 1256 1866 1296 pre-

87 1307 223 1349 tiosas
264 1309 411 1349 vestes
455 1306 498 1348 in
544 1305 747 1348 altarium
790 1308 1048 1348 ornamenta
1090 1307 1406 1349 convertebant
1448 1306 1566 1358 (598.
1609 1309 1708 1350 653.
1746 1307 1864 1360 656).

86 1372 213 1414 Unde
245 1386 406 1426 magna
439 1371 610 1414 Canisio
644 1371 759 1426 apud
791 1371 1048 1414 ditissimam
1081 1372 1201 1414 illam
1234 1374 1279 1415 et
1311 1372 1660 1427 potentissimam
1692 1374 1866 1427 Fugge—

86 1451 233 1479 rorum
273 1437 485 1479 familiam
528 1437 768 1480 auctoritas
807 1436 956 1479 addita
989 1440 1077 1487 est;
1122 1437 1193 1490 qui
1227 1441 1271 1481 et
1304 1440 1597 1492 augustanum
1631 1438 1865 1481 Societatis

88 1502 316 1556 collegium
348 1502 687 1552 meditabantur,
723 1504 766 1544 et
799 1502 1063 1544 cardinalem
1088 1503 1430 1545 Granvellanum
1464 1504 1519 1546 ad
1543 1503 1691 1546 Socios
1714 1504 1866 1558 belgas

86 1568 128 1609 in
172 1568 357 1611 tutelam
399 1582 523 1610 suam
564 1567 834 1622 recipiendos
872 1571 1101 1611 moverunt
1143 1568 1231 1622 (79.
1278 1570 1375 1611 675.
1415 1569 1529 1622 161).
1595 1569 1863 1623 Quamquam

88 1636 234 1677 autem
266 1636 564 1688 protestantes
597 1633 831 1687 augustani
865 1647 956 1684 eOS,
992 1634 1063 1687 qui
1096 1634 1152 1676 ad
1185 1634 1423 1682 catholicos
1455 1634 1717 1686 transibant,
1753 1636 1863 1678 clam

86 1699 232 1754 palam
263 1699 640 1754 persequebantur
672 1701 804 1753 atque
837 1699 969 1742 etiam
999 1713 1170 1750 „eorum
1192 1699 1379 1743 fortunis
1403 1700 1715 1743 detrahebant“
1745 1700 1863 1754 (603.

91 1765 215 1819 607),
254 1764 471 1808 catholica
504 1765 624 1807 urbis
655 1778 757 1819 pars
791 1764 1041 1807 continuum
1073 1765 1387 1808 incrementum
1421 1766 1643 1820 capiebat,
1691 1769 1735 1809 et
1768 1781 1864 1808 cum

87 1830 345 1874 lectionibus
377 1833 557 1873 senatus
590 1845 628 1873 a.
667 1832 776 1872 1561
813 1833 857 1873 et
884 1832 995 1872 1562
1029 1831 1187 1873 habitis
1219 1831 1263 1872 in
1297 1831 1581 1886 complurium
1613 1834 1865 1886 protestan-

87 1895 194 1938 tium
227 1896 323 1939 loca
356 1895 556 1938 catholici
590 1895 817 1939 substituti
851 1898 1011 1946 essent,
1046 1899 1232 1939 exeunte
1255 1910 1294 1941 a.
1321 1899 1434 1939 1562
1458 1897 1703 1952 respublica
1725 1911 1864 1951 augu-

88 1964 228 2012 stana,
247 1962 362 2004 inter
380 1975 528 2004 omnes
545 1961 716 2016 imperii
734 1961 938 2003 civitates
955 1961 1114 2004 liberas
1131 1964 1234 2004 tunc
1253 1962 1445 2005 maxima
1462 1966 1506 2005 et
1523 1962 1862 2017 spectatissima,

88 2027 325 2071 catholicos
357 2030 584 2070 senatores
617 2027 807 2069 habebat
841 2028 910 2078 27,
944 2029 1240 2081 protestantes
1266 2029 1318 2070 18
1350 2028 1467 2081 (599.
1495 2030 1593 2071 601.
1619 2030 1718 2071 606.
1744 2029 1862 2083 815).

206 2099 328 2141 Haec
361 2098 434 2152 qui
466 2098 821 2149 consideraverit,
855 2113 940 2140 non
972 2098 1213 2150 mirabitur,
1248 2099 1465 2142 Canisium
1499 2100 1553 2142 ab
1576 2100 1745 2145 Achille
1767 2100 1862 2141 Pir-

87 2163 218 2206 minio
252 2164 465 2215 Gassaro,
508 2164 675 2206 medico
717 2165 946 2207 lutherano
989 2178 1139 2206 eorum
1178 2167 1423 2220 temporum
1464 2165 1636 2219 aequali
1679 2168 1722 2208 et
1755 2166 1863 2208 Cen-

86 2229 349 2273 turiatorum
370 2229 813 2284 Magdeburgensium
836 2229 1034 2272 adiutore
1057 2232 1314 2283 augustano,
1338 2231 1382 2272 in
1405 2230 1694 2281 „Annalibus“
1725 2245 1863 2285 augu-

87 2295 225 2338 stanis
264 2295 528 2350 „sophistam
560 2294 995 2349 impudentissimum,
1028 2309 1189 2337 novum
1221 2295 1496 2350 pharisaeum
1510 2297 1539 2348 1,
1572 2296 1713 2339 veteri
1743 2310 1863 2339 more

210 2460 219 2477 ³
246 2457 345 2491 Inter
369 2458 514 2491 nostrae
541 2457 673 2491 aetatis
699 2458 945 2502 protestantes
971 2456 1126 2502 plurimi,
1152 2457 1222 2492 nisi
1247 2457 1371 2500 fallor,
1400 2458 1506 2492 aliter
1533 2458 1575 2492 de
1603 2457 1746 2493 Canisio
1774 2458 1861 2492 iudi—

88 2511 181 2545 cant.
231 2510 288 2545 lta
317 2511 352 2545 C.
381 2512 425 2545 A.
453 2512 555 2554 Witz,
581 2522 674 2545 unus
702 2523 748 2544 ex
772 2510 977 2556 praecipuis
1004 2511 1284 2556 protestantium
1311 2512 1575 2546 austriacorum
1601 2511 1798 2553 ministris,
1826 2512 1861 2546 in

86 2575 249 2598 sermone
275 2563 509 2598 Vindobonae
535 2575 566 2598 a.
596 2564 686 2599 1897
714 2564 749 2597 in
776 2564 931 2608 quodam
957 2576 1079 2599 eorum
1104 2564 1238 2610 templo
1264 2565 1406 2600 habito:
1439 2564 1773 2608 „Vaterlandsliebe
1793 2593 1799 2600 .
1821 2593 1828 2599 .
1854 2593 1860 2599 .

86 2629 161 2651 war
186 2617 260 2651 ihm
286 2617 323 2651 in
350 2617 413 2651 der
438 2617 533 2652 That
558 2618 594 2651 in
630 2617 759 2652 hohen}
785 2617 907 2652 Masse
943 2617 1058 2661 eigen.
1078 2646 1085 2653 .
1106 2645 1113 2653 .
1165 2618 1248 2653 Und
1283 2618 1349 2653 mit-
1382 2618 1540 2653 welcher
1565 2618 1765 2653 Nachsicht
1803 2619 1861 2653 be-

86 2670 237 2704 urtheilt
263 2682 302 2704 er
327 2670 419 2705 doch
445 2671 502 2705 die
528 2670 756 2705 Deutschen!
777 2699 784 2706 .
806 2698 812 2705 .
834 2698 840 2705 .
884 2671 970 2705 Man
996 2671 1060 2706 hat
1086 2671 1148 2706 ihn
1173 2671 1275 2706 nicht
1299 2671 1366 2706 mit
1391 2672 1554 2707 Unrecht
1580 2672 1684 2706 einen
1710 2671 1862 2717 Apostel

87 2724 150 2758 des
177 2723 333 2758 Gebetes
368 2726 539 2768 genannt.
590 2724 643 2758 Im
678 2724 863 2768 taglichen
899 2724 1141 2759 anhaltenden
1169 2725 1305 2760 Gebete
1342 2725 1405 2760 hat
1441 2737 1479 2760 er
1514 2725 1589 2760 sich
1628 2725 1695 2759 den
1734 2725 1858 2759 111111111-

86 2776 224 2812 115011011
243 2777 361 2820 Segen
386 2776 445 2811 fiir
470 2778 569 2812 seine
588 2777 763 2812 Arbeiten
786 2777 933 2812 erfleht“
950 2791 956 2812 :
984 2777 1115 2813 Petrus
1135 2778 1311 2820 Canisius,
1340 2779 1402 2813 der
1420 2781 1516 2813 erste
1535 2778 1709 2813 deutsche
1729 2779 1750 2813 J
1755 2779 1860 2820 esuit,

87 2831 158 2865 und
185 2830 241 2864 die
271 2830 528 2874 evangelische
554 2831 698 2865 Kirche.
741 2830 919 2875 Vortrag‚
958 2831 1129 2874 gehalten
1164 2832 1200 2866 in
1239 2832 1301 2866 der
1340 2832 1860 2875 evangelisch-reformierten

87 2883 219 2918 Kirche
255 2895 298 2918 zu
332 2883 441 2918 Wien
476 2896 533 2918 am
572 2885 624 2919 16.
660 2883 866 2918 November
903 2884 992 2919 1897
1032 2885 1153 2928 (Wien
1194 2885 1298 2929 1897)
1338 2897 1370 2930 p.
1409 2886 1462 2920 13.
1502 2886 1555 2920 15.
1607 2885 1652 2919 Et
1683 2887 1861 2920 Gustamzs

86 2939 243 2982 Kre‘igyer,
268 2937 472 2980 theologiae
499 2938 780 2983 protestantium
806 2938 989 2983 professor
1013 2938 1050 2972 in
1076 2938 1314 2973 universitate
1345 2939 1542 2983 giessensi,
1576 2939 1740 2983 proximo
1767 2950 1859 2973 anno

87 2992 130 3025 de
157 3003 197 3025 eo
223 2991 388 3036 scripsit:
430 2991 542 3033 „Kein
568 2990 726 3025 Flecken
762 2991 968 3026 verunziert
1002 2992 1127 3026 seinen
1155 2992 1376 3033 Charakter‚
1413 2992 1485 3026 und
1520 2991 1634 3026 selbst
1661 2992 1716 3026 die
1744 2994 1859 3036 prote-

87 3044 311 3079 stantischen
329 3043 536 3078 Polemiker
559 3044 792 3078 verniochten
811 3045 883 3078 ihm
902 3045 1022 3079 nichts
1041 3045 1304 3089 nachzusagen,
1332 3045 1386 3079 als
1405 3046 1461 3080 die
1480 3045 1726 3089 unbeugsame
1744 3045 1859 3080 Harte

87 3098 294 3142 gegeniiber
320 3098 388 3132 den
415 3098 572 3132 Feinden
599 3098 662 3132 des
688 3097 942 3132 katholischen
969 3098 1176 3140 (1130110115,-
1208 3099 1264 3133 die
1297 3098 1387 3133 doch
1419 3111 1487 3133 nur
1514 3098 1593 3133 eine
1620 3099 1859 3143 Konsequenz

85 3152 204 3186 seines
231 3151 500 3196 Standpunktes
526 3163 611 3185 war.
652 3151 701 3185 Er
727 3163 801 3185 war
828 3152 885 3186 0111
911 3152 1009 3186 edler
1036 3151 1197 3187 Jesuit“:
1226 3152 1357 3186 Petrus
1385 3152 1550 3186 Canisius
1577 3152 1614 3186 in
1641 3151 1859 3188 Geschichte

86 3204 159 3239 und
183 3204 351 3248 Legende
380 3204 547 3248 (Giessen
578 3203 684 3248 1898)
713 3217 745 3250 p.
776 3205 830 3239 10.
