2093 3444
117 336 208 372 1562

119 444 209 479 1562

109 582 220 622 1562

121 804 211 839 1562

122 911 212 945 1562

123 1018 213 1052 1562

123 1072 214 1106 1562

124 1179 214 1213 1562

114 1317 225 1358 1562

114 1382 226 1424 1562

128 1474 217 1508 1562

117 1618 229 1660 1562

129 1776 220 1811 1562

129 1913 231 1950 1562

130 2119 221 2153 1562

120 2263 232 2304 1562

132 2419 222 2454 1562

133 2634 223 2669 1562

123 2777 234 2818 1562

136 3000 225 3035 1562

135 3107 226 3141 1562

585 221 676 256 1562
702 221 788 266 Apr.
818 222 872 257 19.
900 242 944 246 —-—
974 223 1064 257 1562
1091 223 1183 267 Aug.
1211 223 1265 258 23.

413 337 489 371 Iun.
522 338 574 372 13.

415 444 490 478 Iun.
521 444 574 478 15.

398 580 490 623 Iun.
528 581 593 622 15.

419 803 494 837 Iun.
525 803 578 837 16.

418 911 495 945 Iun.
525 911 579 945 17.

528 1017 580 1052 18.

527 1072 581 1106 19.

420 1019 497 1053 Iun.

420 1072 497 1106 Iun.

420 1179 497 1213 Iun.
526 1178 581 1212 20.

404 1317 496 1359 Iun.
531 1317 600 1358 20.

311 1409 312 1415 =
367 1383 460 1426 Iun.
497 1380 637 1434 2309)

424 1476 500 1509 Iun.
528 1475 583 1509 25.

315 1610 426 1663 {Iun
463 1618 553 1665 25..
594 1618 677 1666 26..

476 1685 545 1725 27.

392 1776 531 1811 8.-16.
559 1774 623 1810 Iul.

381 1915 452 1952 sub
482 1927 531 1951 m.
561 1912 632 1950 Iul.

315 2132 317 2138 ’
337 2121 432 2155 Maio
453 2140 494 2144 -—
514 2121 682 2164 Augusto

415 2263 529 2317 Aug.
564 2265 603 2306 3.

421 2424 514 2466 Aug.
543 2422 598 2456 15.

422 2637 514 2680 Aug.
545 2636 598 2670 16.

339 2781 439 2833 post
449 2777 682 2831 med.Aug.

423 3000 516 3042 Aug.
544 3000 600 3033 22.

424 3106 516 3151 Aug.
544 3107 600 3141 23.

1704 239 1815 267 XLIX

704 338 811 373 Mane
859 341 895 373 et
940 341 1023 384 post
1063 339 1253 384 prandium
1296 340 1528 384 congregatio
1570 340 1818 385 theologorum

768 392 882 433 ‹742).

687 472 688 490 ¹
707 444 872 479 Canisius
899 457 1003 480 mane
1030 446 1301 490 congregationi
1326 446 1575 490 theologorum
1596 447 1747 482 interest
1766 446 1820 491 [ut

766 498 923 543 videtur]
953 499 1067 541 (742).

688 581 813 624 *Post
853 582 1081 636 prandium
1123 583 1165 624 in
1208 583 1360 624 eadem
1394 583 1734 636 congregatione
1768 583 1819 625 de

768 647 1065 690 communione
1097 649 1380 702 parvulorum
1423 650 1467 691 et
1509 648 1561 690 de
1595 662 1717 690 sacro
1752 662 1819 690 ca-

688 674 690 761 )
767 712 847 754 lice
881 712 1056 755 disserit
1089 713 1226 767 (744).

690 804 814 852 ¹Mane
862 806 897 838 et
943 807 1025 849 post
1066 805 1255 850 prandium
1297 806 1530 850 congregatio
1573 805 1821 849 theologorum

789 857 856 891 742
881 885 886 891 .

709 856 898 998 Μῆξῖἧρέἠ
945 913 1026 956 post
1068 912 1257 957 prandium
1300 913 1531 956 congregatio
1573 912 1821 956 theologorum

711 964 816 1051 Maiie
844 966 1076 1062 cbngregatio
1103 1018 1351 1063 theologorum
1382 1019 1495 1063 (742).

710 1071 816 1105 Mane
863 1074 899 1105 et
945 1074 1028 1117 post
1068 1073 1258 1117 prandium
1300 1073 1532 1117 congregatio
1574 1072 1823 1116 theologorum

791 1126 809 1159 7
864 1125 888 1159 ‘.

710 1125 901 1275 Μᾶξιέἶζθὺ
947 1180 1030 1224 post
1070 1179 1258 1224 prandium
1301 1180 1534 1224 congregatio
1576 1180 1824 1224 theologorum

693 1305 909 1377 fCanisius
941 1316 1148 1359 Tridento
1182 1317 1365 1359 discedit
1398 1316 1536 1371 (462).

694 1381 993 1439 ἢΟθιιίροιιῒθιιι
1026 1382 1205 1426 advenit
1238 1382 1374 1436 (462).

714 1475 857 1510 Primus
883 1475 1039 1509 omnium
1066 1475 1101 1509 in
1128 1487 1220 1509 novo
1246 1475 1381 1520 templo
1400 1475 1434 1510 S.
1455 1475 1580 1509 Crucis
1606 1486 1750 1509 sacrum
1775 1475 1827 1509 fa-

775 1529 824 1563 cst
852 1528 965 1572 (707y

716 1619 766 1660 In
799 1618 949 1660 eodem
982 1619 1145 1673 templo
1178 1617 1460 1660 sollemnibus
1494 1617 1665 1671 collegii
1698 1617 1825 1659 scho-

699 1708 701 1724 .
776 1684 1001 1737 larumque
1035 1683 1266 1727 Societatis
1298 1682 1431 1726 initiis
1472 1683 1656 1726 interest
1689 1682 1827 1736 (707).

719 1777 818 1811 Petri
843 1775 1105 1821 Kirchpuchler
1138 1776 1248 1811 libros
1283 1775 1429 1820 inspicit
1463 1777 1517 1816 et,
1552 1777 1593 1809 ut
1627 1787 1648 1809 a
1683 1786 1830 1809 caesare

779 1830 930 1874 collegio
956 1829 1193 1875 oenipontano
1220 1831 1395 1870 emantur,
1422 1828 1535 1863 efficit
1564 1829 1659 1872 (709.
1688 1828 1786 1871 710).

720 1913 868 1952 Canisii
897 1914 1072 1963 „Parvus
1096 1914 1343 1951 catechismus
1367 1909 1685 1961 Catlzolieo}·zcm“‚
1713 1925 1737 1949 a
1763 1912 1832 1949 Te-

779 1974 899 2023 Zeydz’o
950 1974 1155 2022 lezmfflm‘e‘ce
1207 1985 1336 2010 versus
1350 2002 1362 2022 7
1414 1972 1651 2009 Vindobonae
1704 1972 1832 2009 editm·

781 2033 902 2081 (789).

721 2120 887 2156 Canisius
914 2119 1113 2164 Oeniponte
1140 2119 1356 2163 aliquotiens
1382 2118 1609 2153 contionatur
1638 2120 1674 2152 et
1705 2118 1833 2162 „Regi-

779 2175 863 2208 nas“
895 2173 1052 2208 caesaris
1078 2172 1171 2206 filias
1198 2172 1273 2206 adit
1302 2172 1418 2215 (715).

721 2261 1085 2306 Commentarium
1114 2261 1166 2303 de
1189 2261 1394 2303 abusibus
1415 2260 1574 2302 missae
1596 2260 1720 2302 Hosii
1743 2275 1832 2302 mo-

779 2328 874 2371 nitu
915 2327 1124 2382 scriptum
1156 2326 1411 2369 Tridentum
1444 2325 1581 2368 mittit
1613 2325 1750 2379 (474).

720 2421 827 2455 Festo
853 2419 1121 2465 Assumptionis
1147 2419 1186 2453 B.
1214 2418 1263 2453 M.
1281 2419 1325 2453 V.
1350 2417 1538 2463 Augustae
1564 2418 1600 2452 in
1625 2418 1750 2463 templi
1777 2430 1834 2453 ca-

779 2474 955 2509 thedralis
989 2474 1203 2517 suggestum
1237 2472 1378 2506 rediens
1414 2472 1456 2505 de
1489 2471 1559 2506 diei
1585 2471 1670 2506 festi
1696 2471 1834 2506 ratione

781 2540 827 2562 ex
858 2528 1016 2562 eiusdem
1044 2525 1233 2569 evangelio
1260 2524 1365 2567 dicit,
1402 2525 1516 2559 vitain
1542 2525 1750 2568 religiosam
1776 2525 1834 2559 de-

781 2581 932 2615 fendens
961 2580 1056 2625 (618.
1084 2580 1183 2623 621).

721 2634 822 2668 Dom.
847 2634 943 2668 XIII.
971 2646 1004 2679 p.
1032 2633 1136 2668 Pent.
1163 2632 1293 2667 ibidem
1320 2632 1362 2666 de
1389 2631 1580 2675 evangelio
1606 2631 1675 2666 diei
1702 2631 1834 2666 contio-

780 2689 888 2722 natur
915 2690 950 2721 et
976 2686 1211 2721 caerimonias
1238 2685 1504 2720 ecclesiasticas
1530 2684 1690 2719 defendit
1717 2684 1832 2727 (617).

703 2778 907 2820 'Ioannes
944 2776 1149 2825 Iacobus,
1193 2773 1584 2828 Anabaptistarum
1626 2776 1835 2826 augusta-

782 2856 934 2884 norum
953 2841 1150 2890 antistes‚
1170 2854 1196 2882 a.
1213 2839 1383 2882 Canisio
1400 2838 1641 2888 institutus,
1666 2852 1835 2880 errores

783 2907 923 2949 eiurat
956 2905 1242 2960 (609—611).

704 2998 858 3034 *canisii
884 3010 992 3044 opera
1010 2998 1094 3032 Ant.
1114 2996 1293 3042 Hilffrych
1320 2995 1549 3040 anabaptista
1576 2995 1620 3029 ad
1644 2995 1836 3029 ecclesiam

704 3109 705 3118 ¹
722 3052 1112 3150 DOIZffdZIerillilpent·
1133 3102 1298 3137 Canisius
1324 3102 1359 3136 in
1386 3102 1472 3136 aede
1493 3101 1652 3136 maxima
1673 3101 1716 3135 de
1735 3113 1836 3147 prae-

782 3158 916 3193 stantia
933 3157 1033 3192 tertii
1051 3155 1234 3202 praecepti
1249 3155 1419 3198 Decalogi
1439 3156 1476 3189 et
1493 3155 1535 3189 de
1557 3154 1745 3198 evangelio
1764 3155 1836 3189 diei

781 3212 868 3247 dicit
898 3211 1014 3255 (621).

1505 3266 1555 3300 d.
