2093 3444
313 185 469 219 Menum.
499 184 809 230 (vindobonensia)
839 188 918 223 385.
947 187 1112 231 (Ineunte
1138 200 1183 222 111.
1210 188 1404 223 Novembri
1432 189 1550 233 1562.)
1731 193 1812 234 771

51 301 129 343 che
171 301 369 343 desidera
411 316 585 356 sapere,
629 304 692 345 cio
734 308 756 346 0
797 304 945 358 inqual
986 306 1114 359 luogo
1158 306 1265 347 deue
1305 306 1527 353 fermarsi:
1570 310 1614 350 et
1654 307 1697 349 in
1739 308 1816 350 che

50 366 219 419 negocij
253 366 406 408 debbia
438 368 687 420 attendere,
730 369 893 412 benche
927 371 1060 412 molte
1092 371 1209 412 uolte
1242 374 1264 413 e
1297 374 1415 413 stato
1448 372 1520 424 gia
1552 372 1704 415 scritto
1738 373 1815 415 che

51 432 104 474 V.
138 431 401 473 Reuerentia
441 447 699 486 procurasse
740 437 783 476 et
825 434 901 476 che
939 436 1121 477 hauesse
1163 436 1552 490 superintendenza
1594 438 1694 479 delli
1728 439 1816 480 00]-

50 496 153 550 legij
187 496 227 538 di
251 496 432 545 Vienna,
467 497 611 550 Praga
643 501 688 541 et
721 499 925 542 Tirnauia
957 501 1069 542 nelle
1103 515 1201 542 cose
1233 501 1462 555 temporali
1495 505 1610 545 sotto
1644 503 1670 544 l'
1695 503 1817 545 1111111-

51 561 214 603 dientia
246 564 349 615 pero
383 562 450 603 del
483 563 760 616 prouinciale.

171 659 210 695 P.
241 661 376 694 Paulus
397 662 571 703 Hoffaens
589 661 622 695 S.
642 662 684 702 J.‚
712 662 852 705 collegii
880 663 1158 698 vindobonensis
1183 666 1311 706 rector,
1337 665 1372 699 in
1399 664 1615 699 *Relatione
1641 666 1683 700 de
1710 667 1816 701 rebus

51 713 193 757 collegii
220 714 264 748 311
293 715 322 748 1.
350 714 507 748 Ianuarii
536 715 625 748 1562
652 716 695 749 ad
723 716 778 750 20.
806 716 976 750 Martium
1007 717 1096 751 1563
1123 717 1236 761 gestis
1263 718 1408 762 scripta,
1436 730 1542 762 quam
1569 731 1677 764 supra
1696 731 1728 764 p.
1748 720 1816 754 368

52 767 144 808 dixi,
181 767 324 801 scribit:
364 767 580 811 „Negoeium
608 768 920 814 Typographicum
950 770 992 804 ob
1019 771 1141 805 varias
1166 771 1350 805 molestias
1377 783 1418 806 ac
1455 772 1701 807 contentiones
1736 785 1817 807 011111

51 820 305 865 Typographis
330 821 510 865 susceptis
536 833 682 865 prorsus
708 823 863 867 sopitum
891 825 956 857 est.
1009 824 1194 868 Jmpressa
1220 826 1340 858 tamen
1367 827 1452 859 sunt
1478 826 1652 869 quaedam
1680 838 1724 860 ex
1750 826 1816 860 De-

51 873 249 913 mosthene,
277 874 451 915 Jsocrate,
478 885 601 908 omnes
627 875 825 909 familiares
851 876 1024 920 epistolae
1052 877 1243 919 Ciceronis,
1273 877 1410 922 aliquot
1436 878 1517 912 libri
1535 879 1712 913 Aeneidos
1730 879 1816 913 Ver-

51 926 141 972 gilij,
169 926 413 961 Grammatica
440 929 476 961 et
501 927 674 972 Syntaxis
701 928 962 974 Despaute1·ij.“

873 1059 1003 1100 385.

655 1152 805 1189 Ineunte
831 1164 877 1190 ιιι.
904 1154 1096 1190 Novembri
1122 1153 1216 1190 1562.

172 1246 227 1280 Ex
254 1246 459 1292 apographo
485 1246 597 1280 totius
623 1247 817 1291 epistulae,
854 1249 976 1282 eodem
1003 1249 1078 1283 fere
1104 1251 1263 1294 tempore
1289 1249 1433 1294 scripto.
1478 1250 1561 1285 Cod.
1592 1251 1655 1293 „V.
1682 1251 1721 1286 P.
1749 1251 1812 1285 62⁶⁴

51 1301 76 1335 f.
105 1300 299 1335 28b—29a.

171 1354 317 1398 Integra
352 1353 507 1399 epistula
543 1365 587 1387 ex
623 1353 746 1387 eodem
782 1355 986 1400 apographo
1022 1356 1138 1400 posita
1165 1358 1220 1390 est
1246 1356 1282 1390 in
1312 1356 1503 1401 „Epistolis
1533 1356 1573 1391 P.
1601 1358 1740 1391 Nadal“
1772 1358 1815 1399 Π,

55 1408 253 1443 119-121.

170 1492 270 1524 Inter
299 1490 483 1523 canisium
509 1494 538 1524 et
564 1491 755 1523 Victoriam
783 1502 852 1524 uon
889 1493 1055 1525 convenit.
1109 1493 1186 1533 Qua
1221 1493 1258 1525 in
1297 1504 1333 1526 re
1366 1494 1551 1537 utrobique
1579 1495 1727 1537 peccari
1752 1495 1819 1527 Po-

50 1546 177 1579 laneus
203 1549 322 1577 censet.
372 1545 563 1577 Victoriam
593 1544 749 1577 Latmius
774 1546 813 1577 in
843 1546 1036 1578 Germania
1064 1547 1213 1579 »retineri
1243 1547 1335 1589 vult,
1371 1547 1556 1581 dammodo
1592 1549 1623 1580 is
1656 1548 1706 1581 vel
1742 1559 1817 1580 omn

54 1599 200 1632 Canise'o
227 1600 262 1631 rin
289 1598 443 1641 qratiam
472 1598 590 1631 redeat
615 1598 676 1641 vel,
698 1600 886 1640 provincia
913 1600 1039 1641 diffisa,
1066 1600 1133 1631 ala·
1156 1600 1275 1633 subsit.

172 1687 220 1730 P.
254 1687 437 1729 Ioannes
470 1687 521 1728 de
553 1688 757 1741 Polamo,
797 1688 1014 1729 Soc'c'etatis
1046 1691 1319 1744 secretarius,
1359 1691 1580 1743 Tridento,
1624 1690 1695 1732 ubi
1728 1705 1816 1732 cum

52 1753 210 1795 Lainio
225 1754 469 1807 praeposito
489 1754 679 1807 yeneralz·
702 1754 873 1794 concilio
895 1755 1111 1806 intererat,
1143 1756 1309 1796 ineunte
1330 1770 1382 1797 m.
1401 1755 1625 1796 Novembri
1647 1770 1686 1797 a.
1706 1757 1819 1797 1562

52 1820 112 1860 ad
144 1819 193 1860 P.
231 1819 536 1873 Hieronymum
565 1818 761 1860 Natalem
789 1820 833 1861 S.
856 1819 914 1872 J„
949 1821 1021 1874 qai
1053 1825 1150 1861 tanc
1181 1820 1399 1861 Soeietatc's
1435 1819 1738 1873 „visitatorenst
1775 1822 1819 1862 in

53 1884 287 1926 Germania
322 1885 538 1939 superiore
570 1884 737 1937 ayebat,
780 1885 892 1937 haee,
921 1890 1093 1938 praeter
1126 1886 1235 1939 alia,
1277 1885 1429 1927 Lainz‘c'
1468 1887 1588 1927 iussu
1629 1887 1821 1940 scripsit:

52 1949 162 1991 Esta
194 1948 310 1990 110113
342 1948 382 1990 01
414 1948 555 1990 Padre
588 1947 779 1990 Vittoria
811 1962 893 2001 que
926 1948 1024 1990 uino
1060 1949 1161 2001 aqui
1193 1951 1218 1991 a
1251 1949 1412 1991 Trento
1447 1984 1455 1992 .
1482 1985 1490 1993 .
1516 1966 1548 1999 .;
1591 1950 1631 1991 10
1663 1964 1820 2004 parece

51 2028 136 2067 que
169 2013 208 2055 el
242 2013 381 2056 Padre
414 2013 606 2065 Canisio‚
650 2027 705 2055 no
736 2013 854 2055 tiene
885 2028 965 2068 por
996 2015 1137 2055 buena
1170 2028 1271 2056 cosa
1303 2015 1465 2068 alguna
1496 2029 1578 2068 que
1610 2015 1738 2066 haze,
1777 2015 1820 2057 ni

51 2079 92 2121 le
126 2079 300 2121 declara
332 2093 383 2121 su
414 2079 647 2129 uoluntad,
682 2079 725 2120 ni
758 2079 798 2121 el
830 2079 968 2133 puede
1001 2082 1173 2122 acertar
1205 2080 1363 2121 ahazer
1394 2080 1448 2130 13,
1482 2094 1511 2133 y
1544 2083 1664 2122 otras
1697 2094 1821 2122 cosas

51 2144 256 2198 sesiguen
297 2144 350 2186 de
383 2143 504 2197 aqui,
548 2159 576 2198 y
609 2144 757 2198 pienso
790 2158 845 2197 yo
880 2158 961 2197 que
1004 2144 1100 2186 dela
1141 2159 1227 2186 una
1268 2147 1396 2198 parte
1436 2159 1465 2198 y
1498 2145 1595 2187 dela
1636 2147 1732 2187 otra
1765 2159 1821 2199 ay

52 2211 215 2265 alguna
256 2209 368 2252 salta
414 2244 423 2252 .
468 2209 522 2252 V.
558 2209 827 2251 Reuerencia
867 2209 909 2251 lo
952 2210 1191 2252 entendera
1232 2210 1368 2264 mejor
1410 2210 1580 2263 quando
1620 2212 1739 2252 meta
1778 2210 1822 2252 13

52 2290 180 2318 1113110
222 2276 342 2318 enlos
374 2275 534 2329 pechos
566 2289 595 2329 y
626 2289 708 2317 uea
739 2275 805 2316 las
848 2289 971 2317 cosas
1009 2275 1190 2317 decerca
1224 2309 1232 2317 .
1268 2289 1348 2329 por
1387 2275 1430 2316 la
1462 2275 1706 2318 auctoritad
1739 2290 1821 2329 que

51 2340 170 2383 tiene
211 2342 251 2383 el
282 2340 480 2383 Victoria
521 2354 600 2382 con
643 2340 683 2382 el
714 2340 985 2394 Emperador
1025 2354 1052 2393 y
1093 2354 1173 2394 por
1213 2340 1253 2381 el
1292 2339 1458 2382 talento
1499 2354 1607 2394 para
1643 2340 1822 2382 muchas

52 2420 200 2457 cosas,
244 2420 400 2460 parece
441 2405 521 2448 util
562 2419 668 2459 para
701 2405 914 2447 Alemana
956 2405 1095 2446 dende
1137 2419 1194 2458 ay
1234 2419 1366 2459 pocos
1406 2405 1596 2459 praticos
1637 2419 1744 2459 para
1782 2406 1820 2447 el

52 2471 273 2525 gouierno.
318 2471 429 2513 Pero
462 2471 498 2512 si
529 2485 634 2512 nose
656 2470 822 2512 hallase
844 2470 970 2512 modo
1003 2483 1110 2524 para
1134 2472 1410 2512 eoncertarse
1442 2484 1523 2512 0011
1555 2470 1594 2512 el
1626 2470 1823 2525 superior

53 2550 136 2590 que
169 2551 246 2591 ay,
282 2539 306 2578 ὸ
340 2550 422 2589 que
453 2535 623 2578 tuuiese
656 2538 750 2577 otro
785 2535 980 2589 superior
1021 2534 1316 2577 diuidiendose
1356 2535 1400 2577 13
1430 2534 1674 2589 prouincia,
1716 2549 1821 2577 nese

53 2616 185 2656 quam
225 2601 305 2644 util
347 2615 445 2643 sera
477 2602 564 2643 alla
606 2616 656 2642 su
687 2600 930 2655 presentia,
972 2614 1136 2654 perque
1177 2600 1293 2642 tiene
1333 2614 1435 2654 muy
1474 2600 1627 2643 dentre
1659 2600 1822 2643 metida

54 2670 150 2710 esta
181 2667 428 2721 impresion,
462 2680 544 2720 que
577 2680 631 2708 no
653 2665 793 2720 puede
815 2665 944 2707 hazer
977 2679 1077 2707 cosa
1111 2679 1192 2719 que
1215 2665 1379 2718 agrade
1401 2665 1443 2707 al
1464 2664 1703 2719 prouincial
1737 2668 1819 2709 ete.

52 2732 282 2775 remitome
323 2732 572 2774 enlodemas
604 2732 759 2784 aloque
792 2731 844 2774 V.
878 2730 1146 2773 Reuerencia
1185 2730 1361 2783 iuzgare
1400 2729 1605 2772 conuenir
1637 2730 1822 2785 despues

52 2797 316 2840 informarse
349 2800 431 2840 ete.

174 2895 230 2929 Ex
256 2894 323 2928 hac
350 2893 516 2939 epistula,
542 2893 755 2939 praesertim
782 2894 812 2928 si
839 2905 920 2928 cum
937 2893 1085 2928 Polanci
1107 2894 1240 2928 litteris
1259 2894 1291 2928 2.
1309 2892 1525 2927 Novembris
1546 2893 1636 2927 1562
1655 2893 1699 2927 ad
1718 2893 1821 2928 Cani-

53 2949 148 2984 sium
175 2947 269 2982 datis
298 2947 423 2992 (supra
449 2959 483 2992 p.
510 2947 713 2990 521—523)
744 2947 946 2989 confertur,
980 2947 1088 2982 facile
1120 2948 1239 2992 patet,
1274 2946 1333 2981 vel
1359 2945 1527 2980 Natalem
1552 2946 1611 2980 vel
1639 2945 1822 2981 Canisium

55 3002 115 3037 vel
140 3003 334 3045 utrumque
360 3000 496 3042 Lainio,
522 3003 563 3034 ut
588 3000 628 3035 P.
655 3000 854 3036 Victoriam
881 3001 1006 3035 statim
1033 3013 1051 3035 e
1078 3000 1271 3035 Germania
1298 3002 1475 3042 evocaret,
1502 2999 1781 3035 commendasse.

175 3061 229 3095 De
246 3060 418 3102 Victoria,
445 3059 507 3104 qui
531 3060 598 3094 has
623 3059 765 3095 litteras
784 3060 1021 3105 Oenipontem
1047 3072 1163 3105 usque
1191 3059 1289 3103 (vide
1307 3071 1418 3104 supra
1436 3071 1469 3104 p.
1488 3059 1568 3093 521.
1587 3058 1670 3103 522)
1698 3071 1822 3094 secum

54 3114 197 3155 attulit,
234 3114 411 3148 Polancus
434 3113 471 3147 in
501 3113 617 3148 altera
650 3113 836 3158 *epistula
871 3114 937 3148 sub
972 3114 1067 3148 idem
1101 3114 1177 3147 fere
1211 3115 1355 3158 tempus
1391 3113 1475 3147 data
1501 3112 1623 3146 Natali
1657 3113 1818 3158 scripsit:

60 3167 124 3210 „El
151 3167 290 3202 cauallo
317 3178 386 3211 que
413 3166 446 3200 el
471 3166 589 3201 Padre
616 3167 750 3201 canisio
777 3179 920 3212 compro
945 3166 1042 3201 110113
1069 3166 1102 3201 01
1125 3166 1241 3201 Padre
1258 3166 1415 3200 Vittoria
1440 3177 1461 3200 3
1478 3165 1661 3210 Hispruch
1687 3177 1822 3211 perque

1473 3222 1543 3257 49*
