2093 3444
241 168 321 202 561.
356 168 507 202 Ioannes
533 168 576 202 de
602 168 757 203 Polanco
784 168 937 203 Canisio.
980 168 1093 203 Roma
1120 170 1176 204 24.
1203 169 1291 204 Maii
1320 170 1407 204 1561
1440 170 1509 215 (ep.
1537 170 1678 214 altera).
1762 172 1843 214 153

894 287 1015 329 561.

487 385 551 427 P.
584 385 904 428 IOANNES
937 385 1036 427 DE
1069 384 1430 438 POLANGO.

679 466 898 500 secretarius
924 465 1117 500 Societatis
1144 466 1236 507 Iesu,

417 547 590 589 nomine
622 548 768 590 Iacobi
800 548 953 600 Laiuii,
986 549 1224 604 praepositi
1258 548 1488 603 generalis,

822 654 1097 702 CANISIO.

749 762 861 799 Roma
887 763 944 799 24.
972 763 1057 800 Maii
1082 764 1168 801 1561.

644 845 971 900 (Epistula
1020 848 1268 901 altera.)

190 945 246 979 Ex
281 944 489 990 apographo
525 945 683 979 eiusdem
721 945 911 990 temporis;
951 946 986 979 in
1022 946 1184 989 margine
1224 946 1348 980 eadem
1383 958 1491 981 manu
1527 947 1735 982 adnotatum
1772 951 1847 983 est:

75 999 262 1042 „Augusta
288 998 405 1032 Padre
433 997 626 1032 Canissio.“
682 998 767 1033 Cod.
798 998 938 1041 „Germ
968 1000 1078 1034 1561*
1110 1000 1133 1034 f.
1162 1000 1193 1033 2.

190 1051 356 1097 Epistula
380 1063 468 1086 usus
495 1054 552 1086 est
577 1051 693 1085 Kro’ss
717 1051 740 1085 l.
768 1064 797 1086 0.
824 1064 858 1097 p.
888 1052 965 1087 137.

190 1129 418 1172 Praepositus
448 1130 627 1173 9eneraHs
660 1131 791 1163 rectori
825 1130 960 1172 colleyie'
993 1130 1262 1164 vindobonensis
1271 1157 1281 1174 ‚
1318 1131 1411 1174 qnod
1445 1131 1697 1173 professionem
1735 1132 1845 1165 nimio

70 1193 149 1216 cum
173 1183 359 1226 splendore
384 1183 570 1226 emisisset,
599 1194 758 1226 paenam
784 1184 959 1225 ‘irrogati-it
985 1188 1015 1216 et
1045 1184 1228 1217 Canise'um
1255 1194 1375 1217 cavere
1400 1184 1511 1227 iubet,
1550 1188 1587 1217 ut
1604 1186 1846 1228 professiones

69 1237 218 1269 modeste
245 1237 344 1278 fiant.

757 1290 852 1332 Pax
885 1291 1044 1334 Christi
1078 1295 1159 1334 eto.

187 1371 421 1415 Jntellexit
461 1373 532 1416 Pr.
566 1373 621 1417 N.
654 1373 934 1428 praepositus
976 1373 1290 1428 professionem
1333 1388 1358 1416 a
1399 1374 1617 1416 Doctorea
1649 1374 1847 1417 Victoria

70 1438 258 1481 Rectore
290 1437 459 1493 collegij
490 1438 751 1481 Viennensis
784 1438 1015 1480 emissamb
1048 1439 1287 1481 solenniter
1319 1439 1440 1490 satis,
1476 1442 1553 1482 aut
1585 1439 1718 1481 etiam
1750 1440 1847 1494 plus

70 1503 201 1554 satis,
244 1502 281 1544 si
322 1517 417 1545 eam
460 1503 784 1558 simplicitatem
828 1506 1097 1558 spectemus,
1141 1519 1269 1557 quam
1303 1506 1480 1546 nostrae
1515 1504 1848 1548 constitutiones

71 1567 340 1623 [requirunt,
383 1567 475 1623 et]⁰
506 1583 657 1611 eorum
689 1569 761 1622 qui
792 1569 1004 1612 hactenus
1037 1572 1138 1611 sunt
1170 1569 1357 1624 professi
1390 1570 1591 1624 exempla
1629 1585 1847 1612 common-

70 1637 227 1677 strant.
270 1634 328 1676 Jn
359 1634 453 1689 ipso
486 1634 658 1688 quidem
688 1636 878 1677 Doctore
900 1635 1097 1678 Victoria
1129 1635 1436 1677 solennitatem
1467 1635 1598 1678 istam
1633 1635 1846 1678 desiderio

71 1699 386 1742 aedificationis
419 1700 688 1743 ascribimus.
732 1701 794 1743 Vt
815 1700 981 1742 scilicet
1013 1700 1129 1742 eoin
1162 1703 1358 1755 tempore
1391 1715 1442 1742 ac
1473 1715 1525 1742 ea
1556 1700 1601 1742 in
1623 1701 1848 1755 prouincia

68 1765 112 1807 in
145 1780 230 1819 qua
262 1765 450 1819 quodam
481 1766 609 1807 modo
641 1765 884 1808 huiusmodi
906 1769 1011 1808 uota
1043 1765 1238 1808 solennia
1271 1780 1321 1807 ac
1350 1768 1446 1808 tota
1468 1766 1711 1808 monastica
1745 1781 1847 1821 pro-

69 1830 202 1873 fessio
234 1830 377 1873 iacere
410 1830 583 1874 uidetur
613 1830 657 1872 in
688 1830 909 1873 hominum
943 1830 1098 1873 animis
1130 1845 1208 1885 per
1240 1831 1453 1873 celebrem
1488 1830 1579 1873 eius
1612 1831 1848 1885 professio-

70 1910 191 1948 nem,
234 1898 279 1939 et
320 1911 345 1939 a
386 1895 491 1938 uiris
528 1896 783 1939 Jllustribus
826 1898 1025 1938 ornatam
1068 1896 1322 1950 erigeretur.
1387 1896 1530 1939 Tanta
1571 1896 1847 1939 nihilominus

70 1961 301 2005 celebritas
343 1964 387 2004 et
428 1962 633 2017 splendor
672 1975 758 2003 non
798 1961 971 2003 uidetur
1002 1961 1125 2004 Patri
1165 1964 1316 2004 nostro
1349 1962 1628 2016 Praeposito,
1671 1976 1750 2004 nec
1784 1962 1848 2004 rei

68 2042 198 2082 quam
220 2028 474 2082 profitemur
488 2028 515 2078 1,
548 2041 628 2069 nec
652 2026 1011 2069 constitutionum
1034 2029 1282 2069 nostrarum
1305 2026 1576 2082 simplicitati
1608 2027 1716 2070 satis
1744 2041 1846 2069 con-

68 2092 218 2135 uenire
252 2127 260 2136 .
294 2093 354 2135 Et
392 2092 488 2134 ideo
520 2092 698 2135 Rectori
740 2092 910 2146 collegij
943 2092 1174 2134 Vienensis
1215 2091 1500 2146 penitentiam
1538 2092 1845 2146 iniungendam

70 2158 260 2209 censuit,
304 2158 419 2212 quod
457 2157 619 2201 limites
660 2157 974 2200 mediocritatis
1015 2157 1209 2200 scilicetd
1243 2156 1304 2212 [Ρ]
1344 2157 1414 2212 pio
1446 2157 1564 2199 2010Ε
1602 2157 1660 2199 sit
1699 2160 1845 2200 trans-

69 2238 268 2278 gressus3
314 2226 359 2266 et
399 2224 450 2267 R.
494 2224 547 2266 V.
589 2222 777 2276 iniungit
821 2225 870 2264 ut
912 2222 1255 2277 professionibus
1300 2236 1404 2264 suae
1448 2222 1704 2264 Prouinciae
1748 2237 1845 2265 eam

71 2289 288 2333 duntaxat
319 2288 649 2331 solennitatem‘
679 2288 935 2343 permittatg
976 2302 1087 2342 quae
1125 2288 1414 2331 humilitatem
1457 2302 1508 2330 ac
1539 2290 1846 2342 paupertatem

68 2355 260 2398 instituti
291 2354 430 2397 nostri
462 2355 637 2397 deceat:
681 2356 725 2396 et
757 2353 992 2407 primorum
1024 2353 1206 2396 Patrum
1246 2353 1541 2408 professiones
1577 2353 1718 2407 magis
1749 2353 1846 2395 imi-

68 2422 230 2463 tentur.
265 2419 362 2474 alijs
395 2420 448 2462 de
469 2420 598 2462 rebus
629 2432 707 2473 per
730 2418 839 2460 alias
871 2418 1023 2461 literas
1046 2418 1264 2462 scribitur.
1309 2419 1474 2461 Romae
1498 2420 1566 2462 24.
1591 2419 1694 2473 Maij
1717 2420 1844 2462 1561.

190 2512 374 2547 Canisium
411 2512 478 2546 has
514 2511 657 2546 litteras
694 2511 730 2545 10
767 2511 954 2556 provincia
991 2522 1057 2545 sua
1094 2510 1326 2555 (Germaniae
1364 2510 1575 2556 superioris)
1616 2511 1847 2556 promulgare

69 2560 209 2601 iussum
235 2578 315 2601 esse
342 2578 388 2600 ex
412 2564 547 2600 litteris
574 2565 820 2610 superioribus
850 2564 974 2609 (supra
1000 2576 1033 2609 p.
1062 2564 1144 2609 150)
1184 2564 1428 2608 intellegitur;
1463 2576 1580 2609 neque
1606 2564 1754 2599 dubium
1781 2566 1846 2606 est,

71 2619 157 2664 quin
182 2620 294 2654 Hosio
321 2631 382 2654 eas
409 2617 626 2659 ostenderit;
653 2617 699 2653 cf.
726 2629 836 2662 supra
862 2629 896 2662 p.
926 2618 1004 2652 130.
1034 2618 1113 2652 143.
1143 2617 1221 2652 150.

189 2760 203 2775 ἢ
230 2753 379 2788 Dottore
405 2764 463 2796 ap.
560 2753 576 2773 b
602 2751 809 2786 emmissam
835 2763 893 2795 ap.

196 2814 207 2828 ⁰
233 2808 293 2841 Vel
317 2807 411 2850 haec,
437 2807 488 2840 vel
514 2805 676 2850 exigunt,
703 2808 750 2850 et,
776 2807 828 2839 vel
852 2806 988 2839 similia
1013 2806 1212 2849 supplenda
1238 2817 1319 2846 esse,
1345 2817 1389 2839 ex
1406 2806 1555 2839 Polanei
1580 2805 1707 2838 litteris
1730 2806 1847 2838 eodem

71 2862 128 2895 die
151 2861 335 2905 hispanice
361 2861 409 2893 ad
433 2861 628 2893 Victoriam
655 2860 750 2893 datis
776 2859 982 2892 concludere
1008 2859 1108 2902 Zioet;
1140 2859 1204 2893 ubi
1236 2860 1269 2892 is
1292 2859 1416 2892 scribit
1444 2860 1544 2903 „dela
1570 2859 1798 2901 sz'mplieidad
1823 2869 1846 2901 y

70 2914 259 2948 humildad
292 2925 358 2958 que
391 2914 442 2947 los
470 2914 654 2956 professos
687 2913 790 2946 hasta
826 2913 912 2956 aqui
949 2912 1021 2945 han
1058 2913 1169 2945 usado
1197 2939 1204 2945 .
1233 2925 1265 2954 .,·
1298 2923 1321 2956 y
1355 2913 1392 2945 Za
1427 2923 1493 2955 que
1527 2913 1688 2954 reqm'ere
1713 2911 1744 2944 el
1769 2915 1846 2944 acto

70 2979 198 3002 mesmo
225 2995 232 3002 .
261 2995 290 3012 ,7
315 2979 338 3010 y
363 2971 527 3000 nuestras
553 2964 850 3000 constitutiones“.
904 2966 959 3008 Cf.
985 2966 1091 3008 infra
1110 2977 1151 3009 p.
1180 2968 1258 3000 154.

189 3021 205 3041 a
228 3022 290 3055 Vel
314 3020 426 3063 licet,·
453 3018 500 3063 (si
526 3018 613 3053 licet
638 3030 696 3063 ap.
795 3025 806 3039 θ
834 3017 910 3052 0010
937 3029 995 3062 ap.
1101 3018 1113 3038 f
1135 3018 1364 3052 solenitatem
1392 3029 1449 3061 ap.
1549 3024 1563 3042 g
1588 3016 1761 3062 permitat
1787 3028 1844 3060 ap.

193 3153 202 3173 ¹
229 3153 454 3199 Paupertati,
481 3153 729 3188 oboedientiae
756 3155 845 3193 etc.;
873 3153 918 3186 cf.
946 3163 1056 3197 supra
1082 3163 1115 3196 p.
1144 3152 1216 3186 772.
