2093 3444
199 215 284 256 648
735 211 892 246 Monuni.
921 211 1154 256 (augustana)
1183 212 1264 247 264.
1294 212 1429 257 (1562.)

317 333 342 372 3
376 330 459 372 Vbi
502 333 811 384 praeceptum¹
852 330 1078 384 ‚Imagines
1122 330 1165 372 in
1207 331 1403 373 Ecclesia
1447 345 1688 386 proponere
1732 334 1777 374 et
1819 331 1965 375 multi-

197 396 372 451 plicare.

316 462 342 502 4
376 460 484 510 Quid
515 460 651 503 refert
684 475 782 502 ossa
813 463 1081 502 mortuorum
1105 474 1365 503 conseruare
1399 464 1443 503 et
1475 476 1630 504 ornare
1660 464 1704 504 et
1736 462 1965 516 sepulchra

197 526 368 567 illorum
401 525 593 568 uisitare.

317 593 341 632 5
375 591 556 645 posteab
586 590 714 632 fidem
747 591 886 645 ipsam
920 590 1085 644 arripit.
1150 590 1252 641 Quis
1285 591 1366 633 scit
1407 591 1443 633 si
1474 590 1518 632 in
1550 592 1642 633 celo
1674 595 1800 635 suntc
1863 594 1888 634 2
1922 596 1966 635 et

197 659 246 698 ut
284 656 371 698 sint
411 656 455 697 in
497 656 611 705 celo,
656 656 868 708 quomodo
911 655 1052 699 sciunt
1094 669 1204 709 quae
1246 659 1436 709 aguntur
1476 659 1520 699 et
1561 657 1709 699 audire
1744 655 1966 712 [possunt]

197 724 371 764 nostras
403 721 623 764 orationes
666 723 691 763 3
724 724 773 763 ut
805 720 946 763 sciant
979 721 1110 763 etiam
1143 735 1244 762 num
1266 724 1449 775 possunt
1474 721 1624 763 iuuare
1666 724 1692 763 4
1725 722 1785 765 Vt
1817 722 1967 765 iuuare

197 786 377 842 possint,
411 801 496 828 non
528 789 677 828 tamen
708 786 937 827 inuocandi
1002 787 1026 827 5
1060 800 1142 828 non
1178 786 1399 829 adorandi.

317 879 405 914 Cum
432 879 488 913 his
524 879 739 913 conferenda
774 881 877 919 sunt,
914 890 1005 922 quae
1033 878 1198 913 Canisius
1231 879 1274 912 de
1301 878 1512 913 Sanctorum
1549 879 1731 914 miraculis
1766 892 1811 914 ex
1843 880 1966 914 eodem

197 943 300 967 sacro
325 934 503 976 suggestu
530 932 622 966 dixit
646 932 677 966 2.
697 932 882 966 Februarii
903 932 993 966 1562
1023 931 1147 977 (supra
1173 944 1205 977 p.
1227 932 1429 976 638—640)
1459 935 1494 967 et
1520 944 1611 977 quae
1638 933 1680 967 de
1706 933 1967 979 Martyrologio

199 985 333 1021 Canisii
359 997 467 1031 opera
493 997 524 1020 a.
554 985 645 1020 1562
672 986 878 1029 germanice
905 985 999 1019 edito
1026 985 1190 1020 dicentur
1216 986 1320 1027 infra,
1347 998 1501 1020 monum.
1531 986 1610 1021 399.

1017 1109 1147 1151 264.

1034 1199 1129 1235 1562.

317 1289 371 1323 Ex
406 1288 582 1323 contionis
618 1289 891 1327 commentario.
928 1301 947 1323 a
984 1289 1126 1323 Canisio
1162 1289 1356 1332 recognito.
1409 1289 1491 1323 Cod.
1531 1288 1636 1330 „Cam
1662 1289 1704 1323 X.
1733 1288 1783 1323 U“
1826 1289 1850 1323 f.
1880 1289 1969 1323 147b

198 1343 241 1377 ad
271 1343 371 1377 148³.

321 1419 489 1452 Cauisius
523 1431 539 1451 e
572 1430 675 1452 sacro
708 1424 866 1463 suqqestu
906 1423 1124 1462 (tuqustauo,
1165 1421 1391 1462 rz'yom'smum
1430 1419 1653 1462 improbans,
1690 1420 1893 1453 saltationes
1926 1431 1969 1454 ue

198 1474 385 1506 dominicis
411 1473 548 1516 quidem
576 1473 696 1505 (It'ebus
724 1474 868 1506 illicitas
894 1484 962 1505 esse
988 1474 1170 1515 affirmat,
1206 1484 1261 1505 eos
1286 1477 1421 1515 tamen,
1458 1473 1520 1515 qui
1544 1473 1778 1515 voluptatibus
1805 1474 1911 1506 nimis
1934 1484 1970 1507 se

198 1527 340 1570 dedant,
366 1527 553 1569 vituperat.

319 1616 519 1656 sze'sz'us
563 1616 603 1656 iu
646 1617 834 1656 contione
865 1615 1054 1669 quadam
1087 1630 1125 1656 α.
1163 1616 1276 1656 1562
1310 1617 1526 1668 Auqustcte
1571 1615 1612 1655 ιή
1651 1616 1798 1669 templo
1831 1616 1968 1657 cathe-

201 1681 319 1721 drali
359 1678 440 1730 (rel
481 1681 650 1722 eeclesia
693 1680 735 1722 S.
776 1680 952 1721 Ioannis
996 1681 1031 1720 ei
1073 1679 1287 1734 eoutiquce)
1328 1679 1473 1721 habita
1518 1681 1818 1735 quaestionem,
1868 1695 1969 1722 uum

199 1745 436 1787 homiuibus
485 1746 730 1787 christianis
779 1745 924 1787 diebus
974 1746 1197 1786 dominicis
1240 1744 1507 1796 „clmrisurffl
1555 1746 1715 1798 liceret,
1766 1750 1967 1799 tractans,

197 1813 257 1852 ita
294 1812 518 1852 disseruit:
561 1810 774 1852 Sermod
813 1813 1005 1852 vester
1045 1810 1096 1851 in
1129 1809 1318 1863 gratia
1359 1809 1476 1851 sale
1508 1809 1583 1851 sit
1621 1809 1879 1852 conditus
1911 1835 1968 1839 ——

198 1875 369 1917 lieblich
410 1875 487 1917 mit
531 1875 640 1917 saltz
682 1878 924 1928 gewurtzet
964 1901 1021 1905 —
1062 1878 1120 1917 ut
1154 1874 1356 1917 sciatis
1399 1875 1663 1927 quomodo
1706 1878 1969 1929 oporteat

197 1954 296 1982 vos
328 1941 469 1982 ainem
507 1940 668 1994 jeglich
700 1941 1002 1994 Vnicuique
1042 1940 1383 1994 respondere
1417 1940 1578 1982 Coloss.
1613 1942 1682 1982 41.
1748 1940 1868 1982 Haec
1900 1954 1969 1983 re-

198 2006 301 2060 gula
345 2020 515 2060 semper
559 2006 671 2048 bona
717 2009 760 2048 et
802 2005 920 2048 vtilis
966 2006 1097 2048 etiam
1142 2005 1185 2046 in
1226 2005 1460 2059 prophanis
1504 2005 1696 2059 negocijs
1739 2006 1969 2060 praecipue

199 2073 345 2114 autem
380 2071 422 2112 in
464 2071 656 2125 negocijs
689 2071 997 2113 conscientiam
1031 2071 1400 2113 concernentibus.
1464 2070 1582 2112 Illice
1617 2070 1728 2112 enim
1762 2085 1869 2125 opus
1902 2074 1970 2114 est

200 2137 386 2179 discrete
417 2137 558 2190 loqui,
601 2139 645 2178 et
676 2137 834 2178 bonum
868 2150 1045 2178 seruare
1078 2135 1287 2184 medium,
1331 2138 1379 2176 ut
1410 2149 1463 2177 ne
1502 2135 1603 2188 quid
1636 2135 1784 2186 nimis,
1826 2136 1877 2178 21⁰1
1910 2137 1970 2178 vil

199 2202 257 2244 ist
289 2202 551 2255 vngesunts,
594 2201 659 2244 nit
690 2216 742 2242 zu
774 2201 882 2243 hoch
925 2215 1120 2256 spannen
1152 2203 1455 2255 praeceptum,
1499 2200 1563 2242 nit
1600 2201 1869 2243 verstrichen
1901 2201 1970 2244 die

201 2266 469 2320 geuvissenss’,
513 2269 556 2309 et
598 2266 834 2308 salutarem
878 2266 1018 2308 cibum
1059 2280 1144 2307 non
1176 2265 1353 2307 nimium
1393 2265 1544 2316 salire⁷
1590 2265 1767 2307 nimium
1808 2266 1969 2309 utendo

200 2332 291 2374 sale
324 2332 613 2386 corrumpitur
644 2332 780 2381 bolus,
822 2334 867 2373 et
899 2331 1010 2373 sicut
1041 2336 1154 2372 nong
1185 2331 1342 2372 bonum
1376 2333 1443 2373 est
1474 2330 1545 2372 ubi
1578 2331 1772 2372 merumh
1805 2332 1870 2374 sal
1903 2334 1970 2374 est

199 2397 263 2439 ita
304 2397 375 2438 ubi
418 2396 595 2438 nimium
640 2396 781 2438 mellis
821 2396 865 2437 in
906 2395 1138 2450 pincendoi
1175 2393 1236 2450 [P]
1280 2395 1512 2449 apponitur
1555 2431 1562 2438 .
1611 2396 1706 2438 Hoc
1749 2396 1843 2438 dico
1883 2411 1969 2438 non

201 2462 337 2503 solum
381 2462 432 2503 de
466 2461 633 2503 choreis
675 2461 751 2503 sed
789 2461 921 2503 etiam
963 2475 1046 2502 uon
1085 2460 1198 2502 allen
1239 2460 1523 2503 kurtzweilen
1564 2460 1606 2502 in
1649 2461 1799 2503 diebus
1830 2461 1968 2512 festis,

319 2623 332 2637 ²¹
361 2618 567 2661 Sequuntur
591 2629 640 2651 vv.
668 2628 775 2660 agere
802 2628 894 2661 cum,
921 2628 944 2650 α
974 2618 1009 2651 C.
1038 2619 1114 2660 ipso
1142 2618 1352 2651 oblitterata.

321 2671 334 2690 ¹¹
363 2672 570 2714 Sequuntur
595 2682 644 2704 vv.
671 2670 772 2704 venit
797 2670 853 2712 ad,
879 2682 901 2703 a
932 2670 967 2704 G.
996 2672 1071 2713 ipso
1097 2671 1307 2704 oblitterata.

325 2730 336 2743 ⁰
364 2725 571 2768 Sequuntur
595 2736 644 2757 τυ.
673 2723 854 2757 dormiunt
879 2723 971 2757 forte
983 2736 995 2763 ,·
1021 2735 1062 2757 ac
1087 2723 1179 2757 forte
1206 2735 1228 2756 α
1257 2724 1293 2757 C.
1322 2726 1397 2766 ipso
1423 2724 1660 2758 oblitteratum
1685 2728 1732 2757 est
1739 2736 1754 2766 ‚·
1780 2725 1840 2767 qui
1867 2725 1970 2757 etiam

204 2777 384 2811 dormiunt
411 2778 613 2811 oblitterare
637 2778 688 2811 vel
712 2778 860 2811 voluisse
885 2777 936 2810 vel
961 2777 1117 2810 debuisse
1143 2779 1285 2810 omnino
1311 2778 1459 2811 videtur.

321 2831 336 2850 ἃ
362 2832 440 2864 Hoc
463 2842 494 2865 v.
520 2835 551 2864 et
574 2842 646 2874 sqq.
674 2841 782 2874 usque
807 2831 855 2863 ad
879 2830 1072 2874 praecipue
1098 2832 1219 2863 autem
1245 2830 1327 2864 incl.
1358 2831 1393 2864 C.
1420 2841 1486 2864 sua
1511 2841 1622 2864 mauu
1647 2831 1800 2874 scripsit.

324 2890 336 2904 δ
363 2885 440 2917 Hoc
465 2895 493 2918 v.
522 2889 552 2917 et
576 2895 721 2928 sequens
747 2895 768 2916 a
798 2884 843 2917 C..
861 2885 937 2926 ipso
961 2894 1075 2926 supra
1100 2894 1237 2916 versum
1264 2884 1388 2916 addita
1413 2889 1503 2917 sunt.

324 2937 335 2957 f
363 2938 460 2978 Quae
484 2941 692 2981 sequuntur,
717 2947 826 2980 usque
851 2937 899 2970 ad
924 2935 1031 2970 salire
1056 2937 1152 2980 incl„
1182 2947 1203 2968 α
1235 2936 1270 2970 0.
1295 2947 1408 2979 supra
1434 2947 1572 2970 versum
1597 2937 1723 2969 addita
1746 2940 1838 2969 sunt.

323 2996 336 3014 g
363 2991 534 3033 Sequitur
558 2990 630 3034 ubi,
657 3001 679 3023 a
704 2990 784 3023 libr.
812 2990 1058 3023 oblitteratum.
1156 2988 1171 3009 ¹¹
1197 3000 1297 3022 meru
1320 2990 1400 3023 libr.

330 3043 335 3062 i
363 3043 445 3084 δίᾳ·
468 3044 528 3077 sed
553 3044 800 3086 eorriyendum
826 3043 964 3076 videtur
989 3041 1173 3086 pinsendo.

329 3189 337 3207 ¹
367 3187 440 3222 Col.
467 3189 499 3228 4,
527 3188 559 3222 6.
658 3187 672 3208 ²
698 3187 752 3221 Cf.
782 3188 798 3221 1
828 3186 906 3221 Cor.
935 3187 966 3226 7,
993 3186 1048 3220 35.
