2093 3444
179 191 233 232 88
526 186 605 221 534.
642 185 829 219 Hurtadus
854 184 965 218 Perez
991 185 1134 218 nomine
1162 184 1296 219 Canisii
1322 184 1450 218 Iacobo
1476 183 1610 218 Lainio.

177 308 373 342 adiuvante
400 305 444 339 ab
464 304 639 338 Eldereno
667 301 839 347 scriptam
867 313 956 342 esse,
985 303 1020 335 et
1047 312 1091 335 ex
1118 301 1169 334 rei
1188 300 1371 345 gravitate
1390 301 1489 334 -in
1515 312 1619 334 usum
1646 299 1765 335 curiae
1784 311 1952 335 romanae

177 362 267 396 haec
293 359 545 394 scribebantur
573 356 634 399 (cf.
667 357 752 390 Can.
782 355 869 400 Epp.
898 355 941 395 H,
970 354 1173 398 599-600)
1203 374 1248 378 —
1276 357 1312 388 et
1338 367 1383 388 ex
1409 354 1486 399 ipso
1512 354 1687 388 sermonis
1714 365 1846 397 genere
1871 365 1951 388 con·

178 416 312 449 iectare
338 413 434 447 licet.
486 411 621 445 Notatu
649 409 793 452 dignum
823 409 931 442 etiam
959 409 1025 443 est.
1053 407 1257 442 Hurtadum
1284 407 1320 441 in
1347 407 1478 441 litteris
1504 408 1607 442 modo
1633 407 1841 441 memoratis
1867 407 1952 442 scri-

178 469 281 503 bere:
306 466 361 510 „Jl
380 465 432 500 .D.
448 464 638 499 Lamberto
657 463 788 497 scrisse
807 462 853 495 da
866 461 1076 504 Nulnburgo
1095 461 1186 495 doue
1203 472 1335 495 uenero
1354 460 1377 494 li
1398 460 1862 505 Reuere11dissimiNuntij⁴⁴
1884 463 1952 496 etc.

179 521 282 555 Unde
310 518 541 557 concluseris.
569 516 772 556 Canisium,
808 527 900 559 quae
927 515 969 548 de
995 515 1102 548 rebus
1128 514 1481 558 naumburgensibus
1506 516 1640 555 narrat,
1666 514 1798 559 partim
1823 514 1952 548 saltem

181 587 226 609 ex
252 574 292 608 P.
319 573 509 607 Lamberto
536 572 633 604 Auer
659 569 692 604 S.
721 570 754 603 J.
791 568 994 613 accepisse,
1030 579 1135 612 quem
1172 567 1373 612 Delphinus
1407 567 1555 601 nuntius
1589 567 1796 611 theologum
1831 569 1869 601 et·
1902 567 1953 602 fa-

181 628 301 662 miliae
326 626 587 661 moderatorem
614 623 825 657 Vindobona
852 621 1126 664 Naumburguin
1152 632 1275 655 secum
1302 620 1503 654 abduxerat
1531 621 1592 664 (cf.
1619 632 1728 665 supra
1755 632 1788 666 p.
1815 620 1890 664 25).

1009 745 1138 787 534.

635 847 687 893 P.
730 844 1082 891 HURTADUS
1122 843 1323 890 PEREZ
1364 844 1411 891 S.
1453 844 1500 890 J.

883 943 1055 985 nomine
1089 943 1247 985 Canisii

768 1036 1049 1079 IAcono
1084 1036 1363 1087 LAINIQ

703 1119 907 1166 praeposito
933 1117 1093 1162 generali
1121 1117 1312 1152 Societatis
1339 1118 1430 1152 Iesu.

658 1208 827 1255 Augusta
854 1205 1128 1242 Vindelicorum
1156 1206 1212 1241 22.
1240 1204 1366 1241 Martii
1394 1203 1478 1241 1561.

302 1293 356 1327 Ex
376 1291 599 1337 autographo
628 1292 706 1333 (2⁰:
736 1291 755 1325 3
775 1303 852 1336 pp.;
881 1291 915 1324 iu
935 1302 967 1335 p.
991 1291 1024 1324 4.
1051 1289 1158 1323 inser.
1178 1291 1213 1323 et
1233 1287 1406 1333 reliquiae
1433 1287 1575 1331 sigilli).
1612 1286 1695 1321 cod.
1720 1286 1781 1329 ,.Ur.
1802 1287 1866 1333 Ep.
1886 1288 1949 1322 IL‘

187 1348 211 1382 f.
243 1347 483 1382 1012—10212

302 1426 361 1457 Pii
387 1425 450 1457 11⁷.
479 1424 588 1457 Brere
615 1423 760 1455 vanis-io
789 1423 942 1454 missmn.
994 1421 1199 1453 Facultates
1220 1430 1286 1462 pet·
1312 1419 1498 1461 Lm’niunt,
1534 1419 1719 1452 ι’(ινιίίηαῐὶ
1746 1420 1957 1462 Anynstano

184 1480 351 1522 consulto,
379 1490 399 1511 (ι
429 1479 491 1511 Ιί”ο
522 1478 582 1510 11⁷.
621 1476 874 1519 intpelramlae.
930 1475 1098 1507 Cunisius
1133 1473 1244 1516 dolet,
1281 1473 1383 1506 Pium
1412 1483 1434 1505 α
1463 1472 1746 1514 protestantibus
1781 1473 1957 1505 ricarium

189 1533 324 1567 Christi
361 1543 430 1565 ozon
472 1532 625 1573 annos-ci.
690 1529 885 1563 Concilium
926 1539 1008 1561 moa·
1046 1527 1297 1559 incohandum.
1358 1526 1546 1559 Sociorum
1584 1526 1737 1559 duorum
1772 1527 1935 1559 discessio
1947 1539 1960 1566 ,-

185 1587 335 1619 alterins
354 1587 420 1628 piu
450 1597 554 1618 mors.
608 1584 763 1626 Aeyroti.
816 1583 965 1615 Novit-ii.
1020 1581 1209 1622 L'ollessiotnz
1239 1580 1493 1613 vindobonense
1519 1581 1660 1622 eiusque
1686 1580 1819 1613 culina.
1872 1579 1958 1613 Pro-

186 1651 278 1673 cerc’x
304 1640 483 1672 interdum
510 1639 557 1670 ad
583 1639 777 1671 convivium
806 1636 926 1668 roc-ari
952 1636 1120 1667 convenit.
1174 1634 1351 1667 Victoriae
1389 1636 1465 1665 rota
1492 1633 1677 1665 sollemnia
1704 1637 1735 1666 et
1759 1633 1960 1676 simplicia,-

186 1705 272 1726 num
298 1704 374 1725 cuna
403 1696 584 1736 apparatu
611 1691 808 1734 facienda?
841 1689 984 1723 Hosius.
1029 1688 1284 1721 immin-aritine.
1324 1687 1518 1720 Conventus
1546 1686 1850 1729 naumburyensss.
1891 1686 1959 1720 Res

185 1752 424 1790 anyustanae:
452 1747 585 1785 Messis,
613 1745 838 1784 oblocutores,
870 1770 886 1785 ‚,
897 1740 1183 1784 Inf'ernalist(1e“.
1228 1741 1366 1773 erlnte'o
1392 1741 1434 1772 (le
1461 1740 1563 1772 relius
1592 1740 1814 1773 Germaniae.

1028 1830 1108 1872 Jhs

493 1917 585 1958 Pax
619 1915 778 1957 Christi
811 1914 944 1956 molto
978 1912 1234 1955 Reuerendo
1269 1912 1313 1954 P.
1349 1911 1419 1953 nel
1452 1910 1647 1965 Signore.

306 2000 469 2050 Questa
510 1998 753 2041 Settimana
794 2010 879 2038 non
923 1996 960 2038 ci
1001 2009 1079 2037 son
1121 2008 1217 2036 rese
1259 2007 1444 2036 nessune
1486 1993 1622 2035 letere
1665 1992 1704 2034 di
1738 1993 1790 2036 V.
1825 1993 1871 2036 P.
1915 1996 1960 2036 et

187 2065 298 2108 cossi
332 2079 417 2107 non
450 2064 650 2106 habiamo
684 2064 710 2105 a
743 2062 820 2104 che
853 2061 1117 2116 rispondere,
1151 2074 1221 2102 ma
1243 2059 1566 2114 rispondercmo
1599 2058 1653 2100 ad
1676 2059 1828 2101 alcune
1861 2073 1959 2102 cose

186 2134 385 2185 passam,
420 2133 465 2172 et
497 2129 747 2171 scriuiremo
781 2128 893 2169 altre
926 2126 990 2169 ch’
1016 2139 1260 2168 occorrono.
1298 2127 1343 2167 et
1375 2123 1626 2178 rispondero
1659 2123 1699 2166 io
1732 2138 1810 2178 per
1841 2138 1961 2166 esser

188 2196 325 2239 anche
358 2196 511 2238 adesso
546 2210 585 2237 n.
621 2194 665 2237 P.
701 2192 973 2235 Prouinciale
1005 2192 1140 2234 molto
1174 2193 1400 2245 occupato.

305 2262 349 2303 «Π
379 2258 756 2303 Reuerendissimo
780 2258 1008 2301 Cardinale
1030 2256 1289 2310 Augustano
1323 2255 1479 2297 mando
1513 2269 1592 2297 con
1624 2268 1700 2296 sue
1733 2255 1869 2298 letere
1902 2269 1958 2296 vn

188 2328 320 2369 breue
362 2327 475 2368 della
517 2325 690 2368 Santita
731 2325 863 2374 sual,
905 2323 949 2365 la
990 2322 1058 2364 cui
1099 2321 1223 2376 copia
1264 2334 1311 2362 se
1352 2319 1550 2362 rimanda
1591 2321 1618 2362 a
1651 2320 1704 2364 V.
1738 2320 1784 2363 P.
1819 2320 1959 2374 Prega

188 2396 338 2435 nostro
373 2392 433 2435 .P.
462 2390 632 2433 Canisio
655 2389 706 2432 V.
731 2389 778 2431 P.
812 2388 902 2443 (poi
934 2388 1012 2430 che
1044 2402 1124 2429 sua
1155 2386 1320 2429 santita
1352 2385 1463 2427 cossi
1495 2385 1829 2438 benignamente
1860 2399 1962 2440 pro-

189 2460 304 2500 mete
337 2457 379 2498 di
410 2456 530 2498 uoler
562 2454 773 2497 conceder
795 2454 894 2507 quel
927 2453 1006 2495 che
1038 2452 1074 2494 si
1107 2451 1391 2504 domandara)
1425 2450 1461 2492 si
1484 2450 1613 2504 degni
1636 2450 1849 2492 conferire
1882 2464 1961 2492 con

311 2599 390 2634 Jhs.
440 2599 517 2633 Pax
546 2597 690 2632 Christi.
739 2597 941 2631 Admodum
967 2596 1164 2630 reverende
1191 2595 1227 2629 in
1254 2594 1395 2629 domino
1422 2596 1534 2639 pater.

312 2664 400 2699 Cum
427 2663 495 2697 hac
521 2662 742 2697 hebdomade
769 2661 912 2695 litterae
938 2660 977 2694 P.
1005 2661 1048 2695 V.
1075 2660 1178 2695 nobis
1203 2659 1359 2694 traditae
1386 2670 1455 2693 non
1481 2659 1564 2699 sint,
1599 2670 1669 2693 non
1695 2660 1751 2693 est
1775 2658 1887 2699 nobis,
1918 2658 1962 2692 ad

192 2718 283 2762 quod
311 2716 610 2762 respondeamus:
646 2715 942 2760 respondebimus
967 2716 1089 2748 tamen
1115 2714 1159 2748 ad
1186 2713 1390 2758 superiores
1417 2712 1555 2756 aliquot
1579 2723 1648 2753 res,
1683 2714 1720 2746 et
1745 2711 1835 2753 alia,
1871 2723 1962 2756 quae

192 2773 394 2812 occurrunt,
422 2770 631 2804 scribemus.
682 2767 917 2813 Respondebo
944 2769 1063 2801 autem
1091 2778 1176 2810 ego,
1212 2766 1295 2810 quia
1322 2776 1417 2800 nunc
1442 2776 1582 2810 quoque
1607 2766 1711 2810 pater
1735 2767 1859 2800 noster
1884 2776 1962 2810 pro-

193 2824 360 2858 vincialis
386 2823 493 2857 valde
519 2825 715 2867 occupatus
741 2823 806 2855 est.

311 2875 649 2911 Reverendissimus
685 2874 879 2909 cardinalis
905 2874 1144 2916 Augustanus
1170 2883 1249 2906 cum
1285 2871 1441 2917 epistula
1475 2882 1541 2905 sua
1566 2871 1682 2905 Breve
1707 2871 1807 2905 misit
1831 2870 1963 2905 sancti-

192 2931 280 2965 tatis
306 2941 393 2964 suae
411 2931 432 2971 ¹,
459 2929 560 2963 cuius
586 2927 791 2973 exemplum
818 2927 862 2961 ad
891 2927 929 2961 P.
959 2926 1000 2960 V.
1027 2926 1234 2960 remittitur.
1285 2925 1404 2969 Rogat
1439 2926 1560 2959 autem
1586 2926 1689 2970 pater
1712 2925 1835 2958 noster
1860 2923 1963 2958 Cani-

192 2984 269 3018 sius
296 2983 335 3017 P.
361 2983 405 3017 V.
435 2982 618 3026 (quoniam
644 2980 821 3015 sanctitas
847 2990 913 3014 sua
940 2979 1129 3013 admodum
1156 2978 1353 3012 clementer
1377 2977 1565 3023 promittit,
1592 2988 1642 3018 se,
1678 2988 1770 3021 quae
1795 2976 1963 3022 petiveri-

192 3048 283 3078 mus,
310 3046 562 3071 concessuram
589 3034 706 3077 esse),
745 3035 795 3074 ut,
822 3032 1058 3067 consideratis
1085 3031 1150 3072 iis,
1189 3042 1281 3075 quae
1316 3042 1356 3065 ea
1384 3030 1427 3065 de
1453 3042 1491 3065 re
1517 3030 1588 3065 iam
1613 3029 1843 3074 scripsimus,
1882 3041 1963 3064 cum

318 3170 325 3189 ¹
354 3169 430 3203 Has
456 3168 512 3203 Pii
538 3167 600 3202 IV.
626 3167 767 3201 litteras
793 3166 876 3200 vide
902 3176 1012 3210 supra
1038 3176 1073 3210 p.
1099 3164 1251 3200 64—65.
