2093 3444
531 212 698 256 Augusta
723 211 994 247 Vindelicorum
1021 213 1075 248 23.
1106 212 1272 247 Octobris
1302 212 1403 246 1562.
1773 214 1855 254 507

89 333 297 386 distingui
328 331 466 386 possit
500 366 508 374 .
543 330 625 373 Hic
667 331 802 374 ueluti
834 331 1077 385 promiscue
1119 329 1387 372 commisceri
1429 329 1630 371 uidentur
1672 344 1774 370 oues
1817 333 1860 371 et

88 398 213 440 hoedi
229 399 257 449 1,
293 395 506 439 Catholici
540 411 634 438 cum
669 396 889 451 SectariJ'S,
924 397 1050 439 modo
1083 396 1126 438 in
1158 396 1254 437 foro
1286 394 1494 437 interiore
1528 409 1674 436 corani
1709 396 1861 437 Sacer-

89 463 190 506 dote
232 463 459 515 utrinquea
502 460 562 516 [Ρ]
610 464 850 513 testentur,
896 476 942 504 se
984 462 1094 503 filios
1139 475 1234 503 esse
1280 462 1458 502 sanctae
1504 463 1547 502 et
1590 460 1862 502 Christianae

89 528 334 577 Ecclesiae,
381 541 514 580 seque
556 528 667 569 idem
702 542 798 569 cum
840 528 915 569 illa
958 528 1133 569 credere
1176 526 1309 576 uelle,
1355 525 1716 578 quemadmodum
1748 525 1863 566 haud

90 594 217 636 dubie
250 597 294 636 et
326 593 647 647 Anabaptistae
680 595 724 635 et
747 593 1024 643 Caluinistae,
1059 593 1229 634 diuerso
1262 591 1364 633 licet
1397 604 1540 639 senSU,
1576 591 1685 632 clam
1719 591 1863 644 palam

89 659 345 702 fatebuntur
379 694 387 702 .
422 660 605 700 Demum
639 658 727 700 illic
749 658 877 700 Docti
911 661 954 700 et
986 657 1149 700 indocti
1183 658 1234 699 de
1263 656 1363 698 fidei
1387 655 1583 698 doctrina
1617 655 1757 708 magis
1789 669 1864 696 ne-

91 724 280 767 cessaria
313 724 563 766 summatim
603 724 826 766 admoneri
858 726 1062 778 possunt,
1106 726 1154 765 ut
1186 722 1347 764 rectius
1378 720 1651 776 praeparati,
1695 720 1863 762 Christo

90 793 135 833 et
166 790 391 832 Ecclesiae
424 789 639 843 legittime
681 789 887 831 uniantur
922 824 929 831 .
964 789 1048 830 Hic
1083 790 1229 830 autem
1263 787 1400 830 doctis
1440 789 1484 829 et
1516 786 1701 828 indoctis
1734 785 1865 827 relin-

90 854 238 908 quitur
271 855 490 908 effugium,
527 854 563 896 si
597 853 734 896 uelint
765 853 1062 907 tergiuersari,
1098 868 1148 895 ac
1182 853 1402 907 speciosus
1435 852 1560 894 adest
1593 854 1864 905 praetextus,

91 935 174 974 quo
207 921 333 963 multi
365 920 536 975 lupinos
568 922 724 973 tegant
757 919 924 961 animos
937 921 966 969 2,
1008 922 1052 961 et
1084 919 1154 960 uel
1186 918 1335 960 inuitis
1369 917 1656 971 Confessarijs
1690 917 1744 958 ad
1776 920 1866 959 tre-

89 986 247 1028 menda
279 985 354 1028 illa
386 988 672 1040 prorumpant
705 984 928 1038 mysteria,
965 987 1009 1026 et
1041 985 1124 1025 huc
1159 982 1258 1038 [sic]
1289 982 1511 1025 Ecclesiae
1544 997 1619 1024 seu
1643 981 1866 1024 Pontificis

91 1051 360 1094 authoritate
393 1051 573 1094 licenter
606 1051 842 1093 abutentur
877 1047 1000 1104 [sie]
1047 1050 1168 1092 uelut
1213 1049 1298 1091 iam
1332 1049 1436 1103 ipsis
1471 1050 1692 1102 competat
1724 1047 1790 1089 ius
1822 1047 1867 1088 in

91 1130 215 1158 usum
249 1117 409 1167 calicis,
450 1116 551 1170 quia
583 1118 781 1158 sanctam
815 1117 859 1157 et
891 1115 1182 1158 Christianam
1215 1114 1456 1156 Ecclesiam
1490 1128 1613 1155 suam
1647 1126 1741 1154 esse
1774 1126 1866 1154 ma-

90 1185 203 1224 trem
236 1183 530 1236 profitentur.
563 1182 726 1234 Jtaque
759 1181 871 1224 tales
903 1180 973 1222 hic
1006 1180 1168 1234 requiri
1201 1180 1469 1222 conditiones
1502 1182 1720 1233 putamus,
1757 1191 1867 1231 quae

92 1261 177 1289 non
200 1248 338 1289 solum
371 1247 414 1289 in
447 1247 666 1298 interiore,
701 1247 776 1289 sed
800 1246 933 1289 etiam
957 1247 1176 1288 exteriore
1197 1245 1307 1296 foro,
1342 1245 1453 1287 nonb
1485 1245 1612 1286 niodo
1645 1243 1866 1298 implicite,

93 1313 169 1355 sed
202 1313 334 1356 etiam
368 1313 595 1367 explicite,
638 1326 717 1354 nec
750 1315 923 1354 tantum
966 1326 1112 1354 coram
1152 1311 1401 1361 sacerdote,
1446 1311 1522 1352 sed
1556 1309 1689 1352 etiam
1723 1323 1868 1351 coram

92 1378 291 1421 Ecclesia
323 1379 493 1433 publice
535 1378 825 1420 adhibeantur
860 1413 867 1420 .
902 1378 998 1419 Hac
1039 1377 1210 1419 ratione
1244 1376 1452 1430 Catholicj
1495 1375 1737 1417 doctrinam
1769 1374 1868 1415 fidei

95 1458 200 1486 suae
233 1445 463 1487 certiorem
487 1444 721 1494 habebunt,
757 1447 801 1486 et
834 1457 931 1484 cum
965 1457 1072 1497 opus
1106 1443 1201 1493 erit,
1237 1443 1288 1484 de
1310 1443 1394 1484 fide
1427 1456 1506 1483 sua
1538 1440 1682 1494 rogati
1714 1439 1868 1481 melius

94 1510 431 1564 respondebunt,
466 1524 598 1563 seque
621 1509 735 1564 apud
758 1511 935 1551 exteras
965 1509 1164 1551 nationes
1187 1508 1316 1550 faeda
1340 1507 1579 1562 suspitione
1603 1504 1868 1548 commodius

94 1575 362 1626 liberabunt,
405 1590 458 1618 ne
493 1575 698 1618 Germani
731 1574 898 1617 scilicet
932 1589 1027 1616 cum
1060 1589 1172 1616 nouo
1206 1574 1293 1616 ritu
1325 1587 1484 1615 nouam
1527 1575 1570 1615 et
1602 1571 1870 1614 haereticam

96 1639 412 1696 R[elig]ionem
447 1641 637 1696 amplexi
669 1640 932 1683 uideantur.
962 1640 1088 1682 Nunc
1121 1654 1224 1682 uero
1261 1638 1378 1694 [cum
1411 1637 1644 1693 ex]pressa
1679 1636 1871 1691 [quibus-

97 1706 196 1748 dam
237 1705 326 1762 in]c
354 1705 414 1762 [Ρ]
460 1706 785 1749 Conditionibus
826 1706 925 1748 fidei
968 1706 1179 1760 professio
1223 1705 1479 1753 accesserit,
1530 1704 1638 1746 satis
1681 1700 1872 1756 o[ste]n-

98 1772 223 1820 dent,
270 1770 359 1827 s[e]
406 1773 449 1814 in
492 1772 738 1822 doctrinae,
784 1772 981 1814 unitated
1024 1770 1084 1827 [Ρ]
1132 1774 1175 1814 et
1220 1770 1464 1813 obedientia
1507 1768 1730 1812 Ecclesiae
1774 1781 1872 1822 per-

97 1836 359 1893 s[euerare],
395 1841 439 1881 et
472 1838 582 1880 citra
617 1836 831 1892 [o]mnem
855 1851 1045 1879 errorem
1080 1836 1226 1879 calicis
1250 1851 1375 1878 usum
1409 1835 1614 1878 adhibere
1649 1870 1656 1878 .
1691 1833 1874 1876 Accedit

100 1901 235 1958 [quod
275 1917 401 1946 nemo
436 1902 510 1958 ad]
555 1917 726 1946 sacram
769 1903 1113 1945 communionem
1156 1917 1249 1945 cum
1284 1902 1429 1944 fructu
1462 1903 1609 1956 potest
1651 1899 1872 1949 accedere,

101 1967 204 2024 [nisi
236 1972 328 2012 tum
362 1984 388 2011 a
420 1967 631 2024 s]e[i]pso
673 1971 766 2011 tum
805 1970 859 2011 ab
893 1968 1090 2010 Ecclesia
1122 1969 1309 2023 primum
1350 1967 1660 2022 probeturss.
1725 1965 1789 2006 Ac
1829 1964 1874 2005 in

99 2035 195 2076 foro
219 2035 391 2088 quidem
423 2035 631 2077 interiore
664 2049 760 2077 cum
794 2034 1126 2077 sacramentalis
1150 2032 1372 2076 Confessio
1405 2032 1645 2087 peragitur,
1679 2028 1874 2085 profiteri

99 2114 271 2155 semper
313 2103 507 2155 oportet,
554 2115 605 2143 ac
640 2100 800 2143 diserte
842 2100 1034 2153 quidem,
1078 2099 1121 2141 in
1161 2099 1314 2153 quibus
1347 2098 1509 2141 diserte
1549 2097 1645 2151 quis
1687 2095 1871 2146 dubitat,

100 2166 214 2209 sicut
246 2168 291 2208 et
321 2166 530 2221 implicite
563 2166 758 2221 profiteri
782 2166 922 2216 debet,
957 2165 993 2207 si
1027 2166 1078 2207 de
1102 2165 1256 2218 quibus
1288 2163 1496 2218 implicite
1529 2162 1702 2205 dubitat
1736 2196 1744 2204 .
1779 2160 1872 2202 Nec

99 2231 143 2274 id
176 2231 284 2274 satis
318 2231 421 2283 erit,
466 2231 547 2274 nisi
589 2234 774 2275 externa
816 2231 949 2274 etiam
982 2231 1163 2273 accedat
1195 2230 1395 2285 probatio
1438 2243 1488 2271 ac
1521 2227 1756 2283 professio,
1801 2225 1875 2267 ubi

101 2297 497 2340 communicaturus
530 2300 606 2340 aut
629 2297 801 2340 dubitat
825 2297 964 2339 adhuc
997 2299 1073 2339 aut
1101 2295 1273 2338 omnino
1298 2297 1417 2337 errat
1449 2294 1492 2336 in
1515 2294 1594 2345 his,
1631 2306 1741 2346 quae
1775 2293 1876 2333 sunt

102 2362 352 2405 Catholicae
384 2363 484 2405 fidei
516 2377 567 2405 ac
599 2362 840 2416 Religionis
876 2397 883 2405 .
918 2361 1021 2412 Quis
1054 2364 1201 2404 autem
1234 2361 1404 2403 nesciat
1435 2360 1478 2402 id
1511 2374 1649 2414 genus
1681 2356 1877 2400 homines

101 2429 146 2470 in
180 2428 414 2471 Germania
445 2429 656 2483 plurimos
689 2432 734 2471 et
765 2428 957 2471 infinitos
990 2427 1203 2482 reperirj?
1256 2426 1351 2469 Nec
1383 2428 1531 2481 potest
1564 2424 1807 2478 quisquam,
1841 2421 1878 2463 si

103 2493 240 2548 sapit,
282 2494 364 2536 hoc
396 2494 616 2548 grauatim
648 2494 787 2545 ferre,
831 2496 880 2536 ut
913 2507 987 2535 eas
1021 2493 1171 2535 audiat
1209 2492 1291 2534 sibi
1322 2491 1562 2546 praescribi
1595 2488 1876 2538 conditiones,

103 2573 214 2613 quae
258 2559 364 2601 nihil
407 2559 500 2602 fere
545 2560 798 2602 contineant
843 2559 981 2609 aliud,
1030 2558 1113 2600 nisi
1158 2561 1206 2601 ut
1252 2572 1343 2600 ore
1391 2556 1770 2599 confiteamur
1814 2554 1878 2595 ad

103 2625 365 2676 salutem,
409 2625 548 2678 quod
591 2625 755 2667 corde
797 2624 1076 2666 credimus
1119 2626 1162 2666 et
1205 2637 1302 2665 cum
1333 2625 1429 2666 tota
1462 2622 1660 2664 Ecclesia
1702 2619 1878 2662 credere

105 2690 310 2732 debemus
343 2690 406 2732 ad
439 2690 763 2733 iustitiam4.
824 2689 1011 2731 Proinde
1044 2703 1130 2731 non
1162 2689 1302 2731 solum
1333 2689 1376 2730 in
1408 2689 1492 2730 fide
1524 2687 1671 2738 firmis,
1707 2699 1879 2727 uerum-

105 2755 238 2798 etiam
269 2755 450 2797 infirmis
483 2770 534 2798 ac
566 2755 873 2798 uacillantibus
899 2754 1093 2809 proderit
1116 2754 1394 2797 Conditiones
1417 2753 1629 2808 quasdam
1662 2750 1879 2805 explicate

105 2820 301 2875 proponi,
334 2823 383 2864 ut
415 2823 539 2864 extet
560 2820 733 2875 publica
764 2820 862 2862 fidei
887 2819 1163 2874 protestatio,
1198 2834 1311 2862 nunc
1342 2819 1497 2874 magis,
1533 2832 1662 2871 quam
1694 2814 1880 2858 antehac

225 2949 239 2964 ³
265 2945 351 2986 8503·
374 2944 434 2977 sed
457 2945 610 2987 fortasse
636 2944 885 2987 corriyendum
910 2945 1104 2987 utcunque.
1202 2943 1217 2963 ¹³
1243 2944 1281 2977 V.
1308 2953 1421 2986 supra
1447 2952 1583 2975 versum
1609 2941 1794 2983 scriptum.

230 3003 242 3017 ⁶
268 2997 327 3030 Vel
352 2995 509 3042 [quoque
534 2997 607 3031 illis
633 2996 683 3041 in]
710 2998 761 3030 vel
787 2996 943 3041 [quoque
970 2997 1079 3031 certis
1106 2996 1201 3041 cum]
1229 2997 1280 3030 vel
1305 2997 1445 3040 aliquid
1469 2995 1593 3029 simile.

227 3049 242 3070 ‘³
268 3052 352 3093 Sic;
376 3052 436 3084 sed
461 3052 643 3095 leglendmn
669 3061 738 3084 esse
763 3051 902 3084 videtur
925 3051 976 3084 vel
1003 3050 1175 3092 doctrina,
1201 3050 1352 3090 unitate,
1378 3050 1429 3082 rel
1456 3046 1640 3082 doctrinae
1666 3045 1815 3080 unitate.

231 3157 240 3176 ¹
269 3155 321 3190 Of.
350 3155 479 3190 Matth.
507 3156 562 3197 25,
590 3155 646 3190 32.
674 3155 729 3190 33.
830 3156 842 3176 ²
870 3154 923 3190 Cf.
951 3155 1080 3190 Matth.
1109 3157 1139 3197 7,
1170 3156 1222 3190 15.

230 3209 243 3229 ³
271 3210 287 3243 1
318 3209 396 3244 Cor.
426 3210 480 3251 11,
507 3209 564 3244 28.
617 3208 671 3243 Of.
698 3209 828 3243 Matth.
857 3209 888 3250 7,
916 3210 947 3244 6.
1047 3210 1061 3230 4
1086 3209 1189 3243 Rom.
1218 3209 1272 3250 10,
1302 3209 1355 3243 10.
