2093 3444
237 230 261 270 8
768 224 848 259 502.
885 224 1038 258 Ioannes
1064 224 1107 257 de
1134 223 1289 258 Polanco
1317 223 1471 258 Canisio.

353 341 452 375 Haec
479 339 600 373 Rethii
628 339 783 384 epistula
810 339 941 384 partim
968 339 1173 373 illustratur
1199 341 1234 372 et
1261 339 1494 373 confirmatur
1518 339 1670 381 litteris,
1707 340 1862 374 nondum
1893 339 2004 385 (quod

236 395 400 439 equidem
420 393 547 436 sciam)
569 392 760 436 evulgatis,
785 404 875 436 quas
894 394 1046 426 Ioannes
1064 393 1283 426 Franciscus
1305 393 1595 437 Commendonus,
1613 393 1802 438 episcopus
1821 393 2004 439 Zacynthi,

236 460 315 483 cum
344 459 374 481 a.
396 447 484 481 1561
505 446 619 480 nuntii
647 445 834 490 apostolici
859 457 989 479 munus
1016 445 1272 479 administrans
1301 444 1529 479 Germaniam
1555 448 1798 491 peragrasset,
1824 446 2007 482 Bruxellis

238 502 292 536 13.
320 500 535 534 Novembris
564 500 651 533 1561
680 499 830 533 Romam
865 499 910 533 ad
946 498 1117 532 Sanctum
1153 498 1320 532 Oai-olum
1355 498 1609 532 Borromaeum
1644 499 1863 534 cardinalem
1897 500 2006 534 misit.

235 555 276 588 In
302 554 433 598 quibus
460 553 745 587 Commendonus
772 552 915 586 scribit:

360 606 423 648 „Di
451 605 596 640 Colonia
621 605 878 650 specialmente
906 606 953 639 mi
981 605 1025 639 da
1051 605 1147 639 assai
1181 604 1263 638 mal'
1290 604 1436 646 inditio,
1473 604 1537 638 che
1564 605 1653 650 dopo
1677 606 1770 640 tanti
1796 605 1906 640 officii
1936 618 2008 641 non

236 661 403 705 vogliono
430 661 630 694 admettere
656 659 691 693 la
719 659 939 704 Compagnia
966 658 1018 692 de’
1048 657 1191 692 Jesuiti.
1243 657 1460 692 Concessere
1487 658 1546 701 gia
1572 657 1617 692 ad
1651 670 1699 692 un
1734 658 1808 693 loro
1835 658 2007 694 cittadino

237 714 291 749 ch'
312 717 329 748 e
357 714 392 748 di
418 713 539 758 quella
559 713 803 757 Compagnia¹
830 724 878 746 un
904 711 956 746 de*
979 711 1128 755 Collegii
1156 711 1236 745 dcll’
1263 710 1463 745 univer-sita
1490 722 1589 745 come
1615 711 1724 745 fanno
1750 712 1795 746 ad
1821 712 1906 746 altri
1932 712 2007 747 dot-

237 767 316 809 tori,
344 769 380 801 et
406 769 479 801 cosi
506 766 541 800 vi
569 767 697 800 stanno
725 777 822 799 come
850 766 1001 803 dottori,
1037 777 1106 799 non
1133 776 1232 798 come
1260 764 1410 805 Jesuit-i‚
1442 766 1477 798 et
1502 776 1572 798 non
1598 764 1634 798 vi
1660 764 1778 799 hanno
1803 767 1848 799 110
1875 765 2007 807 chiesa,

237 824 281 855 ne
308 820 523 854 monasterio
560 820 721 864 proprio,
756 819 808 853 tal
845 819 910 853 che
944 830 1015 852 non
1042 819 1078 852 vi
1115 830 1266 863 possono
1302 818 1378 851 fare
1413 817 1523 852 molto
1559 819 1780 862 progresso.“
1835 819 1888 853 Ac
1922 818 2009 853 licet

237 874 529 918 archiepiscopus
563 873 634 907 iam
660 874 743 906 ante
770 872 971 917 complures
1006 882 1149 905 menses
1175 871 1243 905 sibi
1270 870 1491 915 promiserit,
1528 882 1566 905 se
1602 873 1830 912 curaturum,
1866 876 1907 906 ut
1940 871 2009 917 ipsi

237 927 409 962 Societati
435 929 471 960 et
497 926 689 970 collegium
716 925 804 960 illud
832 928 868 959 et
893 925 1018 970 templi
1044 923 1256 959 aedificandi
1289 923 1444 958 facultas
1471 935 1492 958 a
1517 924 1701 969 republica
1728 924 1922 960 coloniensi
1946 925 2008 959 tri-

236 981 426 1021 bueretur,
462 980 618 1014 nondum
655 979 848 1023 quicquam
884 979 1050 1012 effectum
1087 990 1177 1012 esse.
1233 977 1461 1020 „Monsignor
1497 977 1531 1011 di
1557 977 1707 1012 Treveri
1743 978 1857 1022 quest'
1884 978 2008 1023 Aprile

239 1034 287 1067 mi
315 1034 421 1073 disse,
449 1033 483 1066 di
510 1033 732 1066 riconoscere
759 1032 794 1066 in
822 1043 910 1076 gran
939 1033 1040 1077 parte
1066 1031 1102 1065 la
1129 1032 1295 1076 presente
1322 1031 1442 1075 quiete
1470 1031 1511 1065 de
1538 1030 1573 1065 la
1600 1031 1687 1065 citta
1713 1042 1779 1065 sua
1806 1031 1841 1065 di
1859 1031 2008 1066 Treveri

237 1087 297 1130 gia
322 1086 426 1132 pochi
463 1086 545 1120 anni
581 1088 681 1120 tauto
718 1086 842 1119 ribelle
878 1085 935 1119 dal
964 1084 1124 1127 Collegio
1151 1084 1184 1118 di
1212 1086 1370 1124 costoro.
1410 1083 1474 1118 che
1510 1084 1560 1118 ivi
1586 1084 1632 1118 ha
1658 1084 1834 1119 fondato.“
1889 1085 2009 1129 Atque

237 1140 344 1174 huius
363 1139 527 1185 exemplo
545 1141 681 1173 motum
703 1138 902 1183 [Danielem
923 1150 941 1172 a
961 1137 1128 1182 Brendel]
1148 1137 1453 1182 archiepiscopum
1479 1138 1728 1181 moguntinum
1747 1140 1783 1172 ct
1800 1138 2009 1181 Moguntiae

238 1193 429 1228 Societatis
455 1193 647 1236 collegium
674 1192 874 1227 condidisse
909 1194 946 1226 et
978 1192 1131 1226 alterum
1159 1191 1345 1225 Erfordiae
1381 1191 1529 1225 condere
1556 1191 1670 1230 velle,
1706 1191 1798 1235 quod
1831 1192 2008 1226 adversus

237 1247 376 1281 vicinas
413 1246 671 1280 universitates
706 1247 906 1286 iencnsem,
948 1245 1173 1290 lipsiensem‚
1211 1244 1535 1288 vitembergensem
1571 1244 1654 1279 fidei
1693 1245 1872 1289 quoddam
1909 1247 2038 1280 esset·

237 1300 547 1346 propugnaculum
585 1300 646 1344 (ex
672 1299 873 1333 litterarum
902 1298 1108 1343 apographo
1135 1297 1300 1341 antiquo,
1337 1298 1430 1342 quod
1457 1299 1513 1332 est
1538 1297 1687 1332 Londini
1722 1299 1756 1332 in
1789 1309 1912 1332 museo
1938 1298 2006 1333 bri-

239 1354 394 1395 tannico,
422 1353 506 1388 Cod.
534 1353 608 1387 MS.
628 1353 786 1396 Egerton
816 1353 904 1387 1077
933 1354 955 1386 f.
978 1351 1234 1393 183b—185ss).
1275 1350 1372 1392 Quae
1399 1353 1519 1385 autem
1548 1351 1590 1385 de
1617 1351 1829 1386 erfordiensi
1850 1351 2005 1395 (Erfurt)

239 1407 390 1450 collegio
419 1406 705 1440 Commendonus
733 1406 829 1447 dicit,
856 1405 988 1439 litteris
1015 1404 1272 1439 confirmantur
1298 1415 1318 1438 a
1344 1405 1498 1438 Polam-o
1524 1404 1637 1438 Roma
1660 1405 1716 1439 25.
1741 1404 1896 1438 Ianuarii
1916 1405 2005 1440 1561

238 1461 283 1495 ad
309 1460 348 1494 P.
376 1460 473 1494 Hier.
500 1459 665 1493 Natalem
694 1460 728 1493 S.
757 1460 789 1493 J.
828 1459 941 1500 datis,
978 1470 1070 1502 quae
1106 1459 1251 1491 exstant
1285 1457 1320 1491 in
1352 1457 1545 1502 „Epistolis
1572 1458 1610 1492 P.
1638 1459 1852 1502 Hieronymi
1885 1459 2007 1492 Nadal

238 1513 431 1548 societatis
460 1513 568 1547 Jesu“
599 1513 615 1546 Ι
645 1512 798 1556 (Man-iti
830 1512 950 1554 1898),
978 1510 1176 1546 378—381.

1057 1644 1187 1686 502.

650 1744 713 1785 P.
746 1742 1065 1786 IOANNES
1100 1742 1197 1784 DE
1231 1740 1591 1794 POLANGO,

848 1829 1066 1865 secretarius
1092 1829 1283 1863 Societatis
1311 1829 1401 1870 lesu,

584 1913 754 1955 nomine
787 1912 930 1955 Iacobi
963 1912 1115 1962 Lainii,
1150 1911 1388 1966 praeposit-i
1420 1910 1651 1965 generalis,

985 2013 1259 2061 CANISIO.

879 2123 991 2159 Roma
1016 2122 1056 2159 ll.
1083 2121 1248 2158 Ianuarii
1274 2121 1360 2157 1561.

360 2213 415 2247 Ex
441 2213 648 2258 apographo
676 2213 835 2247 ciusdem
870 2212 1063 2256 temporis,
1099 2212 1143 2246 ab
1171 2211 1248 2256 ipso
1276 2211 1430 2245 Polam-o
1461 2210 1515 2254 (ut
1542 2209 1701 2253 videtur)
1730 2208 1934 2252 recognit03
1970 2208 2008 2242 in

241 2266 404 2310 margine
430 2267 638 2301 adnotatum
667 2268 723 2300 est
749 2265 856 2311 priori
884 2265 1062 2310 epistulae
1090 2265 1202 2310 parti:
1235 2264 1454 2307 ⁷,Alemagna
1481 2263 1514 2297 al
1542 2263 1657 2297 Padre
1677 2262 1855 2304 Canisio“‚
1882 2261 2007 2296 alteri:

245 2320 465 2364 „Alemagna
492 2320 607 2354 Padre
635 2319 796 2354 Canissio
823 2319 1048 2364 postcritta“.
1101 2318 1185 2353 Cod.
1217 2316 1357 2359 Ἤ(101111.
1387 2317 1496 2351 1559“
1527 2329 1559 2362 p.
1587 2316 1668 2351 286.
1695 2314 1774 2350 288.

360 2373 525 2418 Epistula
542 2385 630 2407 usus
649 2376 705 2407 est
731 2374 844 2407 editor
868 2373 905 2406 in
927 2371 1176 2415 „Entstehung
1194 2371 1265 2405 und
1285 2372 1380 2404 erste
1398 2369 1655 2412 Entwicklung
1673 2369 1735 2402 der
1753 2367 2009 2402 Katechismen

242 2427 305 2462 des
331 2427 469 2470 seligen
495 2426 626 2461 Petrus
654 2426 838 2460 Canisius“
871 2425 1062 2469 (Freiburg
1087 2425 1109 2459 i.
1137 2425 1195 2458 Br.
1225 2424 1332 2467 1893)
1360 2435 1394 2468 p.
1424 2422 1619 2457 122—123.

365 2511 504 2544 Cam‘sii
533 2510 762 2543 catechisnms
796 2511 1007 2552 recoqm'tecs.
1058 2509 1272 2541 Facultates.
1310 2507 1435 2540 Socius
1472 2506 1618 2550 quidam
1652 2505 1697 2538 ad
1731 2505 2008 2538 contionandum

243 2564 475 2605 excitandas‚·
513 2564 629 2606 aliqui
664 2564 711 2596 ad
742 2563 880 2606 9radus
914 2562 1131 2595 academicos
1161 2560 1401 2604 promovendi.
1465 2559 1656 2602 Colleyium
1689 2558 1802 2591 Vallis
1841 2557 2006 2590 Tellinae.

246 2617 386 2651 Canis-ii
411 2619 479 2650 iter
503 2617 739 2650 tridentinum
765 2621 794 2649 et
810 2616 953 2658 fructus
978 2616 1182 2658 auyustam.
1221 2614 1317 2647 Num
1331 2613 1520 2656 pecuniam
1545 2612 1589 2645 ab
1614 2612 1726 2645 altero
1744 2611 1885 2655 colleqio
1903 2611 2009 2644 alteri

244 2671 376 2704 donari
401 2671 514 2703 liceat.

979 2728 1074 2770 Pax
1106 2726 1276 2769 Christi.

364 2811 596 2854 Riceuemo
629 2811 773 2865 quella
805 2810 847 2853 di
878 2810 930 2853 V.
964 2810 1015 2853 R.
1050 2809 1091 2851 di
1124 2811 1194 2852 28.
1227 2809 1297 2851 del
1329 2810 1505 2862 passato
1520 2807 1550 2850 2.
1600 2807 1766 2849 Sooium
1797 2806 2008 2862 quendam

247 2878 330 2918 alio
362 2878 469 2918 mitti
500 2881 668 2932 oportet.

367 3019 445 3053 Pax
472 3017 616 3053 Christi.
659 3017 825 3052 Perlatae
860 3019 946 3052 sunt
979 3017 1024 3051 ad
1059 3028 1124 3051 nos
1150 3016 1192 3051 R.
1218 3015 1262 3051 V.
1297 3015 1441 3050 litterae
1475 3014 1531 3049 die
1557 3014 1614 3049 28.
1644 3013 1778 3048 mensis
1812 3011 2007 3057 superioris

248 3071 352 3106 datae
365 3072 389 3106 ².
425 3073 567 3106 Socium
591 3071 687 3115 [etc.‚
713 3075 752 3104 *ut
776 3071 922 3114 supra]

371 3205 381 3225 ¹
407 3204 447 3239 P.
474 3205 599 3238 Ioanni
624 3204 774 3245 Rethi03
800 3203 883 3237 vide
912 3204 999 3250 Can.
1026 3201 1116 3247 Epp.
1142 3202 1187 3244 Il,
1216 3202 1294 3236 154.
1393 3201 1406 3222 ²
1430 3201 1508 3234 Hae
1533 3198 1670 3245 perisse
1694 3198 1872 3233 videntur.
