2093 3444
238 185 323 225 322
462 182 542 217 638.
578 182 744 217 Canisius
771 182 950 217 Stanislao
975 182 1096 217 Hosio.
1140 183 1233 225 Aug.
1259 182 1365 216 Vind.
1391 183 1425 217 4.
1452 182 1660 218 Decembris
1688 184 1790 218 1561.

357 301 616 344 Commendo
649 316 717 344 me
739 304 994 344 reuerenter
1015 300 1349 343 Jllustrissimae
1371 301 1479 343 Cels.
1512 304 1627 352 tuae,
1663 316 1791 355 quam
1813 301 2009 345 Christus

238 367 292 409 ad
325 369 504 409 sanctae
536 366 689 421 synodi
723 381 774 408 ac
806 366 953 409 totius
975 365 1198 408 Ecclesiae
1230 365 1488 420 profectum,
1523 366 1595 408 diu
1626 366 1750 408 nobis
1781 367 2009 410 florentem
2056 418 2058 422 Ι

239 434 480 474 conseruet.
545 432 772 485 Augustae
805 435 898 486 1113?
930 431 1182 473 Decembris
1214 431 1468 474 M.D.LX1².

1189 513 1348 556 Seruus
1380 513 1424 555 in
1456 513 1625 556 Christo
1658 514 1705 557 P.
1739 514 1948 559 Canisius.

359 603 387 655 ’1-
419 602 797 645 Reuerendissimo
829 602 872 643 in
896 602 1066 645 Christo
1089 602 1210 644 Patri
1236 604 1281 644 et
1302 602 1607 645 Jllustrissimo
1630 602 1813 645 Domino
1836 604 1886 646 D.
1912 604 2011 646 sta-
2076 574 2077 626 i

239 668 377 710 nislao
411 668 546 710 Hosio
588 667 805 721 Cardinalj
848 670 893 709 et
925 668 1140 722 Episcopo
1175 667 1441 721 Vamniensj,
1486 668 1526 711 S.
1553 668 1738 722 ⁴Concilij
1771 668 2011 711 Tridentini
2057 670 2076 702 ’ἰ

238 733 448 787 Praesidj,
483 734 672 775 Patrono
706 732 985 787 amplissimo.
1050 733 1257 787 Tridentj.

358 820 587 866 Inscriptioni
623 820 749 854 harum
784 820 989 855 litterarum
1022 832 1131 855 manu
1167 821 1325 855 eiusdem
1352 822 1525 866 temporis
1561 822 1771 856 adnotatum
1807 823 1882 857 est:
1926 822 2011 864 „Re-
2063 818 2078 828 ⁴*

239 876 364 920 ceptae
391 873 423 907 X
449 874 649 908 decembris
678 874 765 908 1561
789 886 1026 919 .resp0nsum
1053 875 1098 908 22
1126 874 1357 909 decembris.“

359 956 416 990 EX
441 956 568 990 iisdem
595 955 650 990 his
676 955 809 990 litteris
836 957 1075 1000 cognoscitur,
1103 956 1286 991 Canisium
1312 968 1384 990 una
1411 968 1490 991 cum
1518 956 1607 1001 ipsis
1633 956 1843 991 Tridentum
1871 956 1915 990 ad
1940 955 2013 990 Ho-

240 1010 331 1044 sium
359 1009 502 1044 misisse
533 1009 730 1054 „Tymanni
766 1009 932 1044 librum“.
985 1009 1121 1051 Quibus
1155 1010 1277 1045 verbis
1304 1010 1470 1045 canisius
1508 1010 1597 1044 mihi
1623 1010 1767 1054 quidem
1794 1010 1935 1045 omnino
1961 1009 2012 1043 vi-

241 1064 346 1098 detur
371 1062 597 1107 significasse
623 1062 767 1097 Ioannis
794 1063 946 1098 Timann
975 1063 1206 1107 (Tidemann)
1234 1063 1485 1097 amsterodami
1516 1064 1552 1106 (†
1582 1062 1700 1106 1557),
1735 1063 2013 1108 protestantium

240 1116 395 1151 ministri
421 1116 620 1151 bremensis
649 1115 856 1160 (Bremen),
897 1116 1149 1160 „Farraginem
1177 1117 1439 1150 sententiarum
1465 1116 1766 1151 consentientium
1793 1116 1827 1150 in
1865 1127 1951 1150 vera
1977 1118 2014 1150 et

241 1170 419 1205 catholica
445 1170 608 1204 doctrina
634 1170 677 1204 de
713 1182 822 1204 coena
858 1170 1009 1204 domini“
1043 1170 1287 1213 (Francofurti
1323 1170 1366 1204 ad
1394 1170 1561 1204 Moenum
1591 1170 1680 1204 1555
1717 1169 1775 1203 vel
1814 1170 1942 1213 1556);
1976 1169 2012 1203 111

241 1235 311 1268 (1110
337 1224 426 1258 libro
453 1223 669 1265 Timannus,
705 1226 745 1257 ut
771 1223 918 1258 Lutheri
947 1224 1145 1258 doctrinam
1173 1223 1449 1258 eucharisticam
1477 1226 1600 1258 contra
1627 1223 1866 1266 Zwinglianos
1893 1223 2012 1256 defen-

241 1278 350 1318 deret,
379 1277 513 1312 Christi
540 1289 670 1322 corpus
696 1277 829 1321 ubique
856 1289 935 1312 esse
962 1277 1161 1311 affirmavit
1189 1277 1243 1321 (P.
1268 1278 1477 1311 Tselmckert
1504 1278 1537 1311 in
1563 1277 1808 1320 „Allgemeine
1831 1275 2013 1311 Deutsche

241 1330 478 1376 Biographie“
517 1330 727 1372 XXXVIII,
764 1331 963 1365 352—354.
1019 1332 1147 1365 Christ.
1185 1333 1276 1375 Any.
1305 1332 1424 1375 Salm,
1463 1330 1715 1374 Vollstiindige
1752 1330 1912 1364 Historie
1951 1330 2014 1364 der

241 1384 564 1430 Augspurgischen
584 1384 795 1418 Confession
822 1385 894 1418 und
921 1384 1110 1419 derselben
1129 1385 1357 1428 zugethanen
1375 1384 1532 1419 Kirchen
1552 1384 1600 1418 III
1631 1383 1750 1428 [Halle
1772 1383 1887 1428 1735],
1915 1383 2011 1427 7⁴23).

241 1439 361 1482 Atque
387 1438 481 1472 inter
498 1438 663 1472 Timanni
690 1438 800 1472 libros
826 1438 882 1472 hic
910 1438 1118 1472 notissimus
1145 1441 1219 1479 est;
1248 1438 1308 1482 qui
1336 1438 1443 1472 etiam
1471 1450 1501 1472 a.
1524 1438 1614 1472 1560
1641 1440 1677 1471 et
1698 1438 1784 1472 1561
1814 1437 1849 1471 in
1876 1438 2013 1471 contro-

241 1492 371 1526 versiis
398 1492 549 1525 Bremae
576 1492 618 1525 de
645 1491 818 1536 religione
853 1492 942 1526 ortis
977 1503 1086 1537 saepe
1121 1494 1177 1526 est
1202 1492 1419 1526 nominatus.
1469 1491 1550 1525 Una
1585 1493 1706 1525 autem
1741 1502 1822 1525 cum
1848 1490 2014 1524 Timanni

242 1545 332 1579 libro
358 1545 467 1579 etiam
492 1545 622 1579 librum
650 1545 828 1589 quondam
856 1545 1065 1590 Hieronymi
1092 1545 1230 1580 Menoe]
1262 1545 1465 1588 (Menczel),
1505 1545 1698 1579 comitatus
1723 1543 2013 1579 mansfeldiensis

242 1598 571 1643 superintendentis
597 1598 788 1636 lutherani.
815 1598 1026 1633 Tridentum
1052 1599 1202 1633 missum
1230 1610 1328 1640 esse,
1365 1601 1401 1632 et
1435 1610 1479 1632 ex
1506 1598 1563 1632 his
1589 1599 1721 1632 litteris
1746 1598 1941 1643 suspicari,
1978 1599 2015 1632 et

243 1664 288 1686 ex
315 1664 355 1686 eo
382 1652 544 1686 conicere
570 1652 665 1693 licet,
692 1652 785 1697 quod
813 1652 979 1686 Canisius
1005 1652 1040 1686 in
1067 1652 1199 1686 litteris
1225 1652 1280 1686 29.
1307 1652 1517 1686 Decembris
1545 1653 1631 1686 1561
1661 1652 1705 1686 3(1
1731 1651 1881 1686 Hosium
1921 1650 2015 1685 datis

242 1717 311 1740 non
338 1717 458 1741 unum,
484 1706 547 1740 sed
574 1706 696 1750 plures
722 1705 863 1740 libellos
888 1706 921 1740 4.
948 1705 1159 1740 Decembris
1183 1717 1204 1740 a
1230 1717 1269 1740 se
1295 1706 1425 1740 missos
1452 1717 1531 1740 esse
1558 1705 1749 1749 significat,
1777 1705 1942 1749 quodque
1968 1716 2014 1738 ex
2061 1738 2064 1740 ,

243 1759 345 1793 Hosii
381 1759 513 1793 litteris
549 1759 719 1793 Tridento
754 1760 810 1793 24.
838 1759 960 1793 Martii
1000 1760 1089 1793 1562
1125 1759 1168 1793 ad
1196 1759 1391 1793 Henricum
1428 1759 1553 1793 ducem
1590 1759 1884 1793 brunsvicensem
1920 1758 2015 1792 datis

243 1813 482 1856 cognoscitur,
510 1824 550 1846 eo
576 1815 737 1857 tempore
764 1813 864 1846 illum
891 1813 1008 1857 ipsum
1029 1812 1196 1847 Mencelii
1223 1812 1365 1853 librum,
1392 1812 1494 1846 cuius
1514 1812 1679 1846 Canisius
1705 1813 1740 1846 in
1767 1812 1834 1846 hac
1859 1810 2015 1857 epistula

243 1866 460 1900 mentionem
481 1866 580 1907 facit,
607 1877 692 1911 prae
712 1867 817 1900 Hosii
842 1866 1006 1900 manibus
1034 1866 1158 1900 fuisse.
1193 1866 1249 1900 Ita
1273 1866 1366 1900 enim
1393 1866 1451 1900 hic
1476 1866 1621 1900 scribit:
1651 1865 1716 1910 [De
1734 1865 2013 1911 protestantium

243 1930 330 1953 suae
368 1919 500 1953 aetatis
537 1918 697 1964 licentia]
742 1919 923 1963 „queritur
962 1919 1070 1953 etiam
1106 1919 1349 1964 Hieronymus
1374 1918 1595 1953 Menczelius
1633 1919 1735 1953 cuius
1772 1918 1932 1953 libellum
1972 1918 2014 1952 de

244 1973 449 2017 pastoribus
475 1972 566 2016 legi,
606 1974 729 2007 eodem
756 1973 818 2007 illo
845 1985 937 2007 anno
966 1972 1085 2017 [1561]
1115 1973 1331 2018 impressum
1357 1972 1490 2017 Islebij.
1513 2001 1518 2007 .
1540 2000 1546 2006 .
1567 2000 1573 2007 .
1613 1973 1653 2006 In
1680 1972 1781 2006 cuius
1807 1971 1890 2006 libri
1916 1983 2015 2017 prae-

244 2026 379 2060 fatione
406 2028 491 2060 sunt
516 2026 605 2060 haec
640 2027 771 2061 verba:
808 2026 1049 2071 Posteaquam
1077 2038 1140 2071 per
1165 2028 1329 2060 sanctum
1358 2025 1595 2069 Euangelium
1623 2038 1644 2060 a
1669 2025 1790 2071 Papae
1815 2024 2017 2070 tyrannide,

245 2082 281 2114 et
306 2082 486 2124 potestate
512 2079 655 2114 liberati
682 2082 784 2122 sunt,
822 2083 857 2114 et
883 2082 1125 2115 assueuerunt
1151 2091 1273 2114 omnes
1309 2079 1406 2114 illius
1433 2079 1709 2114 constitutiones
1734 2078 1903 2124 reijcere,
1939 2089 2016 2123 pro-

245 2133 457 2177 grediuntur
483 2133 646 2175 vlterius,
687 2136 723 2168 et
751 2133 876 2168 volunt
903 2145 1049 2179 prorsus
1075 2133 1224 2167 eandem
1252 2132 1547 2167 consuetudinem
1575 2132 1611 2166 in
1637 2132 1718 2177 alijs
1744 2142 1885 2176 quoque
1911 2131 2017 2166 rebus

245 2187 419 2228 omnibus,
446 2187 523 2221 siue
549 2188 623 2221 sint
648 2187 771 2229 bonae,
799 2187 876 2221 siue
903 2186 1030 2229 malae,
1056 2186 1222 2220 retinere.
1274 2186 1411 2220 Volunt
1436 2198 1515 2220 esse
1542 2185 1662 2226 liberi,
1698 2196 1765 2219 nec
1790 2196 1811 2219 a
1837 2195 2018 2229 quoquam

245 2240 444 2285 prohiberi,
481 2241 671 2285 quominus
707 2241 885 2275 arbitratu
911 2252 976 2274 suo
1002 2240 1148 2282 vinant,
1184 2239 1278 2274 haud
1305 2239 1427 2281 aliter,
1465 2250 1572 2284 quam
1599 2239 1629 2274 si
1656 2238 1893 2282 Euangelium
1920 2239 2019 2272 esset

246 2293 330 2327 talis
357 2294 539 2335 doctrina,
579 2305 671 2338 quae
698 2294 892 2338 vnicuique
920 2293 1091 2328 concedat
1117 2295 1334 2338 potestatem
1361 2292 1536 2335 faciendi,
1572 2292 1665 2337 quod
1690 2291 1743 2325 illi
1769 2291 1898 2337 placet,
1925 2301 2018 2335 quae

245 2346 384 2381 nullum
423 2347 602 2387 ordinem,
640 2358 706 2381 nec
741 2346 852 2381 vllam
889 2346 1117 2391 disciplinam
1153 2347 1248 2380 ferre
1283 2346 1408 2391 possit.
1460 2345 1560 2388 Quod
1596 2345 1627 2380 si
1665 2345 1745 2390 quis
1771 2344 1823 2379 eis
1849 2344 2018 2379 resistere

246 2400 356 2434 fuerit
382 2411 503 2440 ausus,
532 2412 572 2434 eo
599 2401 751 2434 veniunt
776 2399 966 2441 audaciae,
1004 2401 1045 2433 vt
1070 2412 1140 2434 non
1166 2399 1281 2434 solum
1309 2399 1389 2434 odia
1423 2399 1624 2444 suscipiant
1658 2410 1745 2442 erga
1770 2409 1855 2433 suos
1880 2396 2017 2443 praedi-

246 2455 397 2495 catores,
425 2455 460 2487 et
478 2465 539 2488 eos
557 2453 784 2498 contumelijs
810 2453 980 2494 afficiant,
1008 2464 1133 2487 verum
1159 2452 1268 2487 etiam
1294 2464 1357 2498 pro
1384 2451 1481 2486 virili
1506 2463 1572 2487 sua
1589 2451 1777 2497 tyrannice
1802 2461 2019 2496 persequan-

246 2509 317 2541 tur.
368 2507 421 2541 Ac
446 2507 478 2541 si
504 2518 610 2551 quem
637 2507 764 2541 volunt
790 2506 950 2541 ordinem
977 2506 1244 2552 praedicatores
1271 2505 1499 2547 constituere,
1538 2505 1662 2540 statim
1688 2505 1761 2539 vim
1789 2515 1869 2539 esse
1895 2504 2020 2538 dicunt

247 2559 391 2594 minime
411 2559 665 2601 Christianam,
692 2562 728 2594 et
753 2560 984 2594 nouationem
1010 2559 1190 2604 quandam
1217 2561 1253 2594 et
1277 2558 1579 2593 introductionem
1604 2558 1740 2592 veteris
1759 2557 1929 2602 Papatus,
1956 2568 2020 2602 per

248 2624 356 2658 quam
382 2613 651 2658 praedicatores
678 2613 857 2658 propriam
883 2625 986 2648 suam
1013 2615 1231 2658 potestatem
1267 2614 1304 2646 et
1329 2612 1606 2647 dominationem
1633 2611 1669 2646 in
1695 2610 1925 2646 commissum
1951 2609 2019 2644 sibi

248 2678 397 2711 gregem
423 2666 586 2701 stabilire
611 2667 737 2701 velint.
773 2665 840 2707 Qui
867 2667 898 2701 si
924 2668 1079 2711 pergant
1103 2677 1234 2710 vrgere
1257 2666 1535 2710 exequutionem
1561 2676 1683 2700 eorum
1709 2676 1800 2709 quae
1827 2663 2019 2698 constitue-

247 2722 341 2761 runt,
368 2732 438 2754 non
464 2719 581 2754 solum
607 2719 780 2765 conuicijs
807 2720 1024 2760 afficiuntur,
1051 2731 1177 2754 verum
1196 2719 1304 2753 etiam
1331 2719 1376 2753 ad
1395 2721 1596 2753 extremum
1615 2718 1865 2763 expelluntur“
1898 2717 2022 2762 (Hosii

250 2773 369 2818 Opera
403 2773 522 2808 omnia
555 2773 589 2807 II
625 2772 808 2818 [Coloniae
836 2773 961 2817 1584],
998 2773 1095 2817 205).
1148 2773 1268 2817 Atque
1303 2772 1382 2818 ipsa
1408 2772 1498 2807 haec
1532 2771 1700 2806 Mencelii
1735 2770 1848 2805 verba
1883 2769 2020 2805 Canisii

249 2826 378 2868 animo,
405 2829 442 2861 et
459 2838 539 2861 cum
558 2827 601 2861 de
620 2827 744 2861 eodem
763 2826 794 2861 3.
813 2826 1023 2861 Decembris
1056 2827 1143 2861 1561
1166 2825 1334 2860 Cromero
1361 2827 1398 2860 et
1423 2837 1503 2860 cum
1529 2824 1700 2870 postridie
1718 2824 1829 2859 Hosio
1847 2823 2019 2858 scriberet

252 2879 377 2924 (supra
395 2892 428 2925 p.
448 2880 526 2915 318.
547 2879 644 2924 320),
672 2879 864 2914 obversata
891 2891 971 2914 esse
996 2879 1177 2914 videntur.
1213 2879 1309 2913 Libri
1337 2879 1413 2924 (qui
1439 2878 1476 2913 in
1492 2879 1532 2912 4⁰
1557 2878 1675 2913 editus
1698 2877 1860 2921 satisque
1878 2874 2018 2920 amplus

251 2933 321 2977 est)
341 2932 487 2967 titulum
505 2945 597 2978 pono
615 2933 809 2976 integrum,
836 2933 920 2977 quia
947 2944 1079 2974 rerum,
1105 2943 1197 2977 (11130
1215 2933 1252 2966 111
1281 2932 1373 2967 libro
1391 2931 1570 2973 dicuntur,
1596 2931 1744 2966 brevem
1762 2939 1939 2964 summam
1957 2939 2018 2961 ex-

250 2985 369 3020 hibet:
400 2985 637 3029 „OEhtiffficbet
655 2985 802 3028 ffietith,
829 2985 906 3021 2121ss
933 2990 1007 3021 mass
1034 2985 1197 3028 nriucben,
1223 2984 1302 3020 obet
1328 2985 1391 3020 mie
1417 2984 1503 3028 feru,
1529 2983 1586 3028 fies)
1606 2984 1660 3019 ein
1674 2982 1852 3027 ἱβῑατῄεττ,
1880 2979 2020 3016 nuberet

252 3038 457 3082 ffifarfinber
482 3038 568 3082 nicht
601 3048 786 3079 unnemen,
823 3038 913 3082 Qud)
940 3039 994 3074 ein
1019 3037 1188 3082 {Biatfinb
1225 3045 1292 3074 non
1329 3037 1451 3082 ieinem
1479 3036 1702 3079 orbentlicben
1729 3034 1940 3078 ἱβῗατῄετϊη,
1978 3043 2020 3078 3¹1

370 3167 385 3182 ‘²
410 3163 484 3196 VV.
509 3173 581 3206 sqq.
609 3173 631 3195 a
661 3162 767 3207 Cypr.
795 3163 922 3196 omissa
949 3167 1043 3196 sunt.
