2093 3444
213 227 371 261 Monum.
402 226 577 271 (august.)
605 227 685 262 248.
715 227 762 271 (Α
792 229 820 262 1.
848 228 1004 263 Ianuarii
1033 229 1120 263 1561
1149 229 1193 263 ad
1220 229 1275 263 31.
1302 229 1511 264 Decembris
1540 230 1656 273 1562.)
1735 233 1818 274 619

58 346 94 387 1.
130 345 276 387 Martii
313 347 424 387 1562
459 359 554 387 eum
598 348 642 387 et
674 360 800 387 mane
834 349 877 388 et
909 349 1009 401 post
1040 346 1268 401 prandium
1302 347 1462 390 dixisse
1495 350 1668 390 constat
1701 347 1818 401 (Cod.

60 409 186 460 „Can
219 410 271 453 X.
306 410 363 451 Τα
403 410 432 453 f.
468 411 697 453 572—642.
736 410 872 463 135b).

172 475 334 517 Diebus
367 475 539 528 quidem
573 475 797 516 dominicis
837 479 880 518 et
913 476 1037 518 festis
1070 476 1286 518 Canisium
1319 477 1410 519 fere
1442 491 1613 531 semper
1650 477 1693 519 in
1725 478 1820 532 ipsa

54 539 237 581 ecclesia
284 539 524 582 cathedrali
572 539 734 581 dixisse
787 540 894 582 satis
943 544 1107 582 certum
1161 543 1249 592 est3
1304 556 1611 595 nonnunquam
1659 546 1817 594 autem,

52 603 262 655 maxime,
301 608 349 647 ut
381 605 576 655 videtur,
616 619 701 646 non
740 604 865 647 festis
899 605 1266 659 Quadragesimae
1308 610 1352 649 et
1384 607 1613 650 Adventus
1655 608 1817 659 diebus,

54 668 226 712 dicebat
257 669 301 711 in
333 670 495 723 templo
531 669 571 711 S.
595 669 769 711 Ioannis
796 670 1038 724 Baptistae,
1074 671 1198 724 quod,
1233 686 1367 726 prope
1401 672 1550 714 aedem
1583 673 1819 715 maximam

53 733 196 786 situm,
229 734 477 789 parochiale
507 735 579 776 Vel
610 734 696 776 iam
728 737 831 777 tunc
866 739 973 785 erat,
1007 736 1077 777 vel
1110 737 1284 778 saeculo
1308 737 1444 780 XVII.
1474 739 1675 781 effectum
1699 740 1817 783 est¹:

51 799 151 841 vide
195 800 297 842 Can.
332 800 442 854 Epp.
476 799 539 850 II,
585 814 746 842 XXXIX.
782 801 905 851 8453,
954 803 998 843 et
1038 801 1173 852 infra,
1217 816 1403 845 monum.
1440 804 1537 845 249.
1579 805 1677 846 302.
1719 805 1817 847 303.

50 864 131 906 Die
172 868 317 908 autem
362 866 430 908 25.
464 865 655 907 Ianuarii
700 867 834 914 1562,
882 879 966 918 qua
1008 880 1057 908 eo
1100 880 1212 908 anno
1255 869 1299 909 et
1347 868 1595 917 „Dominica
1635 869 1818 923 Septua-

50 929 267 983 gesimae“
305 932 349 972 et
381 930 588 972 memoria
617 929 943 981 „Conversionis
976 931 1015 972 S.
1040 931 1188 973 Pauli“
1227 932 1451 985 agebatur,
1487 947 1572 975 non
1605 934 1743 975 solum
1776 935 1819 976 in

52 995 158 1037 aede
180 995 385 1045 maxima,
420 995 495 1037 sed
519 994 650 1038 etiam
683 994 726 1036 in
754 995 937 1037 ecclesia
961 996 1140 1037 Patrum
1163 996 1544 1039 Dominicanorum
1577 1013 1819 1041 sermonem

50 1073 222 1102 sacrum
264 1060 436 1109 habuit;
484 1074 610 1102 mane
652 1060 765 1102 enim
807 1059 899 1102 eius
932 1059 1015 1102 diei
1056 1075 1101 1102 se
1144 1062 1269 1103 modo
1308 1062 1479 1115 quidem
1513 1063 1565 1105 de
1598 1064 1817 1118 Decalogo

50 1127 95 1167 et
137 1125 188 1167 de
237 1126 463 1179 evangelio
506 1125 758 1167 Dominicae
810 1125 1159 1168 contionaturum
1205 1140 1298 1168 esse
1352 1128 1672 1182 pronuntiavit:
1729 1132 1819 1180 „est

50 1192 279 1244 praeterea
301 1191 426 1232 hodie
450 1191 609 1233 festum
634 1191 686 1232 de
709 1191 998 1233 Conuersione
1022 1191 1062 1234 S.
1088 1192 1223 1246 Paulj,
1259 1192 1329 1245 qui
1353 1193 1404 1234 de
1437 1193 1510 1235 illo
1543 1194 1638 1235 uult
1670 1195 1819 1237 audire

51 1255 200 1299 ueniat
240 1258 340 1310 post
371 1256 599 1310 prandium
642 1256 695 1298 ad
737 1256 1083 1310 praedicatores,
1127 1257 1198 1298 ubi
1232 1257 1470 1300 Historiam
1513 1259 1734 1312 egregiam
1767 1260 1818 1302 de

51 1320 175 1363 Pauli
208 1321 489 1363 conuersione
521 1321 721 1364 tractabo
755 1320 829 1374 (ex
862 1321 1073 1364 contionis
1107 1323 1466 1374 >¹·<commentario,
1501 1338 1526 1365 a
1549 1324 1717 1366 Canisio
1751 1340 1818 1367 re-

52 1386 238 1440 cognito.
302 1386 401 1429 Cod.
442 1387 567 1438 „Can
601 1387 653 1429 X.
688 1387 762 1429 T.“
810 1387 838 1431 f.
874 1386 1117 1439 572—61b).
1182 1387 1310 1429 Cuius
1343 1389 1552 1430 sermonis
1598 1390 1650 1432 de
1682 1390 1817 1433 Paulo

50 1451 187 1494 habiti
221 1452 303 1493 duo
337 1454 516 1495 exstant
542 1451 866 1503 commentaria,
903 1453 956 1494 ab
989 1452 1140 1494 eodem
1163 1453 1387 1507 scriptore,
1422 1454 1591 1496 Canisio
1626 1455 1819 1498 dictante

52 1519 96 1559 et
128 1520 490 1570 recognoscente,
535 1517 720 1571 scripta,
764 1531 945 1571 quorum
979 1532 1111 1559 unum
1150 1518 1288 1560 altero
1322 1519 1535 1573 copiosius
1569 1523 1636 1563 est
1668 1519 1817 1573 (Codd.

56 1581 184 1632 „Can.
217 1582 269 1625 X.
294 1582 355 1624 V“
395 1583 424 1626 f.
463 1585 623 1625 12—32.
696 1583 819 1633 „Can
854 1583 906 1625 X.
940 1583 999 1624 'P‘
1037 1583 1066 1625 f.
1104 1583 1348 1630 (ΒΓΚ-643).

170 1647 315 1690 Etiam
339 1662 434 1690 cum
457 1647 652 1690 Canisius
677 1648 902 1701 Augustae
926 1648 1113 1698 adesset,
1138 1648 1324 1690 Michael
1341 1650 1604 1703 Dornvogel,
1628 1651 1819 1694 titularis

51 1711 278 1767 episcopus
301 1713 614 1767 adramytanus
638 1715 681 1756 et
705 1713 879 1756 Ottonis
902 1713 1132 1755 cardinalis
1156 1714 1469 1767 suffraganeus,
1504 1729 1674 1757 sacrum
1700 1717 1819 1759 aedis

51 1777 268 1820 maximae
291 1777 379 1832 (vel
396 1779 544 1833 templi
565 1779 606 1823 S.
625 1778 818 1831 Ioannis)
837 1781 1105 1832 suggestum,
1130 1779 1389 1832 aliquotiens
1407 1780 1576 1831 saltem,
1601 1782 1817 1828 ascendit:

49 1842 93 1885 id
126 1843 240 1896 quod
271 1843 405 1898 ipsius
437 1843 597 1887 Canisii
628 1845 764 1886 verba
796 1845 1030 1887 ostendunt
1063 1844 1181 1898 (Cod.
1221 1845 1344 1895 „Can
1379 1845 1429 1887 X.
1462 1845 1519 1886 T“
1558 1846 1587 1888 f.
1626 1846 1732 1888 150b
1765 1847 1819 1888 ad

54 1909 175 1958 151&
208 1910 344 1951 verba
376 1909 471 1964 ipsa
503 1909 601 1951 vide
633 1909 748 1951 infra
781 1924 820 1964 p.
847 1911 953 1959 622;
989 1909 1042 1952 cf.
1077 1909 1206 1952 etiam
1235 1911 1337 1952 Can.
1362 1911 1471 1964 Epp.
1496 1910 1549 1961 II,
1575 1913 1673 1954 839.
1699 1911 1816 1965 846).

171 1973 314 2016 Sacris
348 1974 498 2017 diebus
532 1975 728 2017 Canisius
762 1975 1036 2028 evangelium
1070 1975 1175 2025 diei,
1209 1975 1402 2017 breviter
1435 1976 1613 2028 saltem,
1659 1980 1703 2019 et
1736 1977 1819 2019 diei

50 2039 316 2093 temporisve
348 2039 461 2082 sacri
492 2040 707 2082 rationem
729 2040 812 2091 vel,
848 2054 944 2081 cum
977 2040 1118 2082 sancti
1151 2040 1331 2082 alicuius
1357 2041 1564 2083 memoria
1591 2043 1816 2095 agebatur,

49 2103 184 2158 ipsius
207 2104 345 2147 vitam
379 2106 627 2159 exponebat
640 2107 669 2148 2.
722 2104 975 2156 „Adventu“
1010 2108 1156 2148 autem
1190 2119 1227 2148 a.
1256 2106 1366 2147 1561
1402 2105 1552 2148 diebus
1584 2121 1670 2148 non
1692 2107 1818 2149 festis

56 2168 313 2224 „epistolas“
342 2171 590 2225 explicabat
602 2172 632 2214 3.
681 2171 859 2213 Solebat
890 2175 1038 2213 tamen
1061 2170 1256 2212 Canisius
1288 2170 1332 2212 in
1363 2170 1516 2213 iisdem
1549 2172 1819 2214 contionibus

50 2235 122 2277 vel
166 2238 268 2278 ante
309 2236 379 2278 vel
420 2239 521 2290 post
562 2236 669 2278 haec
714 2238 973 2289 argumenta
1019 2236 1104 2278 alia
1146 2236 1358 2289 quaedam
1404 2250 1554 2279 sacrae
1597 2238 1819 2280 doctrinae

52 2299 209 2354 capita,
244 2315 381 2355 eaque
414 2301 619 2344 continua
653 2302 839 2354 quadam
871 2315 1117 2343 sermonum
1151 2301 1275 2352 serie,
1309 2304 1516 2344 tractare.

171 2366 239 2408 Ita
271 2380 349 2420 per
381 2366 768 2420 Quadragesimam
801 2381 839 2408 a.
867 2368 977 2408 1561
1013 2367 1065 2408 de
1097 2381 1263 2408 summo
1296 2366 1465 2416 iudicio,
1501 2368 1613 2420 quod
1648 2368 1699 2409 de
1731 2368 1818 2410 sin-

52 2430 165 2483 gulis
198 2431 349 2474 statim
382 2434 483 2486 post
514 2435 699 2475 mortem
731 2433 792 2481 fit,
827 2431 919 2473 sive
954 2431 1005 2473 de
1043 2431 1222 2482 „iudicio
1255 2432 1531 2486 particulari“
1572 2433 1674 2486 egit.

172 2570 182 2591 ³
214 2570 464 2613 „Parochiale“
495 2573 646 2605 vocatur
673 2581 693 2604 a
723 2570 803 2604 Car.
833 2571 1006 2613 Stenyelio
1033 2569 1073 2604 O.
1102 2569 1136 2604 S.
1160 2569 1211 2611 B.,
1238 2570 1416 2605 Mantissa
1443 2572 1487 2605 ad
1515 2570 1819 2606 Commentarium

51 2623 185 2658 Rerum
210 2624 413 2668 Augustan.
440 2624 616 2659 Vindelic.
646 2623 849 2667 (Augustae
875 2622 1017 2657 Vindel.
1047 2622 1153 2666 1650)
1181 2635 1214 2668 p.
1244 2624 1297 2657 10.

171 2677 184 2697 2
210 2679 313 2711 Anno
351 2677 438 2712 1561
477 2676 643 2711 Canisius
679 2676 734 2710 die
769 2677 861 2711 festo
898 2675 930 2710 S.
969 2675 1143 2721 Stephani
1181 2677 1251 2720 (26.
1287 2676 1511 2721 Decembris)
1550 2689 1595 2711 ex
1630 2678 1818 2721 evangelio

50 2730 229 2764 secundae
254 2730 386 2764 missae
412 2730 628 2764 Nativitatis
655 2729 809 2770 Christi,
846 2741 909 2763 cur
934 2729 1047 2764 Filius
1072 2730 1139 2764 Dei
1173 2729 1346 2775 puerulus
1381 2731 1500 2765 factus
1526 2733 1641 2772 esset,
1682 2731 1818 2774 deinde,

51 2794 123 2827 qua
147 2783 286 2817 ratione
313 2782 347 2817 S.
375 2783 596 2828 Stephanum
623 2782 860 2817 ecclesiastici
888 2785 923 2816 et
948 2782 1032 2817 laici
1066 2783 1295 2817 imitarentur
1329 2785 1509 2828 oporteret
1547 2784 1723 2824 ostendit;
1763 2785 1820 2818 die

51 2838 173 2871 autem
199 2835 232 2871 S.
259 2835 404 2871 Ioannis
430 2836 689 2880 Evangelistae
717 2836 789 2878 (27.
817 2835 1042 2879 Decembris)
1072 2848 1117 2870 ex
1143 2836 1331 2880 evangelio
1358 2838 1488 2871 tertiae
1522 2837 1654 2871 missae
1680 2837 1819 2871 Nativi-

50 2889 138 2924 tatis
164 2889 207 2924 de
233 2889 392 2923 eiusdem
418 2889 562 2924 Ioannis
587 2889 812 2932 testimonio,
848 2888 974 2923 deinde
1001 2889 1043 2923 de
1069 2889 1290 2933 virginitatis
1316 2890 1540 2935 praestantia
1566 2892 1603 2924 et
1634 2891 1676 2925 de
1712 2902 1819 2925 evan-

50 2943 145 2987 gelio
172 2942 241 2977 diei
268 2943 343 2987 egit
379 2941 441 2986 (ex
475 2942 708 2977 *contionum
744 2942 1009 2977 commentariis
1045 2954 1066 2978 a
1092 2942 1234 2977 Canisio
1269 2944 1475 2987 recognitis.
1528 2943 1610 2978 Cod.
1643 2943 1748 2986 „Cau
1775 2944 1818 2979 X.

51 2996 111 3031 T.“
141 2996 166 3031 f.
193 2995 408 3040 22b-30a).

172 3051 185 3071 ³
210 3050 250 3083 In
276 3049 425 3092 liturgia
451 3051 655 3092 augustana
680 3049 847 3093 singulae
873 3049 979 3084 huius
1004 3049 1099 3084 sacri
1133 3049 1306 3095 temporis
1340 3050 1451 3084 feriae
1477 3049 1538 3085 IV.
1575 3052 1612 3084 et
1636 3050 1698 3085 VI.
1733 3062 1819 3085 suas

50 3103 214 3149 proprias
248 3102 430 3137 habebant
468 3102 678 3148 „epistolas“
717 3102 879 3146 (Missale
911 3103 1108 3137 secundum
1143 3102 1252 3137 ritum
1279 3103 1522 3147 Augustensis
1557 3103 1706 3138 ecclesie
1742 3104 1818 3138 dili-

52 3157 178 3200 genter
204 3156 432 3190 emendatum
459 3157 495 3189 et
519 3154 779 3200 locupletatum
798 3182 805 3190 .
825 3181 833 3190 .
859 3155 1030 3190 Mandato
1058 3157 1094 3189 et
1118 3154 1290 3201 impensis
1310 3183 1317 3190 .
1337 3183 1343 3190 .
1375 3157 1521 3191 Othonis
1539 3184 1546 3190 .
1567 3183 1574 3192 .
1600 3156 1817 3191 Cardinalis:

52 3209 219 3255 Episcopi
246 3209 451 3252 Augustani
479 3208 661 3252 [Dilingae
689 3207 795 3253 1555]
822 3208 846 3243 f.
875 3208 1055 3252 2³—11³).
