2093 3444
209 173 292 214 286
731 171 810 205 619.
847 169 1012 204 Canisius
1038 169 1222 214 Alphonso
1249 170 1457 205 Salmeroni.

208 289 436 331 collatione
471 322 479 339 ,
514 291 558 331 et
590 289 701 331 altre
735 302 833 330 cose
866 303 943 343 per
974 289 1014 330 le
1047 288 1163 341 quali
1204 288 1240 330 si
1273 289 1529 343 comprende
1572 289 1649 331 che
1681 289 1723 332 la
1756 304 1857 332 cosa
1888 305 1974 333 non

208 357 230 397 e
262 354 491 396 riuscibile.
558 355 785 410 Complura
819 356 984 409 repetit,
1027 368 1133 409 quae
1165 355 1252 395 iam
1285 359 1408 396 (elatea
1447 356 1686 410 scripserat.
1750 354 1804 396 Di
1835 355 1974 397 Roma

206 419 343 474 primo
378 420 420 461 di
451 419 717 461 Nouembrio
754 421 878 461 1561.

326 485 564 526 Arriuorno
609 486 635 526 a
679 485 950 526 saluamento
998 483 1041 524 in
1086 484 1225 525 Roma
1272 486 1427 537 questa
1474 484 1709 527 settimana
1753 485 1973 539 Stephano

207 550 377 592 Liberio
411 554 454 592 et
479 549 780 603 Sigismondol
813 549 889 591 che
922 548 1117 603 partirno
1151 548 1205 590 da
1228 548 1384 602 Praga.
1437 548 1490 590 Se
1515 549 1566 592 V.
1599 549 1649 593 R.
1684 549 1800 592 tiene
1832 549 1975 592 alcuni

208 615 357 657 denari
391 615 445 657 da
476 615 708 657 mandarce
741 629 794 656 ne
827 613 938 656 faria
972 628 1056 655 vna
1088 614 1231 656 buona
1264 628 1417 668 opera,
1455 614 1612 668 perche
1644 614 1899 657 trouandoci
1930 615 1974 657 in

207 680 346 722 Roma
393 680 561 722 horniai
604 680 735 722 vicini
782 694 819 722 a.
868 681 952 722 300
995 693 1199 733 persone,
1248 694 1332 734 puo
1380 679 1436 721 lei
1482 693 1641 734 pensar
1687 682 1849 733 quanto
1895 677 1972 736 [si]

209 745 418 800 dispenda

326 825 435 861 Nota:
464 826 627 861 Canisius
655 825 852 860 Salmeroni
878 825 1065 870 rescripsit
1093 826 1146 860 15.
1174 825 1388 860 Novembris
1417 826 1516 860 1561.

207 972 296 1002 esse,
324 963 431 1004 atque
458 960 529 994 alia
547 960 693 1001 dixisse,
721 973 765 994 ex
792 960 920 1004 quibus
947 971 1020 993 rem
1048 960 1201 994 feliciter
1226 960 1329 995 nobis
1355 961 1498 995 evenire
1524 973 1594 996 non
1620 972 1724 1006 posse
1750 961 1974 1006 intellegere-

206 1026 295 1048 mus.
351 1015 543 1057 Complura
570 1016 710 1057 repetit,
743 1025 830 1058 <litae
856 1019 956 1046 antea
992 1015 1193 1057 scripserat.
1244 1014 1356 1048 Roma
1391 1014 1556 1049 kalendis
1580 1014 1843 1049 Novembribus
1873 1015 1973 1049 1561.

327 1066 475 1101 Romam
501 1067 568 1101 hac
594 1065 814 1101 hebdomade
841 1066 933 1101 salvi
960 1066 1184 1100 advenerunt
1209 1066 1414 1112 Stephanus
1440 1067 1602 1102 Liberius
1629 1070 1665 1102 et
1690 1067 1940 1111 Sigismundus
1954 1068 1973 1110 ¹,

207 1120 268 1164 qui
286 1120 404 1164 Praga
430 1120 499 1154 huc
518 1121 669 1165 profecti
696 1124 808 1154 erant.
848 1120 955 1161 RV„
982 1120 1012 1154 si
1037 1132 1143 1164 quam
1163 1121 1350 1165 pecuniam
1376 1120 1446 1155 huc
1473 1121 1615 1156 mittere
1633 1121 1774 1166 poterit,
1801 1121 1974 1156 mittendo

207 1174 338 1218 optime
366 1176 468 1218 aget;
497 1186 577 1208 cum
604 1174 697 1208 enim
718 1174 849 1207 Romae
876 1173 944 1207 iam
973 1174 1046 1207 fere
1074 1174 1141 1208 300
1168 1173 1290 1215 simus,
1317 1174 1405 1219 ipsa,
1432 1177 1606 1218 quantum
1624 1174 1795 1220 pecuniae
1822 1173 1976 1220 expendi

206 1230 378 1272 oporteat,
406 1227 513 1262 facile
539 1227 729 1271 intellegit.

1028 1320 1149 1362 (319.

944 1413 1241 1461 CANISIUS

650 1512 1046 1555 ALPHONSO
1082 1512 1526 1566 SALMERONI,

761 1594 952 1629 Societatis
979 1595 1061 1629 Iesu
1088 1595 1223 1628 vicario
1251 1594 1422 1637 generali.

658 1675 827 1721 Augusta
854 1674 1127 1711 vindelicorum
1157 1675 1179 1711 l.
1208 1674 1419 1712 Novembris
1447 1674 1532 1711 1561.

327 1758 382 1792 Ex
408 1759 614 1804 apographo
641 1759 774 1793 recenti
797 1759 871 1803 (A).
900 1759 992 1803 quod
1019 1771 1062 1793 ex
1091 1759 1286 1804 archetypo
1307 1758 1489 1803 (Canisius
1515 1770 1581 1793 sua
1606 1770 1715 1793 manu
1740 1770 1868 1792 nomen
1894 1758 1974 1792 sub-

206 1811 388 1856 scripsit),
416 1812 452 1846 in
478 1812 552 1846 cod.
585 1813 641 1854 „R
670 1812 707 1847 C.
736 1813 785 1853 1“‚
821 1812 844 1847 f.
874 1813 940 1847 140
967 1816 1002 1847 et
1027 1824 1081 1857 sq.
1108 1824 1176 1847 non
1202 1812 1294 1856 sign.
1325 1812 1374 1857 (n.
1401 1811 1461 1855 94)
1490 1812 1623 1857 posito,
1659 1812 1880 1857 exscriptum
1908 1814 1974 1847 est.

327 1865 457 1899 Exstat
483 1866 590 1900 etiam
618 1866 770 1900 alterum
797 1866 1043 1911 apographum
1065 1866 1138 1909 (B),
1166 1866 1270 1910 quod,
1297 1878 1341 1899 ex
1369 1866 1490 1900 eodem
1518 1865 1713 1910 archetypo
1739 1865 1805 1900 sub
1832 1877 1862 1900 a.
1885 1865 1974 1900 1860

207 1920 355 1952 curante
382 1919 495 1953 Boero
521 1919 752 1964 exscriptum,
780 1931 859 1953 cum
887 1920 1008 1953 eodem
1035 1921 1161 1964 postea
1187 1919 1357 1953 collatum
1384 1923 1448 1953 est.

326 1971 542 2006 Litterarum
570 1973 782 2017 particulam
819 1972 1022 2017 germanice
1059 1973 1175 2018 posuit
1202 1974 1355 2007 Janssen
1391 1972 1412 2006 l.
1441 1984 1470 2006 c.
1499 1972 1559 2014 IV,
1594 1973 1793 2006 415—416.
1844 1971 1974 2006 Iisdem

207 2035 294 2059 usus
321 2027 375 2059 est
401 2027 515 2060 Κνϋεε
541 2026 562 2060 l.
591 2038 620 2061 c.
648 2039 680 2071 p.
712 2026 787 2060 139.

330 2104 478 2147 Gaudet,
505 2105 676 2138 Laine'um
704 2105 903 2148 Heryonotis
929 2105 1100 2147 obsistere,
1127 2105 1310 2137 concilium
1337 2104 1440 2137 tueri.
1484 2103 1522 2136 P.
1547 2103 1697 2146 Hoffaeo
1723 2103 1854 2146 Praya,
1880 2108 1974 2137 ante-

207 2167 313 2199 quam
339 2157 514 2201 collefsinm
543 2159 754 2191 monasterio
786 2158 959 2191 ct'bt‘nensi
983 2158 1200 2201 liberaverit,
1240 2158 1481 2192 Vindobonam
1505 2158 1764 2200 transmz‘yrare
1797 2167 1869 2190 non
1895 2167 1974 2190 con-

206 2212 332 2243 venire.
384 2211 422 2243 P.
450 2211 671 2244 Blisseminm
712 2213 852 2255 collegio
886 2212 1056 2255 praqensc'
1094 2212 1242 2255 reyendo
1278 2212 1338 2244 via:
1370 2222 1495 2254 parem
1530 2221 1621 2252 esse,·
1657 2210 1716 2243 sed
1753 2211 1871 2244 omnia
1906 2220 1974 2243 esse

200 2267 351 2306 propter
377 2264 625 2297 oboedientiam
653 2265 844 2298 subeunda.
898 2266 948 2298 De
983 2265 1123 2307 colleyio
1150 2266 1329 2308 Auynstae
1364 2264 1551 2297 condendo.
1603 2263 1722 2297 Socios
1747 2263 1844 2296 haud
1867 2263 1974 2305 facile

208 2318 344 2350 nuntiis
366 2318 559 2360 pontificiis
585 2320 720 2351 comites
752 2319 840 2351 adde?
864 2319 992 2352 dehere.
1045 2319 1224 2361 Auynstae.
1248 2322 1468 2351 sacramenta
1492 2318 1734 2360 frequentari,
1770 2317 1973 2350 Societatem

207 2371 394 2403 calumniis
419 2372 527 2413 affici.

459 2453 552 2495 Pax
585 2453 743 2496 Christi
774 2453 996 2496 nobiscum
1029 2453 1259 2496 admodum
1291 2451 1544 2495 Reuerende
1576 2451 1721 2494 Pater.

325 2534 424 2576 Non
457 2538 602 2590 potest
634 2535 756 2577 nobis
789 2538 833 2578 et
865 2535 1097 2578 Catholicis
1130 2535 1326 2578 omnibus
1358 2549 1444 2577 non
1475 2534 1738 2589 perplacere,
1774 2533 1887 2587 quod
1919 2533 1971 2575 de

208 2598 349 2641 Gallia
396 2613 447 2642 ac
500 2603 744 2643 nostrorum
792 2603 967 2655 patrum
1012 2600 1168 2643 ibidem
1223 2600 1447 2643 conatibus
1499 2599 1728 2642 nunciatur
1742 2600 1771 2642 2.
1842 2598 1972 2642 Faxit

325 2727 338 2742 ‘²
365 2722 442 2755 Vel:
469 2723 602 2766 quanto
628 2722 658 2756 si
684 2722 842 2767 spenda;
867 2734 947 2766 ap.:
972 2724 1105 2767 quanto
1132 2722 1166 2756 di
1193 2721 1339 2767 spenda.

330 2835 337 2853 ¹
365 2832 604 2869 Dominatius.

325 2886 338 2906 ²
365 2886 530 2922 Canisius
574 2887 800 2933 potissimum
834 2887 950 2922 Lainii
988 2889 1024 2922 et
1062 2886 1210 2922 Polanoi
1248 2888 1398 2921 conatus
1436 2885 1614 2928 Possiaci,
1663 2884 1752 2919 Fani
1790 2884 1970 2926 Germani,

206 2938 357 2974 Parisiis
383 2940 563 2976 adhibitos
589 2941 694 2983 dicit;
721 2943 829 2986 atque
855 2941 916 2976 ille
942 2943 1023 2986 post
1048 2951 1248 2976 sermonem
1274 2940 1330 2975 26.
1349 2939 1569 2985 Septembris
1594 2938 1631 2973 in
1655 2938 1839 2982 religionis
1865 2937 1970 2972 collo-

207 2991 289 3035 quio
315 2991 477 3027 habitum
507 2993 631 3039 (supra
657 3006 689 3039 p.
717 2994 802 3038 261)
830 2994 961 3029 iterum
1000 3006 1043 3029 ac
1079 2994 1204 3035 tertio,
1242 2993 1302 3028 hic
1337 2992 1448 3027 semel
1482 2993 1656 3027 adversus
1694 2991 1970 3036 protestantium

207 3055 345 3080 errores
371 3046 555 3091 praeclare
582 3047 768 3089 dixerunt;
805 3059 847 3082 ac
872 3047 1020 3082 Lainius
1054 3047 1225 3092 privatim
1261 3058 1401 3091 quoque
1426 3046 1599 3090 reginam,
1628 3044 1852 3085 Condaeum,
1880 3044 1969 3079 alios

206 3098 379 3142 primores
405 3100 449 3134 ad
475 3100 686 3144 religionem
712 3101 927 3135 catholicam
953 3100 1214 3135 defendendam
1239 3099 1472 3134 vehementer
1506 3098 1718 3133 adhortatus
1744 3099 1800 3132 est
1826 3097 1968 3142 (Boero,

206 3150 336 3186 Lainez
361 3164 394 3198 p.
418 3152 616 3188 238—239.
653 3155 858 3198 Sacchinus,
884 3154 979 3188 Hist.
998 3153 1032 3188 S.
1051 3154 1084 3188 J.
1111 3153 1155 3188 II.
1181 3152 1204 3188 1.
1223 3153 1255 3194 5,
1281 3164 1315 3187 n.
1335 3152 1432 3196 208).
1479 3151 1589 3186 Plura
1614 3151 1697 3185 vide
1722 3150 1816 3185 infra
1834 3162 1868 3195 p.
1888 3150 1967 3185 298.
