2093 3444
210 176 295 216 284
353 173 432 207 617.
469 171 554 206 Can.
575 170 678 205 Corn.
697 169 854 204 Herleno
881 180 901 203 a
919 167 1118 203 Rosenthal
1146 169 1181 201 et
1207 167 1300 202 aliis.
1335 168 1428 211 Aug.
1456 167 1561 201 Vind.
1589 178 1635 201 m.
1662 167 1753 202 Nov.
1781 179 1812 202 a.
1834 167 1935 202 1561.

209 289 430 324 veronensis.
482 288 549 331 Qui
592 289 634 322 de
673 287 883 332 Hieronymi
927 286 1080 321 editione
1124 285 1167 320 ab
1207 284 1357 319 Erasmo
1400 287 1526 319 curata
1568 284 1635 319 1100
1678 296 1818 329 quoque
1859 287 1984 320 notat:

214 343 345 386 „Nemo
373 372 379 378 .
401 371 407 378 .
435 355 480 378 ex
507 355 546 377 eo
573 342 694 376 labore
719 341 862 375 laudem
889 340 1038 374 Erasmo
1065 338 1221 373 debitam
1249 338 1443 379 invideret,
1470 338 1501 372 si
1527 338 1571 372 ab
1598 338 1721 372 effreni
1747 338 1818 380 illo,
1846 340 1881 372 et
1906 350 1984 383 pro-

205 397 324 443 jectae
341 396 558 431 temeritatis
585 395 821 430 abstinuisset
839 393 1020 433 cacoethe,
1048 391 1217 437 carpendi
1242 391 1490 426 sanctissimos
1508 391 1646 430 Patres,
1673 394 1713 426 ut
1740 391 1808 426 sibi
1834 392 1984 436 gloriam

210 452 467 495 aucuparetur,
496 461 584 494 quos
611 449 724 484 sicubi
752 448 860 482 etiam
886 447 1047 491 impense
1074 445 1217 486 laudat,
1246 445 1288 478 de
1314 444 1492 479 industria
1517 445 1624 486 facit,
1650 447 1691 479 ut
1715 447 1841 490 postea
1867 445 1984 480 minus

208 504 385 539 invidiose
412 506 449 538 et
473 504 605 538 suimet
632 513 712 536 cum
731 501 836 535 laude
863 500 980 543 magis
999 498 1218 533 admordeat.
1256 497 1291 532 Si
1318 498 1352 531 in
1373 498 1531 532 ferendis
1554 499 1727 540 censuris,
1754 510 1775 532 a
1801 510 1983 533 sacrarum

209 569 328 592 rerum
355 557 486 603 injuria
512 557 751 601 temperasset
766 556 784 596 ¹,
816 565 933 597 neque
959 552 1126 586 inanibus
1152 563 1259 596 saepe
1286 551 1502 596 conjecturis
1534 551 1585 585 ita
1610 551 1882 596 permiscuisset
1906 554 1984 586 tum

210 612 360 646 aliorum
387 613 551 645 veterum
578 609 745 650 Patrum,
781 610 858 642 tum
884 606 1096 651 Hieronymi
1122 605 1276 650 scripta,
1312 606 1353 638 ut
1378 604 1447 639 nisi
1473 605 1709 650 posteriorum
1736 605 1983 650 theologorum

210 665 491 699 contraivissent
516 663 654 703 studia,
693 662 735 696 de
762 660 1008 695 ecclesiastica
1035 658 1228 693 traditione
1255 659 1318 692 vix
1344 658 1433 693 certi
1460 658 1595 702 aliquid
1631 670 1676 692 ex
1702 659 1778 694 eius
1804 659 1983 694 sententia

210 718 379 753 constitui
397 718 539 763 posset“
566 717 712 760 (Minue,
730 715 802 749 PP.
821 713 888 748 LL.
907 713 1020 754 XXII,
1047 712 1240 756 xlv—xv).
1277 711 1376 746 Haec
1395 712 1505 746 verba
1524 711 1700 757 exemplis
1719 723 1763 746 ex
1782 713 1984 747 erasmiana

209 771 445 816 epistularum
471 772 506 806 S.
533 769 742 814 Hieronymi
779 768 933 802 editione
969 765 1148 810 excerptis
1184 765 1290 799 facile
1326 765 1526 799 confirmari
1553 767 1723 810 possunt;
1760 777 1851 809 quae
1877 765 1984 800 simul

209 825 412 867 ostendunt,
441 836 503 859 cur
523 823 688 858 Canisius
716 822 907 856 editionem
934 820 1042 861 illam,
1069 830 1160 863 quae
1179 822 1264 853 tunc
1291 819 1378 853 adeo
1396 819 1612 864 pervulgata
1639 821 1718 853 erat
1743 830 1868 863 neque,
1896 831 1984 864 opus

208 878 511 924 typographicum
538 877 567 912 si
595 880 756 922 spectes,
792 875 946 920 primum
972 873 1126 907 intuenti
1161 872 1434 906 admirationem
1461 873 1640 916 quandam
1674 872 1731 907 sui
1756 873 1888 907 inicere
1913 884 1984 907 non

209 934 346 978 potest,
385 944 429 966 ex
465 931 721 966 catholicorum
757 928 922 963 manibus
959 927 1148 961 extrahere
1184 926 1239 960 his
1276 925 1409 960 litteris
1444 925 1677 960 contenderit.
1729 926 1784 960 lta
1809 927 1984 960 Erasmus

210 986 252 1019 de
270 985 508 1030 Hieronymo:
540 983 790 1027 „Multorum“,
818 981 944 1026 inquit,
973 980 1181 1014 clericorum
1209 981 1245 1013 et
1270 979 1518 1024 episcoporum
1549 980 1643 1021 „uita
1662 980 1885 1025 displicebat,
1911 981 1983 1014 iam

208 1040 284 1072 tum
314 1039 431 1084 prisca
456 1038 518 1072 illa
545 1039 679 1083 pietate
706 1035 932 1070 sacerdotum
959 1033 1002 1067 ad
1022 1033 1250 1078 tyrannidem
1277 1044 1319 1066 ac
1346 1032 1481 1066 fastum
1500 1033 1750 1077 degenerante.
1787 1033 1983 1068 Pensitatis

209 1092 321 1136 igitur
347 1092 512 1127 omnibus
540 1103 581 1126 ac
608 1088 898 1134 circumspectis.
936 1086 1098 1121 monachi
1127 1086 1262 1131 placuit
1288 1086 1514 1121 institutum:
1551 1087 1643 1130 quod
1670 1098 1715 1120 ne
1742 1087 1822 1130 quis
1855 1087 1891 1120 in
1916 1086 1983 1122 11οο

210 1148 313 1187 erret,
341 1146 375 1180 id
402 1146 574 1191 temporis
600 1145 706 1187 longe
734 1143 914 1177 diuersum
941 1143 1037 1181 erat,
1065 1140 1108 1174 ab
1136 1140 1202 1174 hoc
1228 1139 1321 1184 quod
1348 1139 1451 1174 hodie
1478 1140 1660 1181 uidemus,
1687 1140 1898 1186 ceremoniis
1924 1140 1982 1175 ob-

208 1199 392 1234 strictum:
413 1200 482 1233 imo
501 1199 630 1244 quibus
648 1197 804 1231 maxime
822 1196 971 1229 libertas
989 1196 1067 1229 erat.
1085 1193 1192 1233 cordi,
1211 1193 1248 1227 hi
1266 1193 1431 1227 monachi
1448 1193 1707 1238 professionem
1726 1194 1981 1239 suscipiebant.

209 1253 369 1287 Primum
397 1253 490 1287 enim
526 1264 584 1287 res
609 1251 779 1285 manebat
814 1250 972 1292 integra,
1009 1248 1039 1282 si
1066 1247 1146 1291 quis
1181 1247 1231 1281 ita.
1268 1247 1486 1281 censuisset:
1522 1248 1690 1282 manebat
1725 1247 1982 1290 commigrandi

207 1307 498 1351 remigrandique
525 1318 594 1350 quo
620 1305 755 1339 uellent
782 1305 962 1348 potestas:
990 1301 1159 1335 manebat
1186 1300 1433 1334 dulcissimum
1460 1312 1501 1334 ac
1527 1300 1747 1335 liberrimum
1774 1301 1910 1336 ocium:
1938 1301 1981 1335 ad

208 1360 385 1401 studium,
413 1360 564 1400 ieiunia,
591 1358 767 1404 psalmos,
795 1356 940 1400 uigilias
967 1357 1029 1389 aut
1055 1357 1181 1399 suopte
1208 1354 1452 1388 incitabantur
1478 1354 1614 1396 animo,
1642 1356 1704 1388 aut
1730 1354 1905 1399 exemplis
1931 1355 1981 1389 in-

208 1414 434 1454 uitabantur,
470 1425 539 1447 non
568 1412 788 1455 cogebantur
814 1409 996 1444 hominum
1024 1407 1366 1442 constitutiunculis.
1416 1407 1582 1442 Vestitus
1608 1410 1686 1442 erat
1711 1407 1884 1453 simplex,
1916 1419 1982 1442 nec

208 1467 239 1501 is
265 1470 386 1501 tamen
413 1467 668 1512 praescriptus,
696 1464 757 1499 sed
784 1476 848 1498 suo
876 1463 1002 1506 cuique
1030 1462 1178 1496 arbitrio
1204 1463 1389 1506 sumptus:
1416 1473 1485 1495 non
1504 1461 1564 1505 qui
1591 1461 1794 1506 prodigiosa
1820 1461 1981 1495 nouitate

205 1520 342 1555 faceret
377 1520 573 1564 insignem,
610 1522 645 1553 et
671 1518 782 1562 digito
817 1516 1032 1551 notandum:
1071 1515 1134 1550 scd
1166 1514 1227 1559 qui
1259 1514 1529 1559 simplicitatem
1557 1513 1800 1549 Christianam
1826 1525 1911 1559 prae
1939 1525 1979 1549 se

208 1574 330 1608 ferret.
382 1574 554 1608 Votorum
583 1572 682 1607 nulla
708 1571 870 1612 uincula,
906 1569 975 1603 nisi
1003 1580 1093 1613 quae
1129 1570 1213 1603 srmt
1248 1568 1421 1612 cuiusque
1447 1580 1535 1613 pure
1562 1567 1769 1602 Christiani.
1819 1567 1981 1612 Denique

208 1628 238 1662 si
258 1639 363 1672 quem
382 1628 475 1662 forte
502 1627 555 1662 sui
585 1626 741 1661 instituti
760 1623 980 1670 poenitentia
999 1622 1187 1667 coepisset,
1216 1623 1289 1656 tota
1308 1621 1449 1656 demum
1469 1633 1583 1667 poena
1606 1623 1692 1663 erat,
1719 1620 1981 1656 inconstantiae

206 1682 322 1715 nota.“
364 1681 416 1715 Ac
436 1681 478 1715 (10
498 1680 679 1724 virginum
698 1679 772 1713 Deo
791 1689 975 1713 sacrarum
995 1676 1181 1711 clausura:
1214 1675 1441 1720 „Hieronymi
1460 1687 1571 1716 soror,
1597 1674 1750 1718 uirginis
1774 1674 1979 1709 institutum

207 1735 378 1779 arripuit,
416 1734 613 1776 instigante
641 1733 777 1767 Iuliano
804 1731 976 1776 quodam:
1013 1729 1074 1764 sed
1111 1728 1264 1763 multum
1299 1731 1335 1762 et
1361 1728 1427 1763 hoc
1460 1728 1632 1763 dissimile
1668 1728 1712 1762 ab
1738 1728 1863 1762 harum
1899 1740 1980 1762 con-

207 1788 350 1828 ditione,
378 1799 467 1832 quas
494 1787 596 1821 hodie
624 1787 752 1821 ferreis
779 1784 960 1825 cancellis,
990 1795 1054 1818 ceu
1081 1783 1178 1817 feras
1206 1782 1397 1816 indomitas
1424 1782 1582 1817 inclusas
1608 1783 1743 1816 tenent.
1780 1781 1859 1815 Non
1886 1782 1979 1826 quod

207 1842 370 1875 damnem
397 1841 575 1886 publicam
612 1840 723 1875 seculi
759 1838 1072 1878 consuetudinem,
1111 1836 1173 1870 sed
1209 1836 1301 1880 quod
1338 1836 1475 1870 doleam
1511 1835 1581 1870 11110
1608 1835 1760 1879 denique
1795 1835 1978 1880 delapsam

207 1894 492 1929 Christianorum
512 1894 695 1939 pietatem,
722 1895 761 1927 ut
780 1892 958 1935 uirginum
983 1889 1175 1933 integritas
1194 1888 1363 1923 claustris
1382 1889 1508 1923 ferreis
1535 1891 1571 1923 et
1587 1888 1771 1934 repagulis
1797 1900 1978 1923 murorum

207 1948 255 1982 sit
282 1947 549 1992 extorquenda:
577 1958 656 1981 cum
685 1958 727 1980 ea
746 1946 888 1980 demum
914 1943 1040 1987 religio
1066 1943 1114 1977 sit
1140 1945 1289 1987 accepta
1309 1942 1460 1984 Christo,
1487 1953 1559 1976 non
1577 1953 1669 1986 quae
1695 1942 1731 1976 ui
1758 1941 1978 1985 extunditur,

205 2001 267 2035 sed
287 2013 378 2045 quae
404 2001 498 2035 ultro
525 2013 545 2035 a
572 2000 777 2034 uolentibus
796 1999 976 2033 offertu1·.“
1016 1997 1061 2031 Et
1087 1996 1129 2030 de
1147 1996 1411 2030 sacerdotibus:
1444 1995 1565 2037 „Nunc
1591 1995 1724 2038 uulgus
1750 1995 1977 2030 sacerdotum

205 2054 250 2088 ad
277 2057 419 2089 caetera
446 2053 548 2095 muti,
574 2053 663 2088 nihil
690 2053 858 2092 tinniunt,
885 2051 955 2086 nisi
981 2051 1024 2084 de
1052 2050 1199 2084 decimis
1226 2049 1462 2094 accipiendis:
1490 2051 1526 2083 et
1550 2060 1681 2093 magna
1708 2060 1792 2094 pars
1817 2048 1907 2083 nihil
1933 2061 1976 2083 ex

205 2108 281 2142 iure
307 2108 487 2153 pontificio
515 2107 656 2148 didicit,
693 2107 759 2141 nisi
788 2105 948 2151 duplices
976 2104 1095 2138 deberi
1123 2103 1299 2144 decimas,
1335 2102 1536 2148 praediales
1572 2105 1607 2137 et
1632 2102 1870 2147 personales.“
1923 2102 1976 2137 De

204 2161 295 2195 Iulio
321 2161 365 2195 Π.
392 2160 560 2206 pontifice
585 2160 761 2195 maximo:
794 2159 926 2204 „Optat
951 2161 1071 2193 autem
1096 2157 1251 2192 Damaso
1278 2153 1449 2202 [pontifici
1468 2155 1722 2201 Hieronymus]
1750 2156 1976 2201 martyrium.

206 2213 297 2255 Quid
332 2215 362 2249 si
389 2215 468 2258 quis
503 2214 547 2249 ad
583 2214 734 2248 eundem
771 2214 911 2247 modum
947 2212 1148 2246 obtestatus
1181 2210 1311 2245 fuisset
1344 2209 1476 2244 Iulium
1511 2209 1737 2243 secundum?
1787 2209 1879 2250 Quid
1913 2209 1975 2243 im-

205 2269 414 2313 petrasset?
450 2279 590 2302 erucem
619 2267 772 2312 opinor.“
827 2266 879 2300 De
905 2277 1008 2300 sacra
1034 2263 1322 2311 peregrinatione
1349 2262 1686 2308 hierosolymitana:
1724 2261 1857 2305 „Hodie
1883 2273 1975 2296 com-

205 2321 346 2367 plures,
383 2322 491 2355 etiam
527 2333 572 2355 ex
599 2332 720 2355 eorum
754 2332 902 2354 numero
929 2319 989 2364 qui
1024 2319 1193 2353 uidentur
1227 2328 1373 2362 sapere,
1408 2316 1453 2350 ab
1479 2316 1652 2350 extremis
1686 2315 1808 2350 mundi
1833 2315 1975 2357 finibus,

205 2385 342 2409 summo
369 2375 525 2419 sumptu,
552 2386 691 2409 summo
718 2374 815 2408 uitae
834 2372 1050 2413 discrimine,
1076 2382 1332 2415 nonnunquam
1359 2371 1396 2404 et
1413 2381 1551 2404 morum
1578 2369 1621 2403 ad
1649 2381 1690 2403 ea
1713 2371 1861 2404 currunt
1885 2369 1974 2410 loca,

204 2427 327 2462 liberis
353 2430 389 2461 et
414 2439 525 2461 uxore
552 2427 646 2462 domi
673 2427 829 2461 relictis:
856 2426 1070 2471 praesertim
1097 2436 1177 2459 cum
1205 2423 1323 2458 omnia
1342 2422 1569 2457 Christianae
1595 2422 1693 2456 uitae
1719 2422 1885 2465 uestigia,
1912 2424 1975 2457 aut

203 2491 351 2526 prorsus
389 2480 445 2515 hic
484 2480 603 2515 deleta
640 2480 735 2521 sint,
774 2482 837 2514 aut
875 2478 1124 2514 commenticia
1162 2477 1338 2522 quaedam
1376 2476 1585 2521 incertaque
1623 2478 1877 2510 monstrentur.
1927 2475 1975 2510 Et

203 2533 333 2567 mirum
360 2545 451 2578 quae
486 2533 612 2577 religio
646 2533 714 2575 sit,
751 2533 794 2567 ab
821 2532 888 2567 hoc
914 2534 997 2567 uoto
1032 2534 1107 2566 tam
1133 2530 1314 2575 grauatim
1349 2529 1536 2564 absoluere
1562 2528 1741 2563 Romanos
1775 2528 1973 2573 pontifices,

205 2598 285 2621 cum
311 2586 415 2621 multi
441 2586 493 2621 sic
512 2588 605 2628 eant,
632 2589 672 2620 ut
697 2586 813 2630 magis
831 2586 929 2631 pium
955 2585 1004 2620 sit
1029 2596 1099 2619 non
1124 2584 1216 2618 isse“
1232 2583 1246 2604 ²
1265 2583 1382 2628 (Opvs
1401 2582 1644 2628 Epistolarvm
1662 2581 1745 2616 Divi
1763 2581 1974 2627 Hieronymi

205 2639 458 2681 Stridonensis,
484 2651 556 2674 vna
582 2651 662 2674 cum
688 2639 834 2685 scholijs
853 2638 935 2673 Des.
955 2637 1095 2672 Erasmi
1113 2636 1352 2678 Roterodami,
1379 2635 1493 2670 denuo
1519 2647 1583 2680 per
1607 2634 1710 2669 illum
1735 2646 1805 2668 non
1830 2634 1972 2678 uulgari

204 2705 289 2728 cura
323 2693 565 2737 recognitum,
605 2695 801 2727 correctum
839 2704 880 2727 ac
915 2691 1174 2737 locupletatum
1209 2689 1387 2735 [Basileae
1416 2688 1520 2733 1524]
1554 2689 1588 2731 Ι,
1625 2688 1648 2723 f.
1675 2689 1802 2723 AA72.
1830 2687 1971 2729 AA8²²;

204 2747 266 2788 III,
293 2747 357 2787 67;
384 2747 429 2788 II,
457 2746 543 2787 135;
571 2746 597 2787 Ι,
626 2746 723 2789 107).

324 2879 335 2898 ¹
361 2878 416 2912 Ita
443 2877 551 2912 etiam
578 2879 642 2912 Fr.
669 2878 715 2911 X.
742 2878 891 2911 Kratas:
926 2875 1115 2920 [Erasmus
1140 2874 1227 2919 war]
1260 2874 1315 2917 „in
1340 2874 1459 2909 seiner
1484 2873 1599 2908 Lehre
1634 2873 1734 2908 nicht
1758 2873 1876 2908 selten
1907 2885 1970 2908 un-

202 2930 358 2965 bedacht
382 2931 455 2964 und
472 2930 674 2964 incorrekt“
700 2929 905 2974 (Lehrbuch
924 2929 987 2963 der
1004 2927 1375 2972 Kirchengeschichte
1393 2927 1425 2961 4.
1445 2927 1538 2961 Aufl.
1559 2925 1675 2970 [Trier
1694 2925 1798 2971 1896]
1818 2938 1852 2972 p.
1872 2925 1970 2971 513).

322 2983 335 3004 ²
360 2985 397 3018 J.
424 2985 610 3028 Do'llinyer
645 2982 688 3017 de
724 2982 894 3017 Erasmo:
937 2981 1176 3024 „Niemand“,
1215 2980 1350 3025 inquit,
1390 2980 1582 3023 „verstand
1618 2991 1657 3014 es
1682 2979 1806 3014 besser
1840 2979 1895 3014 als
1921 2991 1970 3021 er,

202 3036 499 3080 aberglaubische
525 3037 792 3079 Ausartungen,
819 3034 1018 3069 kirchliche
1043 3033 1292 3069 Missbrauche
1318 3033 1383 3067 mit
1409 3033 1478 3067 den
1502 3032 1646 3067 Waffen
1672 3031 1734 3066 des
1760 3031 1904 3077 Spottes
1929 3043 1969 3067 so

202 3101 246 3124 zu
272 3089 468 3134 verfolgen,
495 3090 579 3124 dass
606 3089 698 3123 auch
725 3089 781 3123 die
808 3088 921 3123 Sache
948 3088 1079 3130 selbst,
1115 3099 1161 3122 an
1196 3087 1252 3121 die
1287 3087 1350 3121 der
1375 3085 1604 3120 Missbrauch
1636 3084 1715 3119 sich
1749 3085 1968 3130 angebangt,

202 3143 320 3177 davon
346 3143 519 3186 getroffen
546 3143 688 3177 wurde“
721 3141 802 3185 (Die
828 3141 1074 3175 Reformation
1100 3141 1116 3174 Ι
1144 3139 1397 3185 [Regensburg
1423 3137 1540 3182 1846]‚
1570 3137 1617 3182 l).

2055 229 2063 260 1

2053 260 2065 302 ⁷<

2056 302 2060 314 l

2061 332 2064 344 Ι
