2093 3444
490 184 658 227 Augusta
684 183 954 218 Vindelicorum
981 183 1013 218 6.
1041 182 1263 227 Septembris
1291 182 1393 217 1561.
1742 185 1824 226 207

48 302 221 344 interim
255 301 496 355 Princeps1
536 304 785 344 nostrorum
819 301 1067 351 conatibus,
1111 301 1225 355 apud
1268 314 1394 353 quem
1431 300 1482 342 de
1516 301 1710 355 collegijs
1743 301 1829 343 Ba-

48 366 208 409 uaricis
241 366 443 408 dot-andis
486 380 617 419 agere
651 366 969 408 constituimus.
1034 366 1099 407 De
1140 364 1318 418 reliquis
1357 365 1450 418 ipse
1482 365 1645 407 Hector
1677 366 1830 407 Mona-

50 431 235 474 chiensis
268 431 518 473 admonebit
550 431 639 473 suis
672 431 833 482 literis,
877 446 1004 484 quem
1037 431 1092 472 ad
1123 431 1252 472 finem
1294 429 1419 472 huius
1462 430 1623 472 mensis
1655 430 1697 471 in
1730 445 1830 485 pro-

50 497 265 539 fessorum
288 496 413 538 huius
436 495 660 538 societatis
682 510 909 538 numerum
934 495 1233 550 cooptabimus
1257 495 1292 536 si
1313 495 1522 537 Dominus
1545 495 1607 537 ita
1630 495 1829 538 uoluerit.

50 561 247 604 Misimus
268 561 441 603 interim
465 561 687 603 Coloniam
710 561 756 604 P.
782 561 1056 603 Theodorum
1079 561 1323 611 Peltanum,
1356 562 1406 602 ut
1427 560 1637 602 fratribus
1665 561 1832 614 aliquot

51 628 284 670 comitatus
317 627 372 668 ad
405 641 482 668 nos
506 627 659 669 redeat
682 630 726 669 et
748 628 859 669 hanc
881 626 1104 680 ingentem
1127 639 1412 680 personarum
1437 624 1540 679 (qua
1562 626 1830 679 laboramus)

51 692 275 747 penuriam
309 692 521 734 subleuet.
575 692 873 746 Expectamus
906 695 1139 745 praeterea
1170 690 1622 733 benedictionem
1638 692 1666 740 2,
1703 705 1830 744 qua-m

52 757 175 800 nobis
217 757 476 811 promittere
517 757 637 799 uisus
680 760 747 799 est
781 758 825 799 P.
860 757 1058 807 Natalis,
1101 757 1334 807 missurus,
1378 756 1454 798 sed
1495 756 1661 799 utinam
1696 756 1831 807 breui,

53 823 336 877 Hispanicam
370 822 583 864 coloniam
600 823 628 864 3.
675 822 892 864 Postridie
925 836 1055 875 quam
1089 822 1365 864 discessimus
1399 821 1569 863 Vienna
1602 821 1713 863 clam
1746 821 1834 863 dis-

54 888 186 931 cessit
219 902 242 929 e
275 888 466 941 Collegio
508 890 659 930 nostro
692 887 739 930 P.
775 887 970 936 Dauid4‚
1015 901 1066 929 ac
1098 902 1211 929 nunc
1257 887 1442 941 primum
1482 887 1566 929 huc
1602 887 1744 937 uenit,
1788 889 1835 928 ut

52 953 264 996 liberatus
309 955 511 996 uotorum
556 953 739 994 uinculis
784 967 890 994 suae
934 952 1130 995 libertati
1174 953 1457 1006 relinquatur.
1531 953 1626 1006 Ego
1671 952 1832 994 nullam

30 1018 178 1061 'uideo
212 1033 389 1061 causam
422 1032 601 1072 grauem
645 1018 806 1072 adferrj
841 1033 917 1060 cur
950 1018 1116 1072 absoluj
1152 1018 1332 1068 debeat⁷
1378 1032 1505 1071 quem
1537 1017 1704 1059 utinam
1736 1032 1835 1072 per—

53 1098 229 1127 1110υοΓο
251 1098 476 1138 possemus
500 1084 555 1126 ad
577 1084 819 1126 Romanam
842 1083 1159 1138 profectionem
1176 1085 1204 1126 5.
1245 1084 1360 1137 Eget
1383 1098 1488 1125 sane
1507 1083 1653 1125 diuina
1675 1082 1833 1136 gratia,

53 1152 102 1192 ut
132 1149 295 1192 rectius
327 1149 442 1192 norit
474 1149 677 1204 seipsum,
712 1152 845 1203 utque
867 1164 953 1190 non
985 1148 1239 1203 respiciat
1271 1150 1441 1190 retro6
1473 1148 1835 1202 quemadmodum

55 1215 210 1270 caepit.
255 1215 436 1257 Oremus
469 1229 546 1269 pro
579 1215 652 1257 illo
686 1217 884 1269 patrem
918 1214 1397 1256 misericordiarum
1414 1215 1442 1264 7,
1478 1217 1522 1256 et
1554 1229 1631 1268 pro
1665 1214 1834 1256 Joanne

55 1281 207 1325 Jtalo8
240 1281 294 1323 ad
328 1280 654 1323 carthusianum
687 1280 936 1323 institutum
969 1281 1066 1334 plus
1100 1280 1208 1322 satis
1241 1280 1487 1322 anhelante.

174 1352 282 1395 Peto
315 1352 417 1394 mihi
440 1351 612 1394 ueniam
646 1352 739 1405 darj
773 1352 884 1405 qnod
918 1351 962 1393 in
985 1351 1223 1393 scribendis
1250 1350 1671 1404 quadri1nestribus⁰
1704 1351 1834 1405 paulo

55 1417 223 1461 tardius
256 1431 451 1471 agamus.
517 1417 670 1460 Gratia
699 1417 870 1471 Dominj
906 1417 963 1460 sit
995 1416 1218 1458 nobiscum
1251 1431 1329 1471 per
1361 1416 1575 1458 sacrificia
1608 1419 1651 1459 et
1683 1430 1835 1470 preces

57 1483 108 1527 R.
142 1483 190 1526 Τ.
224 1483 405 1525 Patrum
438 1483 570 1526 etiam
604 1483 876 1536 fratrumque
916 1482 1118 1525 omnium.

175 1555 318 1597 Nosse
352 1554 547 1609 cupimus
577 1554 739 1608 aliquid
773 1555 825 1597 de
857 1554 1063 1605 aduentu,
1098 1556 1175 1596 aut
1205 1553 1349 1595 reditu
1382 1553 1526 1608 potius
1548 1553 1595 1596 P.
1619 1553 1836 1607 Prepositi

58 1623 102 1663 et
143 1620 189 1663 P.
223 1620 422 1673 Natalis,
467 1635 573 1674 quos
615 1620 789 1673 quidem
831 1634 1057 1674 speramus
1098 1620 1227 1661 rebus
1269 1619 1404 1673 probe
1447 1619 1657 1661 confectis
1698 1618 1833 1669 breui,

58 1686 166 1729 duce
199 1686 392 1737 Christo,
435 1685 652 1729 redituros
686 1700 793 1728 esse.
859 1686 917 1728 Et
949 1685 1157 1727 miramur
1194 1687 1286 1727 tam
1320 1684 1391 1726 diu
1423 1684 1557 1726 nihila
1589 1684 1748 1738 adferrj
1784 1684 1836 1725 de

56 1752 186 1794 rebus
218 1751 398 1794 Jndicis.
462 1751 662 1794 Dormire
703 1751 876 1793 uidetur
917 1750 1108 1805 synodus
1141 1749 1419 1800 Tridentina‚
1465 1764 1594 1803 quam
1635 1749 1703 1791 hic
1734 1749 1836 1791 boni

57 1817 337 1872 impatienter
369 1819 617 1872 expectant.
662 1816 872 1858 Dominus
895 1815 1169 1858 Ecclesiamb
1201 1830 1325 1857 suam
1351 1815 1589 1857 reformare
1620 1815 1834 1868 dignetur.

58 1883 269 1925 Dominus
300 1883 431 1925 Jesvs
463 1883 698 1925 nobiscum.
763 1882 991 1935 Augustae
1028 1883 1066 1926 6.
1101 1881 1360 1936 septembris
1396 1882 1523 1924 1561.

964 1965 1124 2007 Seruus
1156 1964 1201 2006 in
1233 1964 1404 2006 Christo
1437 1964 1531 2006 Pet.
1566 1963 1775 2005 Canisius.

933 2058 961 2111 Ἰ.

180 2143 235 2184 Al
268 2143 402 2185 molto
435 2142 690 2184 Reuerendo
723 2142 865 2184 Padre
898 2142 949 2184 D.
975 2141 1158 2183 Alfonso
1193 2140 1459 2191 Sahnerone,
1495 2154 1532 2191 o,
1566 2140 1619 2183 D.
1656 2140 1838 2182 Madrid.

61 2207 157 2250 vice
189 2207 443 2262 Praeposito
478 2207 691 2250 Generale
724 2207 837 2249 della
870 2206 1138 2261 Compagnia
1173 2206 1214 2247 di
1247 2205 1389 2248 JESV
1422 2209 1503 2249 etc.

1567 2303 1594 2330 n
1627 2288 1665 2329 R
1772 2324 1779 2331 .

183 2355 368 2389 Sahneron
397 2353 540 2389 Canisio
566 2353 755 2399 rescripsit
780 2354 894 2388 Roma
920 2353 976 2388 25.
1005 2353 1227 2398 Septembris
1256 2353 1358 2388 1561.
1538 2289 1565 2331 J
1669 2302 1766 2330 oma

182 2531 197 2546 α
223 2524 313 2559 1111111
339 2525 384 2558 A.
482 2523 497 2544 ¹³
523 2522 726 2557 Ecclesiam
756 2524 799 2557 A.

188 2694 197 2713 ¹
225 2692 397 2726 Albertus
424 2692 467 2727 V.
567 2692 580 2712 ²
607 2692 696 2727 Gen.
724 2691 779 2733 33,
809 2691 863 2725 11.
909 2691 926 2725 1
954 2690 1042 2734 Reg.
1071 2690 1126 2732 30,
1154 2690 1198 2724 26
1227 2692 1294 2724 etc.

188 2747 201 2767 3
227 2745 318 2779 Vide
345 2757 454 2790 supra
480 2757 513 2790 p.
543 2746 622 2780 172.
721 2746 734 2765 4
761 2743 908 2778 Eckius.

186 2800 198 2819 ⁵
227 2799 392 2833 Oanisius
418 2798 512 2833 hanc
536 2798 658 2832 eodem
679 2798 734 2832 die
753 2797 866 2832 Eckio
884 2796 1109 2842 persuasisse
1126 2796 1290 2838 videtui-3
1318 2796 1400 2830 vide
1419 2795 1612 2841 epistulam
1630 2794 1843 2840 proximam.

189 2853 202 2872 ⁶
227 2852 313 2887 Luc.
342 2853 373 2894 9,
402 2852 457 2886 62.
558 2852 570 2872 ⁷
597 2851 617 2885 2
645 2851 724 2885 Cor.
754 2852 784 2892 1,
812 2851 843 2884 3.

187 2907 201 2927 ⁸
230 2906 410 2948 „Joannes
434 2904 639 2939 Anthonius
666 2904 807 2938 Gnerus
835 2902 993 2947 [Gnecus
1004 2903 1037 2946 ‘?]
1066 2902 1266 2937 Brixiensis
1294 2902 1414 2937 Jtalus
1440 2902 1485 2936 20
1512 2913 1701 2942 annorum,
1729 2900 1842 2934 duob:

67 2959 139 2993 iam
164 2959 267 2993 annis
293 2959 329 2993 in
356 2958 534 2993 Societate
560 2957 692 3003 partim
718 2957 755 2991 in
781 2956 893 2991 Jtalia
919 2956 1051 3001 partim
1077 2955 1239 2990 Viennae
1262 2955 1432 2990 Austriae
1458 2955 1568 2997 uixit,
1595 2953 1844 2989 communibus

67 3013 143 3047 toto
169 3024 210 3047 eo
235 3013 349 3047 ferme
374 3014 535 3057 tempore
561 3010 746 3056 exercitijs
780 3022 822 3044 ac
858 3009 1065 3044 domesticis
1100 3009 1228 3055 officijs
1264 3009 1426 3050 deditus,
1462 3007 1602 3042 studuit
1635 3009 1756 3041 tamen
1792 3006 1842 3041 in-

68 3066 174 3100 terim
204 3065 409 3100 nonnihil“:
449 3066 641 3109 011ϊαῖ09αο
665 3063 944 3098 vindobonensis
971 3062 1037 3097 sub
1063 3074 1109 3097 m.
1136 3062 1341 3106 Augustum
1371 3062 1461 3096 1559
1488 3060 1713 3106 conscriptus
1742 3059 1842 3104 (Ood.

73 3117 136 3162 „Gn
165 3119 201 3154 O.
229 3120 294 3154 67“
328 3131 362 3164 p.
390 3117 488 3163 313).

189 3173 202 3193 ⁹
228 3171 364 3207 Domus
391 3171 426 3207 S.
453 3172 487 3207 J.
515 3172 752 3214 augustanae.
