2093 3444
483 211 641 247 Monuni.
672 212 906 257 (augustana)
935 214 1014 248 228.
1045 214 1116 257 (26.
1143 213 1327 248 Februarii
1356 214 1473 258 1561.)
1780 218 1864 258 589

217 331 402 364 Ccmisium
428 332 475 364 ad
501 333 689 364 concilium
715 333 807 366 mitti
832 344 900 366 non
930 335 1096 367 com-enit.
1146 334 1217 367 Hic
1244 335 1345 377 euim,
1377 344 1398 365 (ι
1427 333 1567 366 Christo
1594 334 1790 376 Anynstam
1818 333 1866 366 ad

95 385 372 417 contionaudmn
407 385 552 425 missae,
588 385 794 428 reliqionem
828 386 878 419 »ibi
912 388 1016 429 quasi
1051 389 1278 420 restauravit.
1330 387 1444 429 Atque
1471 388 1573 419 etiam
1601 398 1644 419 ex
1662 391 1865 429 protestan-

94 437 196 481 tibus,
223 438 301 471 licet
326 438 431 471 multi
449 449 569 480 pram
595 442 705 471 mente.
731 440 804 472 eius
830 442 1007 473 contiones
1042 441 1215 484 aecdiant,
1250 440 1349 473 haud
1377 441 1490 483 pauci
1526 440 1638 482 ipsius
1671 444 1701 472 et
1735 441 1865 473 contio-

96 490 199 524 nibus
225 495 255 524 et
276 492 433 534 privatis
458 491 642 534 colloquiis
667 493 714 525 ad
739 493 841 534 fidem
868 497 896 525 et
916 495 1081 535 pietatem
1109 495 1342 527 reducuntur.

213 574 431 616 Perlatum
475 579 532 616 est
574 576 632 615 acl
665 577 916 631 capitulum,
957 576 1051 629 fore
1091 582 1135 618 ut
1170 577 1371 618 canisius
1412 577 1470 617 ad
1508 578 1750 630 concilium,
1796 577 1863 618 die

89 638 196 692 festo
228 640 500 682 Ascensionis
530 640 735 682 Donszfisnffl
775 640 967 682 Tricam·
1006 643 1313 696 incohandzmz,
1356 643 1600 683 mitteretur.
1666 641 1785 691 Quod
1828 641 1863 683 si

91 705 188 755 fiet,
236 704 317 746 dici
358 719 443 746 non
485 707 653 759 potest,
701 708 908 758 quantam
947 720 1025 760 per
1068 711 1159 748 eius
1199 707 1441 749 absentiam
1474 706 1672 748 Ecclesia
1712 710 1863 749 nostra

91 769 305 812 iacturam
338 783 523 824 passura
554 770 632 813 sit:
676 770 967 824 Posteaquam
1006 771 1117 813 enim
1152 773 1405 814 consulente
1444 772 1569 813 simul
1604 774 1648 814 et
1681 785 1861 814 consen-

91 834 228 878 tiente
275 835 655 877 Reuerendissima
709 839 753 878 et
800 836 1100 879 Illustrissima
1140 838 1191 880 D.
1236 838 1287 880 V.
1338 837 1535 892 prefatus
1579 838 1630 880 D.
1666 837 1862 879 Canisius

91 900 315 942 Ecclesiae
347 900 474 942 huius
507 901 801 952 Cathedralis,
841 901 884 943 in
916 902 998 944 hac
1031 902 1217 945 Ciuitate
1250 903 1511 956 Augustana
1548 902 1591 944 in
1625 902 1862 945 Conciona—

90 968 231 1008 torem
272 968 316 1008 et
346 966 666 1020 predicatorem
700 967 833 1008 Verbi
865 967 945 1009 Dei
988 982 1013 1009 a
1055 968 1177 1009 nobis
1219 970 1490 1022 assumptus,
1533 968 1618 1009 imo
1651 967 1795 1022 potius
1837 982 1863 1009 a

90 1030 259 1073 Christo
302 1031 485 1073 Domino
528 1030 783 1086 Apostolica
826 1033 1011 1086 quadam
1054 1033 1283 1075 vocatione
1327 1034 1484 1075 missus
1530 1036 1617 1083 est,
1666 1033 1861 1074 omnibus

89 1096 176 1138 iam
199 1097 420 1150 cognitum
442 1099 805 1151 perspectumque
839 1100 905 1139 est
940 1133 947 1140 .
983 1101 1190 1151 quantum
1225 1101 1269 1141 et
1292 1099 1445 1141 doctus
1468 1098 1536 1140 vir
1567 1098 1638 1140 ille
1660 1098 1863 1140 Eccles:a

88 1162 200 1204 hanc
232 1165 427 1205 nostram
459 1162 572 1205 iamb
604 1161 665 1217 [P]
709 1163 858 1205 multis
890 1164 1101 1205 hactenus
1134 1164 1270 1206 modis
1302 1179 1380 1218 per
1420 1164 1574 1218 impios
1607 1163 1859 1206 infestatam

89 1241 139 1270 ac
166 1228 457 1279 deuastatam,
492 1242 543 1270 ac
575 1232 675 1283 post
697 1230 748 1272 D.
773 1229 898 1272 Joan.
923 1229 1050 1271 Fabri
1076 1229 1172 1283 piae
1204 1230 1440 1271 memoriae
1474 1229 1636 1283 egregij
1655 1229 1771 1271 Viric
1795 1227 1857 1283 [Ρ]

88 1292 221 1335 Verbi
254 1294 466 1348 Dominicj
508 1293 552 1335 in
593 1295 674 1336 hac
715 1297 867 1337 nostra
899 1295 1096 1336 Ecclesia
1137 1295 1392 1349 praeconis2
1435 1294 1620 1345 obitum,
1665 1294 1858 1336 nonnihil

87 1358 337 1412 aliquandiu
383 1359 624 1402 desolatam
670 1360 793 1413 quasi
838 1374 889 1402 ac
932 1360 1235 1413 languentem,
1281 1360 1546 1402 salutaribus
1590 1359 1679 1401 suis
1724 1359 1855 1401 diuini

87 1424 220 1466 Verbi
252 1425 651 1479 praedicationibus
679 1426 817 1467 denuo
851 1425 1119 1475 refocillarit,
1155 1428 1198 1467 et
1221 1426 1343 1478 quasi
1377 1428 1585 1479 quantum
1620 1425 1674 1466 ad
1708 1425 1854 1477 cogni-

85 1489 249 1532 tionem
281 1490 483 1533 veritatis
505 1490 754 1533 Catholicae
788 1491 961 1542 attinet,
997 1491 1311 1544 quodammodo
1344 1490 1697 1533 restauraueritd.
1740 1489 1852 1531 Nam

86 1555 141 1597 ad
173 1555 299 1597 huius
331 1556 413 1598 viri
446 1555 693 1607 conciones,
728 1571 813 1598 non
846 1557 986 1598 solum
1018 1556 1272 1610 parrochiae
1306 1556 1396 1598 eius
1429 1555 1607 1609 subditi,
1643 1555 1718 1597 sed
1751 1555 1855 1596 alia-

84 1635 179 1663 rum
214 1621 346 1664 etiam
379 1621 579 1664 Ciuitatis
611 1622 967 1664 Parrochiarume
999 1622 1127 1663 Plebs
1167 1624 1210 1663 et
1241 1622 1446 1676 populus,
1493 1621 1689 1663 addimus
1722 1620 1853 1663 etiam

85 1687 261 1742 sectarij
296 1687 605 1730 praedicantes
648 1690 692 1730 et
730 1687 792 1729 eis
825 1688 1084 1729 adherentes
1118 1688 1360 1737 confluunt,
1404 1689 1448 1728 et
1485 1686 1600 1728 illius
1633 1699 1853 1727 sermones

85 1751 334 1794 auidissime
367 1752 548 1795 audiunt
582 1788 589 1795 .
625 1753 716 1794 Iam
742 1753 858 1795 Vero
894 1788 901 1795 .
937 1753 1019 1795 etsi
1052 1767 1135 1794 non
1171 1753 1426 1801 dubitemus,
1462 1752 1563 1805 quin
1597 1751 1721 1792 multi
1752 1751 1852 1792 illuc

85 1820 348 1860 concurrant
382 1853 389 1861 .
424 1817 534 1860 nonf
563 1832 614 1860 ea
646 1818 909 1869 intentione,
950 1821 997 1860 vt
1031 1818 1297 1868 erudiantur,
1331 1817 1406 1859 sed
1438 1817 1499 1860 Vt
1530 1817 1669 1859 instar
1700 1816 1852 1858 Phari-

83 1897 283 1925 saeorum
316 1883 610 1937 praedicantis
642 1885 778 1926 verba
809 1883 949 1937 magis
984 1886 1160 1938 captent
1173 1883 1201 1934 3,
1245 1898 1295 1925 ac
1327 1886 1481 1937 postea
1512 1882 1555 1924 in
1588 1882 1672 1936 pub
1707 1897 1715 1923 :
1751 1895 1852 1923 con-

83 1948 285 1991 uentibus
307 1949 451 1991 Plebis
483 1950 833 2004 repraehendant
867 1966 875 1991 :
911 1950 1073 1991 Tamen
1106 1949 1212 1990 illud
1234 1949 1376 2003 reipsa
1400 1947 1658 2002 experimur,
1692 1947 1852 1988 multos

83 2029 139 2056 ex
179 2014 295 2057 illius
329 2015 409 2056 viri
444 2015 742 2066 concionibus,
788 2030 839 2057 ea
877 2014 1117 2057 intentione
1157 2015 1434 2064 accedentes,
1475 2014 1687 2056 hactenus
1720 2012 1853 2054 fuisse

23 2100 25 2102 ·
83 2094 329 2131 conuersos,
365 2083 409 2123 et
441 2081 513 2134 qui
545 2081 589 2122 in
613 2081 889 2134 dogmatibus
913 2080 1033 2122 Fidei
1066 2083 1110 2122 et
1143 2083 1528 2130 sacramentorum,
1563 2081 1607 2121 et
1629 2078 1852 2120 Ecclesiae

83 2146 390 2201 caeremonijs,
434 2161 544 2200 quae
584 2146 627 2188 in
669 2147 750 2188 hac
792 2149 942 2188 nostra
985 2145 1184 2187 Ecclesia
1226 2159 1394 2187 summa
1435 2158 1530 2186 cum
1572 2143 1853 2185 veneratione

82 2213 285 2254 seruatae
318 2214 433 2262 sunt,
468 2212 572 2254 Cum
606 2212 840 2254 Catholicis
873 2211 1082 2253 hactenus
1115 2225 1199 2252 non
1233 2209 1618 2260 communicarunt,
1653 2223 1726 2250 eos
1757 2222 1853 2249 rur-

82 2290 177 2328 sus,
224 2277 277 2318 ad
323 2277 572 2320 Catholicae
617 2277 840 2319 Ecclesiae
885 2276 1098 2319 Vnitatem
1144 2275 1346 2329 redijsse,
1392 2278 1436 2318 et
1480 2289 1598 2316 more
1641 2273 1852 2316 maiorum

82 2355 281 2393 suorum,
329 2342 572 2385 diuinorum
618 2342 927 2396 caelebrationj
968 2341 1219 2384 interfuisse
1253 2356 1262 2382 z
1297 2340 1406 2390 Quin
1449 2340 1554 2382 illud
1600 2339 1729 2382 etiam
1772 2339 1853 2381 hoc

81 2408 175 2449 loco
225 2422 638 2459 commemoramus,
686 2408 801 2450 illius
845 2408 927 2449 viri
972 2407 1156 2461 priuatis
1193 2406 1455 2460 colloquijs,
1505 2405 1608 2447 Cum
1656 2404 1852 2459 personis

81 2472 306 2526 Vtriusque
338 2487 483 2524 sexvs,
517 2476 687 2516 tantum
723 2487 817 2515 esse
851 2473 1065 2522 effectum,
1099 2475 1148 2514 vt
1181 2485 1327 2513 earum
1362 2470 1588 2523 quaedam,
1623 2484 1734 2523 quae
1766 2469 1850 2511 iam

80 2537 180 2581 inde
213 2552 238 2580 a
270 2538 457 2593 pueritia
489 2538 533 2580 in
564 2538 696 2592 impia
729 2538 909 2592 Lutherj
943 2538 1212 2590 aliarumque
1245 2539 1464 2578 sectarum
1502 2535 1712 2589 religione
1745 2536 1849 2577 edu-

82 2603 168 2646 cati
211 2607 254 2647 et
287 2603 485 2646 doctrina
525 2603 680 2646 imbuti
718 2603 916 2654 fuerunt,
960 2617 1038 2645 nec
1071 2601 1393 2644 Confessionem
1426 2601 1558 2643 vllam
1601 2615 1849 2643 sacramen-

80 2669 227 2719 talem,
258 2683 336 2723 per
356 2671 496 2711 totum
521 2669 640 2712 vitae
662 2683 767 2711 suae
790 2683 962 2710 cursum
985 2668 1195 2719 fecerunt,
1219 2681 1298 2709 nec
1319 2666 1476 2708 laicam
1499 2666 1849 2708 Communionem

200 2808 214 2823 ³
240 2803 322 2836 Duo
346 2803 515 2836 vocabula
539 2803 719 2845 sequentia
745 2803 781 2834 in
815 2803 842 2834 A
871 2803 910 2834 in
935 2802 1097 2844 mmyine
1123 2801 1282 2843 ascripta
1307 2805 1399 2834 sunt.

200 2855 215 2876 ¹³
240 2857 298 2889 Ita
325 2857 383 2897 A‚·
407 2854 478 2888 iam
505 2866 577 2888 non
603 2858 651 2888 est
676 2856 715 2888 in
741 2854 823 2888 BC.
923 2860 934 2874 0
961 2855 1018 2887 Ita
1045 2855 1101 2895 A,·
1128 2853 1205 2886 Viri
1232 2864 1303 2886 ozon
1330 2858 1378 2886 est
1404 2855 1443 2886 in
1468 2854 1550 2886 BC.

200 2909 215 2929 ‘¹
241 2910 286 2942 In
312 2910 344 2942 Β
368 2907 581 2942 refocillarit
607 2913 636 2941 et
662 2907 922 2951 quodammodo
948 2906 1210 2941 restaurauerit
1243 2911 1398 2940 correcta
1432 2911 1515 2940 sunt.
1550 2918 1592 2940 ex
1628 2905 1785 2940 erexerit
1819 2910 1849 2938 et

82 2963 125 2998 de
150 2974 242 2997 nouo
270 2990 276 2996 .
306 2990 311 2996 .
342 2990 348 2996 .
376 2961 585 2995 aedificarit.
731 2967 743 2982 Ε
769 2963 827 2995 Ita
852 2961 946 3003 BC;
970 2961 1010 2994 in
1036 2962 1069 2994 A
1097 2972 1165 2994 non
1194 2965 1242 2994 est
1268 2959 1448 2994 Ciuitatis.

205 3016 216 3036 f
239 3018 274 3050 et
299 3027 369 3049 non
396 3015 480 3049 AC.

202 3152 212 3172 ¹
239 3150 305 3184 Die
333 3150 387 3184 15.
413 3149 512 3184 Maii.
611 3148 624 3168 ²
649 3148 702 3182 De
729 3148 860 3182 Ioanne
887 3147 992 3182 Fabri
1021 3147 1061 3182 O.
1089 3148 1147 3182 Pr.
1174 3147 1256 3181 vide
1286 3148 1371 3181 Can.
1399 3146 1488 3192 Epp.
1516 3147 1541 3187 I,
1569 3147 1664 3181 711².

201 3204 214 3223 ³
240 3203 294 3238 Cf.
319 3203 450 3238 Matth.
478 3202 533 3244 22,
563 3202 616 3236 15.
655 3202 766 3236 Marc.
797 3202 850 3243 12,
880 3202 933 3236 13.
972 3201 1057 3236 Luc.
1085 3202 1140 3243 20,
1168 3201 1212 3235 20
1240 3203 1306 3235 etc.
