2093 3444
542 206 709 250 Augusta
734 206 1003 241 Vindelicorum
1032 208 1085 242 11.
1113 207 1249 252 Aprilis
1277 207 1379 241 1562.
1755 211 1839 252 407

69 326 213 359 accedet.
258 324 364 357 Hosib'
389 323 479 356 liber
506 323 568 366 „de
594 333 758 366 omoresso
783 324 885 356 verbo
911 322 1013 358 Deffl.
1063 324 1238 357 Cholimcs
1263 324 1514 367 typogyrapleus.
1551 324 1669 357 Motus
1694 324 1844 357 Bremae

69 379 213 412 excitati
242 377 450 411 Calvinismi
473 377 604 419 qratia.
656 377 726 417 Qui
750 376 844 409 breti
874 378 912 409 in
944 378 1141 410 Germania
1167 378 1383 410 admittetur.
1423 376 1590 410 canisius
1615 378 1716 421 dolet,
1743 388 1844 421 qnos-

69 433 153 465 dam
189 431 237 465 ad
275 430 464 463 concilium
506 440 575 462 non
619 431 746 462 venire.
800 430 1080 463 Maxetmeflfmms
1117 431 1166 464 H.
1207 441 1228 463 α
1267 430 1306 464 Ρ.
1347 430 1527 473 Cythardo
1567 432 1842 464 commendatur.

70 486 209 520 Alberti
233 485 271 518 V.
299 484 481 517 Bavariae
507 483 609 516 ducis
629 484 758 526 pietas.

279 624 402 665 Paxa
433 622 591 665 Christi
624 623 848 665 nobiscum
880 624 1187 666 Jllustrissime
1219 624 1403 666 Domine
1435 625 1638 667 Patrone.

188 707 315 749 Nunc
347 705 532 761 primum
565 705 822 747 adferuntur
853 706 954 747 noui
986 706 1084 747 libri
1116 706 1445 749 Franckfordia.
1500 707 1558 748 Jn
1589 706 1655 748 his
1689 721 1846 748 nomen

70 771 366 827 amplitudinis
410 774 515 814 tuae
556 785 582 812 a
624 771 789 812 duobus
834 771 1032 825 sectarijs
1073 772 1285 814 Mencelio
1330 775 1374 814 et
1417 772 1741 826 Spangebergio
1782 772 1846 815 ita

70 838 370 888 celebratur&
415 839 465 879 ut
506 850 636 890 opere
677 836 864 890 pretium
906 851 992 878 non
1034 837 1234 879 uideatur
1274 837 1418 892 impijs
1461 837 1846 880 calumniatoribus

69 903 347 957 respondere.
419 901 594 944 Cordati
634 902 821 943 lectores
865 902 937 955 qui
978 902 1122 955 aliquo
1167 905 1269 945 sunt
1312 903 1464 945 iuditio
1506 903 1714 958 praediti,
1761 918 1847 946 non

68 971 252 1023 possunt
283 982 369 1010 non
403 967 518 1022 afficj
552 981 736 1017 nausea,
781 981 875 1008 cum
914 968 1155 1009 lenissimos
1196 968 1390 1010 homines
1431 968 1494 1010 ita
1527 969 1846 1011 debacchantes

69 1034 233 1076 uident.
276 1033 427 1075 Voluit
459 1035 503 1075 et
526 1031 760 1074 Zacharias
783 1032 1033 1074 Praetorius
1065 1032 1284 1075 libidinem
1317 1033 1361 1074 in
1392 1034 1688 1076 maledicendo
1722 1048 1844 1076 suam

71 1099 248 1154 explere
263 1099 291 1141 2.
364 1098 433 1140 Ad
478 1097 685 1139 inuidiam
731 1100 776 1140 et
820 1097 963 1139 odium
1007 1098 1183 1152 rapiunt
1224 1113 1505 1152 quaecunque
1547 1102 1752 1154 possunt,
1797 1102 1846 1142 ut

70 1163 319 1207 Catholicae
341 1163 439 1205 fidei
472 1165 821 1217 propugnatores
855 1163 1087 1206 obscurent
1119 1167 1251 1217 atque
1284 1167 1534 1207 extenuent.
1580 1165 1845 1207 Stanislaum

69 1229 420 1284 Repagelanum,
465 1228 537 1282 qui
578 1242 624 1270 se
657 1228 925 1282 Theologum
956 1229 1084 1279 facit,
1126 1229 1336 1272 hactenus
1377 1244 1462 1271 non
1504 1230 1617 1273 noui.
1682 1231 1845 1272 Verum

70 1309 220 1337 scurra
253 1294 394 1348 quiuis
425 1294 554 1336 facile
588 1293 726 1348 possit
759 1308 813 1335 ex
847 1308 976 1348 opere
1009 1294 1161 1348 quouis
1195 1309 1446 1349 excerpere,
1480 1296 1515 1337 si
1549 1310 1660 1348 quae
1692 1309 1846 1350 parum

69 1363 199 1414 grata
239 1359 454 1402 uidentur.
518 1360 740 1402 Exercent
781 1359 955 1413 sectarij
998 1363 1193 1402 nostram
1226 1360 1375 1411 fidem,
1420 1361 1679 1403 charitatem
1714 1363 1846 1413 atque

69 1425 350 1480 patientiam,
385 1439 482 1467 cum
513 1424 577 1467 ita
608 1427 798 1479 pergunt
829 1424 1060 1478 insigniter
1093 1440 1189 1467 esse
1221 1425 1517 1479 impudentes,
1557 1440 1664 1480 quos
1698 1439 1846 1467 omnes

70 1490 206 1534 uincit
237 1490 282 1532 ni
313 1490 465 1541 fallor,
511 1489 885 1544 Spangebergius,
930 1491 1002 1544 qui
1043 1490 1216 1533 foedam
1259 1490 1433 1545 adijecit
1472 1491 1684 1546 picturam
1719 1491 1846 1533 foedo

71 1559 116 1599 et
155 1555 319 1598 foetido
353 1555 488 1597 libro:
530 1569 610 1597 nec
652 1555 758 1597 satis
801 1555 839 1597 ei
882 1555 965 1598 fuit
1001 1571 1134 1598 unum
1167 1559 1338 1610 petere,
1382 1557 1458 1598 sed
1500 1560 1668 1611 septem
1709 1556 1848 1599 uoluit

71 1622 281 1664 conficere
313 1621 351 1663 si
382 1623 553 1676 posset,
597 1620 901 1663 aduersariosb
934 1636 1018 1664 uno
1052 1622 1289 1675 eodemque
1326 1622 1485 1675 gladio.
1549 1622 1711 1664 Verum
1746 1621 1847 1675 quid

70 1687 284 1729 faciamus
316 1686 385 1728 hic
418 1686 547 1737 aliud,
582 1686 665 1728 nisi
696 1689 745 1728 ut
767 1686 936 1739 gratias
969 1701 1151 1740 agamus
1174 1688 1279 1738 Deo,
1314 1702 1408 1741 pro
1444 1687 1598 1729 cuius
1629 1687 1847 1729 nomine

71 1751 226 1806 digni
268 1752 534 1794 habemur
581 1752 975 1794 contumeliam
1023 1752 1174 1806 pati3
1219 1752 1477 1807 praesertim
1522 1767 1548 1795 a
1590 1752 1772 1803 talibus,
1822 1766 1848 1794 a

70 1818 224 1871 quibus
257 1817 497 1871 uituperari
537 1817 705 1872 laudarj
750 1820 830 1861 est.
894 1817 1148 1860 Sinamus
1190 1818 1346 1868 illos,
1390 1818 1490 1871 quia
1533 1817 1685 1860 coeci
1720 1820 1848 1860 sunt

70 1885 123 1925 et
156 1883 321 1925 duces
354 1883 687 1925 coecorum4.
746 1883 1089 1937 Vespertiliones
1121 1885 1294 1925 tantum
1325 1883 1368 1925 in
1400 1883 1536 1925 Hosio
1569 1883 1846 1938 splendorem

69 1951 270 2003 spectare
303 1950 348 1990 et
379 1948 496 1990 ferre
527 1962 613 1990 non
654 1951 849 2002 possunt.
914 1948 1023 1998 Quid
1057 1951 1203 1991 autem
1245 1948 1368 1991 nobis
1402 1951 1447 1991 et
1482 1949 1565 2004 pijs
1598 1963 1695 1991 cum
1726 1948 1846 1990 ranis

68 2013 166 2056 istis
196 2012 484 2068 Aegyptiacis
527 2014 882 2056 coaxantibus?5
944 2014 1162 2056 Peribit
1202 2014 1466 2057 memoria
1507 2028 1689 2056 eorum
1733 2028 1847 2056 cum

70 2078 311 2130 sonituss,
348 2093 513 2132 suoque
545 2080 659 2121 malo
693 2079 905 2130 sentient,
948 2079 1002 2121 in
1035 2093 1188 2132 quem
1220 2080 1691 2122 transfixerunffl.
1755 2079 1847 2120 Ex-

69 2144 207 2186 citant
237 2144 412 2186 interim
445 2145 655 2198 quosdam
690 2144 954 2187 dormientes
986 2144 1223 2187 catholicos
1246 2145 1485 2199 aduersarij
1520 2146 1705 2187 obscura
1736 2144 1848 2198 uigi-

68 2209 207 2252 lantia
239 2224 330 2260 sua,
365 2224 462 2251 cum
483 2209 589 2251 nihil
610 2210 876 2252 intentatum
898 2210 1161 2263 relinquant,
1196 2224 1279 2263 quo
1302 2210 1500 2265 personis
1521 2210 1848 2265 praestantibus

69 2277 114 2317 et
146 2274 289 2317 causis
311 2275 635 2318 Ecclesiasticis
667 2274 978 2330 praeiudicium
1011 2275 1214 2318 adferant
1246 2290 1296 2318 ac
1324 2276 1497 2319 eleuent
1519 2275 1845 2318 authoritatem.

192 2426 207 2441 ³
232 2421 310 2455 Hoc
334 2432 364 2455 v.
392 2425 422 2455 et
448 2423 470 2454 5
494 2432 566 2465 sqq.
594 2432 666 2455 non
691 2425 774 2454 sunt
800 2431 856 2464 ap.
888 2421 995 2463 Cypr.

190 2473 206 2494 ¹³
231 2475 290 2508 Ita
316 2485 395 2507 cum
426 2475 531 2518 Cypr.
560 2475 702 2508 correxi
727 2474 870 2517 curket„
898 2474 992 2517 quod
1016 2473 1117 2507 habet
1144 2473 1384 2508 aduersarius.

193 2610 201 2629 ¹
228 2609 270 2642 In
295 2608 386 2643 libro
418 2608 565 2652 „Wider
591 2608 647 2642 die
673 2606 761 2643 bssse
788 2607 960 2649 Siehen“;
992 2607 1034 2642 de
1061 2619 1130 2652 quo
1156 2607 1249 2649 vide,
1277 2619 1368 2652 quae
1395 2607 1461 2643 sub
1488 2608 1586 2653 ipsas
1611 2607 1678 2642 has
1704 2607 1847 2642 litteras

72 2661 247 2696 dicentur.

190 2715 203 2735 ²
229 2715 378 2757 Nescio,
404 2727 490 2749 num
518 2714 685 2750 Canisius
711 2715 893 2759 significet
918 2714 1058 2756 librum,
1086 2726 1192 2758 quem
1217 2717 1417 2760 posuerunt
1443 2717 1545 2758 Saliy
1569 2715 1592 2749 l.
1620 2726 1648 2749 c.
1674 2714 1734 2756 IlI,
1762 2714 1848 2748 647³

70 2769 107 2802 et
131 2769 282 2812 Preyer,
318 2768 461 2803 Flacius
487 2769 540 2810 II,
568 2769 656 2803 560:
697 2768 904 2810 „Confessio
931 2770 967 2801 et
1001 2767 1182 2802 sententia
1208 2768 1541 2812 Witebergensium
1576 2769 1619 2802 de
1645 2768 1757 2801 libero
1793 2779 1846 2801 ar-

68 2821 175 2855 bitrio
208 2821 350 2856 cuidam
377 2822 533 2856 Electori
569 2833 600 2856 a.
630 2821 731 2856 1561.
769 2821 930 2854 exhibita
965 2832 1036 2855 vna
1072 2832 1152 2855 cum
1185 2821 1336 2856 vtilibus
1371 2821 1519 2856 scholiis
1553 2821 1602 2855 M.
1629 2820 1680 2855 Fl.
1708 2820 1847 2866 Illyrici

70 2875 108 2908 et
132 2874 236 2909 Zach.
263 2874 440 2909 Praetorii
467 2903 474 2910 .
503 2875 626 2909 1561.“ι
681 2874 872 2908 Zacharias
907 2874 1049 2908 Breiter
1083 2874 1160 2909 sive
1186 2874 1394 2909 Praetorius
1422 2874 1690 2919 (1535—1575)
1727 2886 1845 2909 mans-

68 2927 256 2962 feldiensis
292 2930 328 2963 et
362 2928 486 2963 Islebii
522 2930 557 2962 et
592 2928 809 2962 Ratisbonae
844 2927 1123 2972 protestantium
1160 2928 1365 2963 ministrum
1405 2928 1490 2972 egit.
1538 2928 1591 2962 De
1630 2928 1707 2962 eius
1744 2927 1847 2962 libris

69 2981 235 3026 scripsit,
261 2983 405 3026 praeter
431 2981 539 3023 alios,
575 2982 704 3015 Heinr.
730 2982 835 3015 Wilh.
861 2982 1102 3025 cher-mund,
1139 2981 1378 3025 Fortsetzung
1404 2981 1476 3016 und
1503 2981 1766 3024 Erganzungen
1803 2993 1847 3015 zu

71 3034 204 3069 Christ.
232 3035 344 3070 Gottl.
373 3035 524 3069 Jochers
550 3034 802 3077 allgemeinem
829 3033 1178 3069 Gelehrten-Lexiko
1205 3035 1256 3070 VI
1285 3035 1453 3079 (Bremen
1482 3034 1610 3078 1819),
1644 3035 1844 3069 806—807.

191 3089 204 3109 ³
229 3088 309 3123 Act.
337 3088 368 3130 5,
394 3089 452 3122 41.
551 3089 564 3108 ⁴
591 3087 722 3122 Matth.
752 3088 804 3129 15,
834 3088 888 3122 14.
988 3089 1002 3108 ⁵
1028 3087 1081 3122 Cf.
1110 3088 1174 3122 Ex.
1203 3089 1234 3129 8,
1263 3088 1389 3122 3-14.

192 3142 206 3162 θ
231 3141 290 3175 Ps.
319 3142 351 3178 9,
379 3141 409 3175 7.
1150 3145 1152 3147 ’

193 3195 205 3215 ⁷
230 3195 278 3229 Io.
309 3195 363 3236 19,
390 3195 447 3229 37.
497 3193 599 3228 Zach.
629 3194 684 3233 12,
713 3194 766 3229 10.
