2093 3444
257 203 342 244 342
483 201 564 235 649.
598 199 806 245 Alphonsus
833 199 1017 234 Salmeron
1045 198 1197 233 Canisio.
1240 198 1353 233 Roma
1379 199 1435 233 27.
1462 198 1670 234 Decembris
1699 200 1799 234 1561.

254 317 411 372 perche
436 317 465 358 il
488 317 622 371 padre
644 316 869 359 Theodoro
893 316 1033 358 scriue
1056 316 1134 358 che
1156 329 1241 357 non
1265 329 1370 357 sono
1394 315 1525 358 molto
1553 316 1784 371 necessarij
1799 322 1825 368 ⁸,
1859 317 2025 360 benche

255 383 376 425 siano
409 382 517 426 utili.
568 382 626 424 Et
659 384 743 435 qua
775 396 860 423 11011
894 383 928 423 0’
953 384 975 423 e
1008 383 1132 424 tanto
1165 383 1324 434 tempo,
1359 394 1412 422 ne
1444 395 1627 435 persone
1660 382 1738 424 che
1769 381 1800 424 li
1832 382 2022 437 copijno3

255 451 299 491 et
330 447 579 501 bisognaria
600 448 734 490 molto
766 446 897 488 buoni
921 446 1069 488 denari
1086 447 1114 496 1,
1148 460 1250 500 pero
1274 446 1309 487 si
1333 448 1588 489 contentara
1611 460 1690 488 con
1713 447 1854 500 questi
1884 447 2026 490 setteb

255 513 433 567 capituli
467 513 544 555 che
576 513 683 554 hora.
715 512 751 554 si
783 512 1012 553 mandano.
1068 511 1230 561 Questa
1262 511 1421 554 lettera
1452 512 1495 553 la
1527 511 1830 554 comunichera
1861 512 1913 555 V.
1938 512 2025 555 Re-

254 579 451 620 uerentia
482 581 601 621 tutta
643 578 685 619 al
718 578 856 619 Padre
889 577 1128 619 Theodoro.
1193 576 1285 626 Qua
1318 576 1353 618 si
1385 576 1431 618 fa
1463 576 1635 631 copiare
1671 577 1715 619 la
1748 578 1795 620 82²
1826 577 1976 620 sinodo
1993 579 2024 629 2,

254 644 332 686 che
364 643 450 686 mai
492 645 514 685 0
556 646 675 686 stata
716 645 960 697 stampata:
1003 644 1047 684 et
1086 641 1275 684 anchora
1315 642 1358 684 la
1399 642 1548 684 sinodo
1591 642 1634 684 di
1673 656 1789 698 papa
1820 642 2024 694 Marffino,

254 708 331 751 che
374 711 395 751 0
437 708 665 751 Belissima
680 709 708 750 3.
772 708 906 749 Forse
951 706 1029 748 che
1070 706 1113 748 ui
1154 707 1189 748 si
1230 706 1454 761 potrianoc
1495 707 1703 750 mandare
1745 708 1947 750 accioche
1989 707 2025 750 si

253 777 553 828 stampasseno
595 773 773 815 insieme
816 787 895 814 con
937 775 1091 825 questa
1133 774 1179 814 3¹}
1221 775 1244 813 ὸ
1278 786 1380 814 uero
1422 772 1450 814 li
1493 772 1711 816 mandasti
1751 775 1778 815 a
1810 773 1940 826 quelli
1982 773 2025 815 di

253 839 429 881 Colonia
446 840 474 882 4.
528 839 638 881 Pero
671 838 852 892 quested
886 836 946 892 [P]
981 840 1003 879 0
1037 852 1093 879 1111
1126 837 1263 892 primo
1297 838 1481 892 parlare‚
1517 838 1583 880 001
1614 840 1760 892 tempo
1793 839 2025 880 uederemo

253 905 352 958 quel
385 904 463 946 che
496 918 596 946 sara
628 904 799 957 meglio,
834 906 877 945 et
909 903 1066 957 perche
1099 903 1210 945 delle
1243 903 1355 945 altre
1388 917 1486 945 cose
1519 903 1561 945 ui
1594 917 1694 946 sara
1727 903 1914 958 risposto
1946 917 2026 958 per

253 972 409 1023 questa
439 984 524 1011 non
558 969 652 1011 dico
676 970 788 1012 altro
822 983 868 1010 se
900 982 984 1010 non
1018 969 1095 1010 che
1118 969 1144 1010 il
1170 968 1351 1022 Signore
1373 968 1501 1010 ‚Jddio
1525 968 1595 1010 dia
1616 968 1659 1011 la
1691 969 1834 1011 buona
1855 982 2026 1024 pasqua

253 1037 298 1077 et
330 1035 442 1077 feste
475 1037 500 1077 a
533 1035 585 1077 V.
620 1034 882 1077 Reuerentia
915 1048 994 1076 con
1026 1034 1131 1077 tutti
1164 1034 1193 1075 li
1226 1033 1290 1075 sui
1324 1033 1499 1076 fratelli.
1543 1033 1596 1076 Di
1630 1034 1769 1076 Roma
1799 1033 1829 1075 li
1864 1035 1946 1077 27.
1982 1033 2024 1076 di

252 1101 492 1143 Decembre
528 1101 654 1142 1561.

253 1245 331 1279 ideo
358 1257 398 1279 ea
426 1257 494 1279 11011
521 1244 717 1285 mittimus,
751 1244 835 1288 quia
861 1247 963 1289 pater
989 1244 1196 1278 Theodorus
1230 1243 1291 1277 illa
1317 1243 1421 1277 utilia
1447 1243 1610 1287 quidem,
1647 1243 1709 1278 sed
1736 1256 1805 1278 non
1833 1243 1938 1278 valde
1964 1255 2023 1278 ne-

256 1299 413 1333 cessaria
449 1310 528 1333 esse
555 1298 709 1343 scripsit.
761 1297 829 1331 Hic
855 1299 974 1331 autem
1002 1309 1116 1341 neque
1151 1297 1242 1331 satis
1268 1296 1440 1341 temporis
1472 1308 1588 1340 neque
1614 1296 1776 1331 homines
1801 1297 1902 1332 nobis
1929 1299 2025 1339 sunt,

253 1352 313 1396 qui
350 1363 391 1386 ea
418 1352 681 1391 transcribant;
717 1363 757 1385 ac
786 1351 891 1385 valde
928 1362 1059 1394 magna
1086 1351 1237 1395 pecunia
1273 1361 1361 1395 opus
1397 1356 1452 1384 est
1467 1352 1487 1384 ¹.
1538 1350 1619 1395 Ipse
1646 1352 1767 1385 tamen
1793 1350 1849 1385 his
1884 1352 2023 1396 septem

254 1406 443 1451 capitibus,
463 1417 554 1450 quae
572 1416 666 1439 nunc
686 1405 888 1445 mittuntur,
908 1407 1097 1439 contentus
1117 1404 1194 1438 crit.
1222 1404 1349 1438 Totam
1370 1403 1480 1447 igitur
1498 1403 1590 1438 hanc
1609 1404 1802 1448 epistulam
1819 1404 2026 1439 reverentia

252 1461 375 1493 vestra
403 1471 482 1493 cum
510 1461 611 1503 patre
638 1458 821 1492 Theodoro
849 1457 1137 1492 communicabit.
1182 1457 1249 1491 Hic
1277 1460 1442 1491 octavam
1469 1457 1646 1502 synodum
1659 1457 1682 1498 ²,
1709 1469 1801 1501 quae
1828 1469 2023 1501 numquam

252 1524 387 1547 excusa
415 1515 487 1553 001,
516 1515 623 1556 atque
651 1513 760 1546 etiam
786 1512 963 1556 synodum
991 1511 1135 1545 Martini
1163 1511 1291 1546 summi
1319 1511 1517 1555 pontificis,
1545 1522 1637 1555 quae
1663 1511 1904 1556 pulcherrima
1931 1513 1987 1545 est
1999 1512 2024 1553 ³,

253 1566 546 1600 transcribendas
573 1577 750 1600 curamus.
796 1564 894 1606 Quae
921 1565 1078 1599 fortasse
1106 1565 1206 1598 vobis
1234 1565 1328 1598 mitti
1355 1566 1534 1609 poterunt,
1560 1566 1601 1598 ut
1626 1564 1686 1598 vel
1712 1575 1782 1598 una
1809 1576 1889 1599 cum
1915 1564 2025 1599 tertia

252 1620 323 1654 ista
358 1619 494 1664 synodo
530 1619 627 1664 typis
663 1618 934 1660 exscribantur,
972 1617 1030 1652 vel
1057 1630 1077 1652 a
1104 1618 1205 1652 vobis
1242 1617 1284 1651 ad
1313 1617 1543 1652 Colonienses
1575 1617 1800 1652 mittantur4.
1852 1619 2023 1653 Attamen

254 1673 344 1707 haec
370 1673 485 1718 prima
511 1672 685 1717 quaedam
723 1672 773 1706 rei
808 1672 1026 1716 significatio
1060 1674 1133 1712 est;
1172 1674 1332 1716 tempore
1368 1674 1488 1706 autem
1523 1671 1758 1716 procedente,
1794 1672 1880 1716 quid
1906 1672 2026 1716 magis

255 1726 434 1771 expediat,
462 1725 682 1767 videbimus;
710 1728 745 1760 et
765 1726 847 1770 quia
874 1726 916 1759 (10
942 1725 1090 1769 reliquis
1116 1725 1222 1759 rebus
1249 1725 1374 1759 alteris
1392 1724 1523 1758 litteris
1542 1724 1645 1759 vobis
1669 1725 1896 1767 rescribetur,
1924 1725 2024 1760 hisce

254 1780 351 1814 aliud
377 1792 445 1814 non
481 1779 559 1814 dico
593 1780 661 1813 nisi
696 1779 782 1814 hoc:
819 1780 992 1813 Dominus
1019 1779 1115 1813 Deus
1143 1778 1298 1819 efficiat,
1335 1782 1374 1812 ut
1400 1778 1475 1812 dies
1502 1780 1586 1812 nato
1614 1777 1868 1813 Christo'festi
1895 1781 1931 1814 et
1955 1779 2025 1814 sol·

252 1833 385 1867 lemnia
411 1833 481 1867 ista
509 1836 545 1867 et
570 1833 795 1867 reverentiae
820 1836 963 1867 vestrae
991 1836 1026 1866 et
1053 1832 1216 1866 omnibus
1243 1832 1356 1877 ipsius
1382 1831 1556 1866 fratribus
1580 1831 1655 1866 sint
1679 1831 1866 1867 salutaria.
1910 1832 2027 1867 Roma

252 1887 310 1921 27.
336 1886 545 1922 Decembris
575 1887 675 1921 1561.

371 1970 482 2006 Nota:
519 1971 705 2016 Epistulae
733 1971 874 2015 quidem
902 1970 1004 2012 huic,
1041 1982 1060 2004 a
1087 1982 1156 2015 quo
1183 1970 1267 2004 data
1294 1970 1360 2009 sit,
1393 1970 1602 2004 adnotatum
1628 1981 1697 2004 non
1724 1971 1799 2011 est;
1835 1971 1872 2004 at
1898 1981 1976 2004 eam
2003 1981 2025 2004 a

252 2024 458 2059 Salmerone
485 2024 604 2059 datam
632 2036 722 2066 0000,
749 2028 785 2058 et
812 2036 857 2058 ex
884 2036 933 2065 eo,
962 2024 1054 2069 quod
1081 2024 1116 2058 in
1144 2023 1326 2058 codicibus
1352 2034 1461 2068 supra
1486 2022 1694 2057 memoratis
1719 2022 1778 2057 vel
1803 2023 2023 2068 transcripta

251 2078 310 2112 vel
336 2081 459 2113 notata
486 2079 644 2113 cernitur
673 2078 839 2122 (uterque
867 2078 1056 2123 epistulas.
1084 2089 1174 2122 quas
1200 2077 1356 2122 supremi
1384 2076 1574 2111 Societatis
1600 2076 1844 2110 moderatores
1870 2076 1929 2110 vel
1954 2076 2023 2122 ipsi

250 2132 310 2166 vel
328 2144 390 2177 per
407 2132 621 2166 secretarios
639 2132 870 2177 scripserunt,
898 2131 1084 2174 continet),
1111 2134 1145 2165 et
1164 2131 1320 2165 maxime
1346 2142 1390 2164 ex
1409 2142 1450 2164 οο
1468 2129 1699 2174 intellegitur,
1726 2130 1819 2174 quod
1838 2129 2023 2164 Salmeron

251 2186 422 2220 Actorum
458 2185 706 2230 ephesinorum
744 2197 824 2219 cum
851 2185 971 2219 codice
999 2185 1165 2219 vaticano
1201 2183 1495 2218 conferendorum
1521 2183 1680 2218 laborem
1706 2183 1783 2228 ipse
1818 2183 1852 2217 in
1880 2195 1919 2218 se
1945 2194 2022 2218 sus-

251 2241 414 2284 cepe1·at;
442 2239 525 2273 vide
551 2250 660 2284 supra
685 2251 718 2284 p.
747 2239 825 2273 323.

370 2292 561 2333 Peltanus,
595 2292 834 2326 monumentis
861 2291 1059 2332 vaticanis,
1095 2302 1186 2336 quae
1213 2291 1343 2336 partim
1376 2301 1456 2324 cum
1482 2289 1538 2324 his
1570 2289 1722 2331 litteris,
1757 2289 1888 2334 partim
1915 2289 2023 2334 paulo

251 2348 334 2380 ante
370 2346 482 2379 Roma
520 2346 564 2379 ad
601 2345 783 2379 Canisium
822 2345 932 2379 missa
971 2346 1092 2386 erant,
1131 2343 1293 2386 adiutus,
1332 2343 1476 2378 tandem
1522 2354 1552 2378 a.
1588 2343 1678 2377 1576
1717 2342 1828 2377 edidit
1867 2342 2022 2377 librum:

410 2472 443 2502 A
470 2470 549 2502 libr.
579 2471 653 2512 ipso
680 2473 874 2502 correctum
900 2479 942 2501 ex
968 2467 1181 2501 necessarie.

369 2522 384 2542 ¹³
411 2523 444 2556 A
471 2523 550 2555 libr.
579 2525 653 2566 ipso
680 2526 876 2555 correctum
902 2532 945 2554 ex
970 2521 1067 2554 setti.

373 2582 384 2595 ⁶
410 2575 527 2620 potria
553 2587 634 2619 ap.;
669 2577 762 2619 quod
786 2576 837 2609 sic
863 2574 1112 2617 corriyendum
1138 2584 1207 2607 esse
1234 2575 1376 2607 omnino
1411 2573 1561 2616 videtur,
1596 2573 1683 2616 quia
1716 2573 1877 2616 sequitur
1911 2573 2022 2605 stam-

251 2639 404 2674 passeno
431 2634 490 2663 etc.
588 2629 602 2649 ‘¹
631 2629 689 2663 Sic
715 2640 796 2672 ap.;
819 2629 879 2661 sed
904 2628 1087 2671 Zeyemlum
1115 2628 1252 2660 videtur
1278 2628 1417 2671 questo.

375 2753 383 2772 ¹
410 2751 446 2786 Si
473 2753 622 2785 externo
647 2750 792 2785 librario
819 2750 863 2784 ad
890 2761 932 2784 ea
958 2749 1231 2784 transcribenda
1256 2749 1309 2783 uti
1334 2748 1521 2788 volumus;
1549 2747 1595 2782 cf.
1622 2758 1730 2792 supra
1757 2759 1790 2792 p.
1819 2747 1885 2781 152
1896 2747 1918 2781 ⁵.
1939 2746 2019 2781 293.

370 2804 384 2825 ²
409 2803 649 2839 Oecumenica
682 2804 772 2838 haec
806 2803 966 2848 synodus
992 2815 1024 2837 a.
1050 2803 1138 2845 869,
1175 2802 1358 2837 Hadriano
1385 2801 1428 2836 II.
1459 2812 1599 2836 summo
1624 2799 1812 2846 pontifice,
1849 2799 2021 2834 Constan-

249 2857 399 2903 tinopoli
425 2857 602 2892 adversus
628 2856 795 2891 Photium
822 2856 945 2891 habita
971 2859 1037 2891 est.

371 2912 384 2932 ³
411 2911 609 2945 Concilium
634 2910 702 2945 hoc
728 2922 748 2944 a
770 2911 806 2945 C.
825 2911 862 2944 J.
889 2912 930 2944 de
949 2911 1070 2953 Hefele
1095 2912 1246 2944 vocatur
1276 2908 1375 2954 „jene
1401 2907 1589 2942 beriihmte
1615 2906 1768 2952 Synode,
1795 2906 1852 2940 die
1877 2917 1923 2940 an
1948 2905 2019 2940 An-

251 2964 363 2999 sehen
389 2965 457 2998 den
482 2963 765 2998 &kumenischen
789 2963 883 2997 nahe
909 2963 1060 2998 stehend
1087 2974 1145 2997 am
1171 2963 1204 2997 5.
1231 2962 1387 2996 October
1413 2961 1481 2996 649
1510 2988 1517 2995 .
1545 2987 1552 2994 .
1580 2987 1587 2994 .
1614 2959 1663 2994 im
1689 2959 1845 2994 Lateran
1870 2959 2023 2993 eroffnet

252 3019 418 3052 wurde“:
446 3016 842 3061 Conciliengeschichte
860 3017 912 3050 III
941 3017 988 3060 (2.
1007 3016 1114 3057 Aufl„
1141 3015 1316 3059 Freiburg
1341 3015 1362 3049 i.
1382 3015 1440 3049 ΒΓ.
1462 3013 1581 3057 1877),
1608 3012 1687 3048 213.
1723 3012 1822 3055 Quae
1847 3011 2019 3057 synodus,

251 3083 273 3105 a
299 3071 332 3106 S.
358 3070 515 3105 Martino
539 3071 564 3105 Ι.
592 3082 731 3105 0111111110
757 3069 926 3115 pontifice
952 3069 1127 3104 adversus
1152 3067 1417 3103 Monotheletas
1444 3068 1577 3108 coacta,
1604 3066 1650 3102 20
1680 3065 1912 3108 „canonibus“
1943 3064 2020 3099 uni·

252 3135 395 3158 versam
422 3123 595 3158 ecclesiae
623 3123 665 3157 de
692 3123 835 3158 Christo
863 3122 1061 3157 doctrinam
1087 3133 1211 3167 presse
1237 3121 1432 3167 proposuit.

371 3178 384 3197 ⁴
411 3176 505 3211 Socii
531 3176 753 3211 colonienses
778 3187 911 3210 novam
937 3176 1167 3210 conciliorum
1195 3174 1386 3209 editionem
1412 3172 1608 3219 parabant3
1634 3171 1717 3206 vide
1742 3182 1851 3216 supra
1876 3182 1910 3215 p.
1937 3169 2018 3205 242.
