2093 3444
128 180 208 214 552.
236 178 373 222 Wolfg.
401 178 534 213 Theod.
562 179 606 213 ab
634 178 774 213 Hutten
801 178 955 213 Canisio.
996 175 1183 222 Herbipoli
1209 178 1293 210 ante
1319 175 1412 210 med.
1439 175 1575 209 Maium
1605 176 1706 210 1561.
1754 178 1833 218 137

59 295 188 337 triduo,
216 307 396 330 summum
424 296 625 339 quatriduo,
654 295 820 330 Latinam
848 307 869 329 a
893 307 950 329 me
977 295 1132 336 factam,
1169 294 1213 328 ad
1240 293 1376 327 Ducem
1402 292 1592 326 Albertum
1619 292 1710 333 misi,
1748 291 1838 325 arbi—

58 351 196 390 tratus,
232 351 269 383 et
294 360 351 383 me
377 349 485 383 fidem
511 349 706 391 liberasse,
743 352 780 383 et
805 349 907 383 illum
942 348 1014 383 iam
1049 348 1107 382 his
1133 349 1341 382 contentum
1368 347 1456 380 fore.
1507 346 1839 383 Verumenimuero,

58 402 120 437 ille
146 402 252 436 huius
279 402 485 448 Synopseos
510 402 664 437 lectione
692 403 932 437 ardentiorem
959 402 1059 436 sitim
1095 401 1259 445 collegit,
1295 399 1493 443 maiorique
1532 401 1676 433 caetera
1711 410 1838 441 cogno-

59 456 183 490 scendi
209 456 407 501 cupiditate
434 456 597 497 affectus,
624 457 791 500 sequenti
825 456 906 490 luce
932 455 1020 489 mihi
1046 454 1246 489 renuntiari
1272 453 1397 488 iussit:
1434 452 1637 486 desiderare
1664 464 1703 486 se
1730 452 1839 486 etiam

60 511 169 553 atque
196 510 315 551 etiam,
342 510 459 544 totum
484 509 616 543 librum
643 521 664 543 a
690 522 746 543 me
772 509 953 544 latinitate
980 508 1115 543 donari.
1151 508 1228 552 Ego
1246 519 1332 541 vero
1359 518 1448 541 onus
1474 506 1602 550 ingens
1629 508 1665 539 et
1691 506 1840 539 laborio-

60 563 255 604 sissimum,
283 565 329 604 et,
356 565 397 597 vt
419 562 531 597 Poeta
558 563 665 603 canit,
692 563 916 608 periculosae
942 562 1088 607 plenum
1115 561 1225 601 aleae,
1253 560 1472 595 detrectaui:
1500 562 1536 593 et
1561 559 1673 593 bonas
1692 559 1841 602 aliquot,

64 628 128 650 cur
155 617 414 658 detrectarem,
452 628 581 651 causas
608 617 770 661 exposui.
823 616 1014 650 Caeterum
1043 627 1123 650 cum
1150 615 1270 649 Aulioi
1296 614 1475 659 Principis
1510 613 1653 647 nomine
1688 612 1839 654 vrgendi

62 669 169 704 finem
196 682 266 704 non
292 670 475 705 facerent:
514 670 702 714 nostrique
728 670 876 712 Patres,
915 682 959 704 ne
986 669 1162 714 pertinaci
1189 668 1250 702 illo
1281 667 1505 702 detrectandi
1543 666 1684 707 studio,
1723 666 1840 700 iustae

61 723 213 758 alicuius
241 723 448 758 offensionis
475 724 701 758 occasionem
721 724 880 758 Patrono
907 723 1040 768 optime
1068 723 1111 756 de
1137 722 1239 756 nobis
1266 721 1392 755 merito
1419 721 1512 754 forte
1539 720 1714 759 offerrem,
1743 731 1842 753 vere-

62 778 196 819 rentur,
223 777 318 811 serio
344 776 432 811 mihi
459 779 729 822 praeceperunt,
757 779 798 811 vt
825 776 972 811 coelesti
999 776 1134 810 auxilio
1160 776 1276 809 fretus
1303 775 1347 809 ad
1364 786 1441 809 rem
1460 774 1610 818 aggredi
1628 773 1717 807 nihil
1744 773 1843 807 dubi—

61 831 194 864 tarem:
231 842 312 865 sese
350 842 473 865 omnes
513 831 786 865 commoditates
826 842 1079 871 concessuros,
1117 832 1332 873 acturosque
1369 840 1449 862 cum
1487 828 1653 868 Alberto,
1692 839 1736 860 ne
1771 829 1842 860 tra-

62 883 151 917 latio
170 883 247 928 [sie]
273 896 354 919 mea
376 884 476 930 typis
496 885 673 929 impressa
691 884 952 928 diuulgaretur,
979 884 1041 917 sed
1061 883 1244 928 descripta
1262 883 1450 923 duntaxat,
1477 882 1513 915 in
1532 881 1609 915 eius
1626 880 1843 914 bibliotheca

63 940 332 980 asseruaretur,
368 950 413 972 ne
439 937 540 972 illam
567 938 655 972 dens
681 937 888 971 Theoninus
916 937 1110 971 arroderet.
1161 936 1245 970 Sola
1279 936 1401 980 itaque
1427 935 1693 969 obsecundandi
1719 933 1843 968 volun-

62 992 139 1024 tate
166 993 375 1034 commotus,
402 994 505 1026 tanta
532 991 760 1026 contentione
787 991 954 1036 imposito
980 990 1121 1024 muneri
1147 990 1302 1031 incubui,
1329 991 1370 1023 vt
1396 989 1505 1023 trium
1523 988 1700 1022 mensium
1727 987 1844 1032 spatio

64 1045 179 1078 toturn
207 1057 296 1090 opus
322 1045 450 1079 Latine
476 1046 693 1079 reddere1n.“

185 1110 333 1145 Lainius
360 1111 504 1145 Canisio
530 1123 595 1156 per
621 1110 819 1145 Polancum
844 1109 977 1155 partim
1006 1110 1071 1152 17„
1098 1109 1229 1154 partim
1257 1108 1313 1144 24.
1339 1108 1427 1142 Maii
1453 1107 1652 1152 rescripsit.

891 1226 1023 1269 552.

175 1321 689 1367 WGLFGANGUS
723 1318 1250 1364 THEOBORICUS
1283 1319 1385 1360 AB
1419 1318 1734 1370 HUTTEN,

289 1405 457 1446 decanus,
485 1406 521 1438 et
545 1406 663 1438 totum
691 1403 891 1448 capitulum
918 1401 1138 1437 cathedralis
1165 1400 1340 1435 ecclesiae
1366 1399 1630 1445 herbipolensis

818 1483 1095 1532 OANISIO.

353 1587 544 1635 Herbipoli
569 1589 656 1624 ante
682 1586 840 1623 medium
866 1598 911 1623 m.
939 1586 1072 1623 Maium
1099 1585 1213 1630 (inter
1240 1584 1272 1621 3.
1300 1585 1337 1620 et
1362 1583 1447 1630 11.?)
1474 1583 1560 1619 1561.

188 1673 244 1707 Ex
270 1673 400 1716 W‘egyele
425 1672 449 1707 1.
477 1684 505 1706 c.
534 1672 559 1714 I,
589 1671 684 1706 109².

190 1745 375 1779 Societatz's
400 1745 576 1778 hominem
596 1747 735 1787 petunt,
763 1744 825 1787 qui
849 1744 889 1776 in
915 1742 1114 1775 cathedrali
1139 1741 1265 1784 templo
1292 1741 1568 1774 contionatorem
1594 1743 1687 1783 ayat.

189 1829 241 1870 In
273 1827 380 1870 libro
412 1826 564 1879 (manu
596 1826 771 1880 scripto)
805 1830 993 1866 aetorum
1035 1824 1294 1866 cathedralis
1335 1823 1511 1878 capituli
1545 1822 1848 1877 herbipolensis

71 1896 123 1936 de
163 1898 361 1936 conventu
395 1894 465 1935 11.
499 1892 612 1934 Maii
646 1892 760 1933 1561
795 1891 935 1932 habito
977 1894 1166 1931 notatam
1205 1894 1287 1930 est:
1331 1888 1420 1942 „Ist
1458 1887 1537 1941 fiir
1577 1892 1740 1929 ratsam
1773 1901 1848 1928 cm-

66 1960 242 2016 9e8ehen
275 1959 457 2012 worden,
492 1958 654 1999 dieweil
686 1957 782 1998 selm-
811 1956 926 2010 feine
955 1957 1106 2010 {solerte
1137 1956 1243 1997 lente
1273 1955 1332 1995 im
1364 1953 1552 1995 Jesuiter
1583 1953 1729 2003 orden,
1771 1952 1852 1993 das

72 2027 164 2068 dem
192 2024 530 2080 Thumprediqer
550 2038 605 2064 zu
627 2022 887 2078 Auyspurylc
909 2021 1057 2062 Herrn
1079 2020 1242 2062 Doletor
1264 2020 1389 2061 Petro
1414 2019 1586 2060 Canisio
1614 2018 1851 2060 darumben

68 2090 333 2147 qesehrieben
367 2090 513 2142 ward,
556 2088 602 2129 ob
638 2103 683 2130 er
716 2089 835 2129 einen
869 2087 1013 2128 kicher
1046 2085 1272 2139 befordern
1310 2085 1454 2127 mocht.
1518 2084 1580 2125 Jst
1607 2083 1853 2138 yeschrihen

71 2153 254 2199 worden.
299 2155 574 2210 Derylec'eheu
605 2154 680 2195 hat
710 2155 769 2195 im
800 2166 931 2194 unser
960 2152 1162 2207 ynedt'gyer
1184 2151 1301 2192 Herr
1333 2164 1410 2191 von
1439 2149 1712 2204 PVc‘rtzburylc
1745 2148 1850 2190 auch

73 2221 288 2265 schreiben
320 2219 502 2263 lassen.“

196 2303 249 2338 Cf.
276 2314 387 2348 supra
412 2314 446 2348 p.
477 2301 673 2336 126—128.
726 2299 898 2340 Societas,
926 2309 1016 2342 quae
1043 2297 1242 2343 capitulum
1267 2296 1423 2342 petebat,
1450 2295 1570 2330 facere
1596 2297 1683 2329 tunc
1709 2294 1853 2339 quidem

74 2357 118 2391 ob
144 2356 330 2391 hominum
355 2355 544 2401 penuriam
569 2366 639 2388 non
666 2353 784 2398 potuit
812 2352 958 2396 (Weyele
983 2351 1007 2385 1.
1034 2363 1062 2385 c.
1091 2351 1116 2391 Ι,
1147 2349 1243 2394 109).

900 2474 1031 2517 553.

494 2571 557 2613 P.
589 2568 912 2613 IOANNES
945 2568 1044 2610 DE
1078 2564 1441 2618 POLANCO,

687 2649 905 2686 secretarius
932 2648 1124 2684 Societatis
1149 2648 1243 2689 Iesu,

426 2735 599 2777 nomine
631 2734 778 2777 Iacobi
809 2733 962 2782 Lainii,
995 2731 1236 2787 praepositi
1268 2729 1500 2785 generalis,

831 2826 1106 2875 CANISIO.

761 2931 874 2967 Roma
899 2929 949 2967 10.
975 2928 1061 2966 Maii
1086 2928 1173 2966 1561.

203 3017 259 3051 Ex
276 3015 484 3061 apographo
506 3014 569 3058 (A)
590 3014 749 3048 eiusdem
768 3013 952 3058 temporis,
979 3012 1113 3046 Romae
1142 3010 1204 3055 (ex
1222 3009 1430 3054 archetypo,
1456 3009 1497 3042 ut
1515 3005 1674 3050 videtur)
1704 3005 1858 3050 script0;

84 3071 121 3106 in
145 3070 328 3114 margine:
359 3070 545 3113 „Augusta
571 3068 687 3102 Padre
715 3066 913 3101 Canissio“.
965 3065 1050 3100 Cod.
1080 3064 1221 3108 „Germ
1251 3063 1362 3097 1559*
1392 3062 1417 3096 f.
1445 3061 1525 3096 333.

205 3123 426 3158 Particulam
453 3121 629 3167 epistulae
657 3120 776 3165 (‚,Non
801 3120 840 3154 fu
865 3119 970 3154 uero“
1003 3138 1046 3142 -—
1078 3118 1166 3161 ,300
1193 3116 1316 3160 anni“)
1345 3115 1385 3150 P.
1412 3115 1605 3149 Hurtadus
1630 3114 1740 3147 Perea
1765 3112 1801 3147 S.
1825 3112 1859 3147 J.

85 3178 274 3222 Augustae
292 3189 338 3211 ex
356 3176 553 3221 archetypo
571 3173 803 3219 transcripsit
828 3175 864 3208 et
882 3173 934 3207 sic
951 3171 1156 3217 inscripsit:
1187 3170 1264 3213 „Ex
1280 3169 1415 3204 litteris
1434 3168 1486 3203 .P.
1506 3166 1655 3202 Polanci
1673 3166 1729 3200 26.
1748 3165 1856 3211 Maij‘
