2093 3444
239 167 322 207 684
468 164 623 197 Menum.
653 162 980 206 (ingolstadiensia)
1010 165 1090 199 ⁶294.
1121 164 1234 207 (Inter
1262 165 1291 199 7.
1320 167 1355 199 et
1384 166 1436 199 17.
1464 166 1619 200 Ianuarii
1649 166 1764 209 1562.)

236 279 543 322 Vniuersitatis
566 280 742 333 grandis
765 294 867 321 arca
900 280 1056 330 ferrea,
1090 280 1134 322 in
1167 295 1251 334 qua
1273 282 1470 336 supellex
1492 286 1535 326 et
1558 286 1812 326 ornamenta
1845 284 1998 327 altaris

235 348 515 387 asseruentur
549 380 556 388 .
592 344 730 386 Huius
753 347 897 387 autem
921 345 1033 386 sacri
1056 345 1138 387 loci
1160 346 1376 400 possessio
1399 361 1423 389 a
1447 348 1606 390 nostris
1629 350 1807 402 accepta
1829 348 1998 392 initium

234 410 405 460 habuit,
450 409 619 462 quando
661 424 798 464 nuper
837 410 881 451 in
922 410 989 452 die
1031 411 1144 453 festo
1176 411 1538 454 Annunciationis
1580 413 1772 466 Virginis
1814 415 1998 457 matris1

234 475 370 517 nostri
415 475 574 517 fratres
618 474 675 516 ibi
719 474 967 517 venerabile
1012 475 1169 518 Christi
1218 490 1374 531 corpus
1418 481 1666 531 spectante,
1716 493 1766 520 ac
1813 478 1999 522 mirante

233 540 391 594 populo
424 542 723 594 perceperunt.
788 539 974 581 Dubium
1005 555 1091 582 non
1124 543 1191 583 est
1224 541 1325 594 quin
1356 541 1473 584 istud
1503 543 1719 596 publicum
1754 544 1998 598 exemplum

233 605 490 659 plaerosque
524 605 761 647 Germanos
801 618 879 659 per
909 605 991 647 Dei
1032 606 1220 659 gratiam
1262 607 1316 648 ad
1349 606 1621 660 frequentem
1659 609 2000 651 communionem

233 670 457 724 pertrahet
480 669 651 712 etiamsi
672 683 878 724 peruersa
901 670 1091 724 alioquin
1114 671 1380 713 consuetudo
1407 672 1791 726 refrigescente
1823 673 2000 716 nimium

235 735 551 778 charitate2
583 735 779 776 omnibus
811 749 921 788 pene
954 736 1136 779 suadeat
1169 737 1289 778 velut
1330 736 1455 779 nefas
1496 737 1669 791 saepius
1707 752 1834 791 quam
1867 739 2001 781 semel

234 800 465 853 quotannis
488 800 789 842 Eucharistiae
821 804 1141 844 sacramentum
1175 816 1356 845 sumere.
1401 802 1566 844 Deinde
1599 802 1864 846 authoritate
1889 804 2000 846 Jllu-

233 865 435 908 strissimi
476 865 686 919 Principis
728 865 943 908 sancitum
986 869 1074 917 est,
1117 870 1166 909 vt
1206 866 1344 909 nostri
1385 867 1621 921 gratuitam
1665 868 1708 909 in
1749 868 1914 911 artibus
1957 872 2000 912 et

234 930 470 984 Theologia
511 930 826 985 promotionem
868 930 1186 985 adipiscantur,
1230 931 1291 974 sic
1332 935 1479 974 tamen
1517 935 1566 975 vt
1606 933 1925 987 promotoribus
1957 937 2001 976 et

233 996 442 1038 ministris
475 996 689 1038 dictarum
721 996 982 1039 facultatum
1023 1011 1102 1038 sua
1143 996 1239 1039 iura
1272 1000 1316 1040 et
1357 997 1572 1052 stipendia
1606 1012 1661 1040 ex
1693 999 1861 1041 aerario
1893 999 2001 1041 Vni-

233 1061 456 1103 uersitatis
488 1061 839 1115 persoluantur3.
903 1061 1129 1104 Postremo
1170 1062 1450 1116 impetratum
1489 1065 1556 1105 est
1588 1066 1638 1105 vt
1669 1077 1797 1105 areae
1830 1063 1999 1118 collegij

234 1130 277 1169 et
310 1127 554 1168 scholarum
586 1128 833 1170 nostrarum
867 1126 1081 1181 lapidibus
1114 1130 1367 1171 sternantur
1399 1131 1443 1171 et
1476 1128 1672 1170 cubicula
1705 1129 1926 1183 complura
1957 1129 2001 1170 in

233 1192 453 1246 superiore
491 1194 616 1246 parte
657 1194 833 1234 nostrae
865 1191 1147 1235 habitationis
1188 1193 1348 1246 partim
1389 1196 1712 1244 restaurentur,
1755 1193 1916 1248 partim
1949 1194 2001 1236 de

231 1257 402 1311 integro
445 1260 773 1307 construantur,
818 1271 927 1310 quae
968 1271 1039 1299 res
1080 1272 1165 1299 non
1197 1258 1335 1299 solum
1378 1272 1426 1300 eo
1466 1261 1659 1313 spectat,
1703 1262 1751 1301 vt
1793 1258 1915 1301 nobis
1957 1261 2001 1301 et

231 1322 473 1377 hospitibus
505 1321 631 1376 (quos
653 1322 734 1364 hac
756 1325 1036 1364 transeuntes
1069 1323 1219 1364 crebro
1243 1322 1517 1377 suscipimus)
1548 1323 1600 1365 de
1622 1324 1865 1366 huiusmodi
1896 1323 2001 1366 locis

233 1388 497 1430 commodius
538 1387 594 1431 sit
631 1389 909 1442 prospectum
944 1387 1232 1430 verumetiam
1273 1389 1554 1442 propagando
1596 1389 1781 1432 fratrum
1823 1403 2000 1431 numero

231 1454 310 1495 fiat
351 1453 563 1507 quaedam
604 1452 895 1507 praeparatio.
967 1452 1083 1494 Nam
1128 1453 1180 1494 de
1225 1453 1448 1496 dotatione
1488 1453 1641 1496 horum
1682 1453 2001 1507 Collegiorum4

232 1518 438 1572 Princeps
469 1520 619 1561 noster
651 1532 747 1559 cum
779 1517 868 1559 suis
901 1517 1166 1572 Consiliarijs
1198 1518 1310 1560 serio
1346 1518 1533 1572 cogitat,
1578 1533 1705 1572 quam
1738 1519 1801 1562 ita
1832 1519 2001 1573 magni-

231 1585 358 1625 ficam
381 1597 617 1638 speramUS,
653 1586 701 1626 vt
723 1584 766 1624 in
789 1583 868 1624 hoc
891 1583 1150 1638 praesertim
1173 1583 1363 1637 Collegio
1385 1587 1563 1638 propter
1585 1585 1789 1637 generale
1811 1584 2000 1627 studium

231 1649 367 1691 multo
400 1649 545 1703 plures
568 1648 655 1691 sint
687 1648 842 1692 alendi.
870 1684 877 1691 .
904 1684 912 1690 .
939 1684 946 1691 .
992 1648 1101 1698 Quin
1134 1648 1267 1691 etiam
1288 1649 1403 1691 iussu
1428 1649 1640 1704 Principis
1663 1664 1759 1691 cum
1781 1650 1827 1692 P.
1851 1653 1999 1692 nostro

231 1713 492 1756 Prouinciali
524 1716 771 1757 tractarunt
794 1713 1034 1768 Consiliarij
1069 1714 1121 1756 de
1153 1714 1344 1768 Collegio
1368 1714 1660 1768 Strabingae5
1692 1714 1896 1768 erigendo
1921 1749 1929 1758 .
1956 1751 1963 1758 .
1990 1750 1998 1758 .

234 1778 481 1834 [Princeps]
524 1780 748 1834 praeclare
788 1778 961 1821 interim
994 1793 1140 1821 secum
1172 1779 1242 1833 agi
1284 1782 1483 1834 putaret,
1525 1780 1560 1821 si
1601 1783 1694 1823 tum
1730 1780 1773 1821 in
1805 1779 1892 1822 iam
1923 1795 2001 1822 no-

231 1844 397 1887 minata
430 1844 609 1888 ciuitate
650 1847 742 1886 tum
783 1844 827 1886 in
859 1844 956 1898 alijs
989 1844 1244 1897 quibusdam
1285 1844 1365 1887 sibi
1403 1844 1608 1887 subiectis
1641 1845 1808 1900 oppidis
1840 1859 2001 1899 paucos

232 1910 389 1952 saltem
422 1909 643 1964 operarios
675 1912 851 1952 nostrae
886 1909 1116 1952 Societatis
1148 1909 1287 1964 possit
1318 1910 1492 1954 habere.
1540 1910 1768 1953 Caeterum
1801 1910 1913 1964 quod
1946 1910 2000 1952 ad

233 1975 403 2017 Clerum
445 1978 489 2018 et
529 1975 757 2029 religiosos
788 1975 914 2017 huius
957 1975 1148 2018 ciuitatis
1189 1975 1370 2027 attinet,
1414 1975 1574 2030 optime
1606 1975 1719 2027 (laus
1753 1975 1831 2018 deo
1864 1975 2001 2018 omni-

232 2040 418 2095 potenti)
450 2040 573 2082 nobis
606 2043 706 2082 sunt
729 2054 877 2082 omnes
909 2054 1021 2082 nunc
1044 2040 1274 2092 conciliati,
1308 2041 1422 2083 Nam
1445 2043 1629 2094 vterque
1650 2043 1802 2095 pastor
1827 2044 1999 2095 patrum

232 2108 479 2148 nostrorum
520 2109 652 2159 atque
694 2106 800 2148 adeo
842 2109 1020 2149 nostrae
1062 2105 1292 2149 Societatis
1336 2120 1382 2148 se
1426 2120 1655 2160 syncerum
1700 2105 1885 2148 amicum
1927 2105 2001 2147 de-

233 2171 385 2222 clarat,
420 2174 464 2214 et
496 2171 634 2213 multa
664 2170 873 2213 beneficia
905 2185 931 2213 a
963 2171 1123 2213 nostris
1155 2170 1352 2225 patribus
1384 2174 1476 2214 tum
1509 2171 1577 2213 1110
1609 2173 1701 2213 tum
1725 2171 1921 2213 Viennae
1954 2183 2000 2212 se

232 2236 452 2290 accepisse
483 2236 670 2279 libenter
701 2236 867 2279 fatetur
880 2237 909 2279 6.
935 2272 943 2279 .
970 2271 978 2279 .
1004 2271 1011 2280 .
1060 2236 1206 2290 Redijt
1239 2236 1476 2290 Collegium
1508 2239 1704 2279 nostrum
1736 2235 1779 2277 in
1811 2234 2000 2288 gratiam

233 2315 329 2343 cum
362 2300 557 2355 patribus
589 2301 891 2344 Franciscanis
933 2301 1005 2355 qui
1046 2301 1191 2343 nescio
1235 2301 1287 2343 ob
1327 2315 1435 2355 quas
1476 2301 1737 2355 suspitiones
1779 2304 1824 2344 et
1865 2300 1999 2343 falsas

234 2366 473 2409 delationes
505 2381 591 2409 non
623 2380 719 2409 sese
751 2367 813 2410 ita
846 2366 1057 2420 benignos
1088 2366 1349 2408 videbantur
1380 2366 1541 2408 nostris
1574 2366 1791 2408 exhibere.

357 2503 366 2522 ¹
391 2502 448 2536 25.
474 2502 607 2537 Martii.
753 2503 766 2523 ²
792 2502 922 2537 Matth.
950 2503 1004 2543 24,
1035 2503 1088 2537 12.

353 2556 366 2575 3
392 2556 423 2589 Α
449 2558 576 2590 senatu
602 2555 853 2590 universitatis
882 2557 935 2590 12.
963 2556 1121 2590 Ianuarii
1148 2556 1239 2590 1562
1269 2555 1320 2590 ita
1355 2556 1537 2590 decretum
1574 2566 1653 2589 esse
1688 2553 1845 2588 ostendit
1871 2554 2000 2588 Prantl

234 2608 256 2642 l.
284 2619 313 2643 0.
341 2608 366 2649 Ι,
392 2608 473 2643 228.
521 2608 588 2650 Qui
614 2612 735 2643 tamen
761 2609 879 2643 minus
905 2612 1003 2643 recte
1030 2609 1197 2650 affirmat,
1229 2609 1307 2651 „fiir
1333 2609 1389 2643 die
1415 2609 1586 2652 Zoglinge
1613 2609 1675 2642 des
1701 2606 1997 2642 Jesuiten-Colle-

234 2662 371 2705 giums‘
402 2662 436 2696 id
464 2673 672 2696 concessum
699 2674 796 2703 esse;
824 2674 907 2696 nam
932 2662 976 2696 iis
1003 2664 1154 2703 tantum,
1182 2662 1243 2706 qui
1270 2663 1311 2696 de
1339 2661 1517 2696 Societate
1543 2663 1676 2703 essent,
1703 2671 1912 2696 eoncessum
1931 2662 1997 2694 est.

352 2716 365 2735 4
391 2715 690 2759 Ingolstadiensis
717 2718 753 2750 et
778 2715 1014 2750 monacensis.
1144 2716 1157 2736 ⁵
1183 2715 1396 2759 Straubing;
1424 2715 1507 2749 vide
1533 2726 1642 2760 supra
1667 2726 1701 2759 p.
1729 2714 1808 2748 364.
1836 2713 1904 2748 385
1931 2715 1998 2746 etc.

354 2769 366 2789 ⁶
392 2768 571 2803 Martinus
600 2769 822 2813 Eisengrein‚
850 2769 1110 2812 stugartianus,
1135 2780 1247 2814 nepos
1273 2770 1351 2803 erat
1376 2768 1495 2803 Iacobi
1521 2768 1627 2802 Ionae
1656 2768 1692 2810 (†
1712 2766 1832 2810 1558),
1859 2765 1998 2800 consilii

233 2821 340 2855 aulici
376 2821 591 2856 Ferdinandi
625 2822 651 2856 I.
689 2822 846 2857 caesaris
881 2822 1186 2863 vicecancellarii,
1225 2822 1286 2866 qui
1324 2821 1367 2856 ob
1406 2821 1553 2865 egregia
1588 2820 1623 2855 in
1659 2820 1780 2854 Socios
1814 2819 1941 2853 merita
1977 2830 1998 2852 a

235 2874 268 2908 S.
295 2875 447 2918 Ignatio,
474 2875 608 2910 Canisii
634 2887 741 2920 opera
767 2875 992 2920 interposita,
1023 2875 1179 2909 omnium
1207 2875 1399 2909 Societatis
1424 2875 1597 2909 bonorum
1622 2872 1864 2918 spiritualium
1889 2871 1997 2917 parti-

235 2938 318 2972 ceps
345 2928 493 2963 effectus
519 2931 607 2963 erat.
657 2929 871 2972 Eisengrein
897 2931 1036 2970 autem,
1075 2929 1141 2962 sub
1167 2940 1198 2963 a.
1228 2929 1319 2962 1554
1345 2929 1380 2962 iu
1406 2927 1526 2962 album
1552 2925 1803 2961 universitatis
1829 2924 1997 2959 vindobo-

235 2980 357 3015 nensis
382 2980 518 3016 relatus
545 2984 581 3016 et
606 2982 713 3027 paulo
740 2984 821 3027 post
847 2982 1081 3016 Vindobonae
1107 2993 1127 3015 a
1153 2981 1448 3026 protestantismo
1483 2980 1528 3014 ad
1563 2979 1777 3014 catholicam
1807 2977 1996 3012 ecclesiam

235 3033 423 3075 reductus,
459 3034 591 3068 ibidem
617 3035 661 3069 ab
688 3047 719 3068 a.
750 3035 840 3069 1554
865 3034 925 3068 vel
954 3035 1041 3068 1555
1070 3045 1184 3078 usque
1210 3034 1254 3068 ad
1289 3046 1320 3068 a.
1350 3034 1440 3068 1562
1474 3032 1724 3067 universitatis
1755 3031 1996 3076 professorem

237 3087 361 3127 egerat
389 3086 493 3128 (Can.
520 3086 609 3131 Epp.
637 3087 670 3126 I,
697 3087 777 3121 485.
805 3087 884 3121 503.
936 3087 1119 3121 Aschbavh
1146 3086 1168 3121 1.
1197 3098 1225 3120 e.
1252 3087 1319 3127 III,
1355 3085 1552 3121 180-183.
1604 3084 1894 3125 Hartl-Schrauf
1916 3081 1939 3115 l.
1967 3093 1995 3116 c.

237 3148 269 3180 p.
298 3137 435 3181 35014).
