2093 3444
228 215 325 243 XLII

290 319 399 360 1561

290 449 399 490 1561

301 541 389 576 1561

303 756 391 790 1561

304 862 392 897 1561

306 1077 393 1111 1561

299 1267 407 1308 1561

299 1334 408 1374 1561

300 1464 408 1505 1561

310 1554 398 1588 1561

310 1714 397 1749 1561

311 1875 398 1909 1561

312 1981 399 2015 1561

300 2119 410 2160 1561

312 2336 398 2370 1561

311 2550 398 2585 1561

311 2657 398 2692 1561

313 2711 398 2745 1561

311 2818 399 2853 1561

311 2977 399 3012 1561

314 3083 401 3117 1561

685 198 745 233 III.
783 198 943 233 Tabulae
971 197 1242 242 chronologicae
1271 197 1366 232 vitae
1394 197 1539 233 Canisii.

484 344 487 371 s
506 316 618 370 Aug.
645 312 869 359 24.—25.'

564 446 677 501 Aug.
713 449 781 490 29.

591 541 683 584 Aug.
711 540 767 574 31.

603 754 700 800 Sept.
729 756 760 789 7.

603 862 700 907 Sept.
729 861 760 896 8.

593 1076 689 1121 Sept.
720 1077 772 1110 14.

516 1268 634 1322 Sept.
658 1268 857 1309 14.—l5.

517 1334 635 1388 Sept.
658 1334 857 1375 15.—19.

517 1465 634 1519 Sept.
658 1466 857 1507 18.—-19.

595 1555 691 1600 Sept.
720 1556 774 1589 21.

595 1716 691 1761 Sept.
720 1715 776 1750 28.

597 1876 692 1921 Sept.
721 1877 775 1911 29.

618 1984 697 2019 Oct.
725 1986 756 2019 5.

518 2120 610 2163 Oct.
638 2123 703 2163 11.
729 2124 771 2164 et
795 2123 859 2163 12.

604 2338 682 2373 Oct.
713 2338 767 2372 12.

603 2551 682 2586 Oct.
712 2551 766 2585 14.

494 2658 752 2747 'aldea-3320.
768 2658 858 2745 1361.
896 2710 1018 2745 Socios
1044 2721 1089 2744 ex
1116 2708 1219 2743 Italia
1245 2707 1471 2752 Moguntiam
1496 2705 1625 2740 missos
1652 2703 1787 2748 excipit
1817 2704 1853 2736 et
1877 2701 2004 2736 libera-

603 2817 682 2853 Oct.
712 2818 766 2853 19.

602 2976 682 3012 Oct.
709 2977 765 3012 26.

603 3082 682 3117 Oct.
711 3083 766 3118 28.

887 315 1155 359 Monachium
1179 316 1319 365 venit;
1355 317 1585 371 collegium
1615 317 1841 369 „visitat“;
1864 331 2002 361 novas

948 382 1039 424 eius
1073 381 1202 424 aedes
1235 385 1462 424 consecrat
1495 381 1612 435 (206.
1649 383 1767 437 692).

888 446 1134 501 Augustam
1166 447 1404 490 revertitur
1437 447 1574 501 (202).

889 539 990 573 Dom.
1010 538 1106 573 XIV.
1125 550 1156 584 p.
1177 539 1278 573 Pent.
1307 539 1341 573 in
1363 540 1451 574 aede
1471 540 1630 574 maxima
1654 541 1697 575 de
1723 540 1913 584 evangelio
1932 540 2002 575 diei

949 597 985 627 et
1008 592 1051 626 de
1069 593 1183 637 primo
1202 595 1394 637 praecepto
1413 592 1509 635 dicit,
1536 605 1557 628 a
1575 595 1862 639 protestantibus
1881 594 2000 640 potius

950 657 1058 734 (31ξὲῐέ
1072 646 1321 738 'gogatholicis
1340 646 1451 681 falsos
1478 649 1512 681 et
1539 646 1676 682 alienos
1694 648 1780 683 deos
1799 648 1866 682 coli
1885 649 2003 683 osten-

892 753 993 787 Dom.
1023 728 1099 787 XII.
1127 765 1159 798 p.
1180 728 1292 788 'Pena
1319 753 1449 788 ibidem
1478 754 1520 788 de
1547 754 1736 799 evangelio
1763 757 1798 789 et
1825 755 1867 789 de
1891 754 2004 800 primo

952 809 1144 852 praecepto
1172 806 1328 851 [haeresi
1354 807 1516 851 vitanda]
1544 807 1630 842 dicit
1659 807 1772 851 (620).

873 855 999 894 'Festo
1025 859 1237 895 Nativitatis
1263 860 1302 894 B.
1330 860 1377 894 M.
1406 860 1448 895 V.
1484 861 1614 895 ibidem
1650 873 1754 896 mane
1789 861 1832 896 de
1866 861 2004 896 ratione

953 914 1038 948 festi
1065 914 1202 958 [contra
1230 913 1486 959 protestantes]
1522 917 1558 949 et
1593 915 1635 949 de
1670 915 1784 960 primo
1814 916 2004 960 praecepto

954 979 974 1002 a
991 967 1105 1002 Maria
1133 968 1333 1009 observato,
1361 970 1442 1013 post
1469 967 1653 1013 prandium
1683 968 1725 1002 de
1750 969 1769 1003 7
1789 968 1865 1003 eius
1884 967 2005 1002 verbis

954 1021 989 1055 in
1017 1021 1204 1065 evangelio
1231 1021 1422 1066 propositis
1449 1021 1536 1056 dicit
1564 1020 1677 1065 (618).

875 1075 996 1109 'Dom.
1025 1075 1119 1109 XVI.
1146 1086 1179 1120 p.
1208 1075 1309 1109 Pent.
1336 1075 1465 1109 ibidem
1503 1075 1545 1109 de
1581 1074 1770 1118 evangelio
1797 1074 1867 1109 diei
1900 1076 1936 1109 et
1962 1074 2004 1108 de

955 1128 1068 1173 primo
1084 1131 1274 1173 praecepto
1289 1127 1450 1172 [missam
1467 1140 1536 1162 non
1555 1140 1634 1163 esse
1648 1126 1902 1172 idololatriam]
1919 1127 2005 1162 dicit

958 1182 1073 1225 ‹620).

895 1264 1214 1320 Ingolstadium
1247 1264 1535 1319 proficiscitur
1567 1264 1703 1318 (215).

897 1331 1134 1385 Collegium
1167 1329 1338 1379 visitat;
1382 1329 1559 1383 negotia
1591 1344 1687 1372 cum
1726 1329 2003 1381 „consultori-

956 1397 1059 1439 bus“
1098 1395 1265 1438 confert
1298 1394 1566 1447 (224—225.
1601 1395 1718 1449 680).

896 1462 1139 1518 Augustam
1174 1461 1411 1504 revertitur
1442 1460 1579 1514 (222).

899 1553 997 1587 Dom.
1026 1552 1138 1586 XVII.
1175 1563 1206 1596 p.
1238 1551 1340 1586 Pent.
1377 1553 1411 1585 et
1448 1552 1539 1585 festo
1575 1551 1608 1585 S.
1636 1550 1813 1585 Matthaei
1847 1550 1883 1584 in
1918 1549 2004 1584 aede

956 1606 1114 1641 maxima
1141 1606 1182 1640 de
1202 1605 1315 1650 primo
1334 1607 1525 1650 praecepto
1551 1616 1571 1639 a
1590 1603 1774 1639 Matthaeo
1800 1604 1947 1638 servato
1970 1606 2006 1637 et

878 1700 879 1710 ἵ
957 1661 999 1695 de
1026 1659 1129 1693 novis
1156 1659 1368 1693 idololatriis
1390 1658 1547 1693 vitandis
1573 1658 1660 1692 dicit
1689 1657 1802 1701 (620).

898 1715 998 1749 Dom.
1026 1713 1155 1747 XVIII.
1183 1725 1216 1758 p.
1243 1712 1345 1747 Pent.
1374 1715 1409 1746 et
1442 1712 1535 1746 festo
1562 1711 1806 1746 Dedicationis
1833 1709 2007 1745 ecclesiae

878 1764 879 1769 ¹
958 1767 1176 1802 cathedralis
1203 1766 1333 1800 ibidem
1358 1765 1572 1811 templorum
1591 1764 1886 1805 aedificationem,
1913 1762 2008 1797 dedi-

957 1821 1143 1860 cationem,
1170 1820 1404 1854 caerimonias
1431 1819 1591 1853 defendit
1620 1817 1734 1861 (620).

899 1875 963 1909 Die
1001 1874 1035 1909 S.
1075 1873 1264 1908 Michaelis
1302 1873 1431 1907 ibidem
1472 1873 1514 1906 de
1553 1871 1742 1915 evangelio
1781 1870 1850 1904 diei
1889 1868 2007 1914 [malis

959 1928 1146 1973 exemplis]
1175 1927 1260 1962 dicit
1290 1927 1385 1963 «633.
1413 1926 1510 1962 646).

899 1982 999 2017 Dom.
1012 1981 1107 2016 XIX.
1120 1993 1153 2026 p.
1167 1981 1269 2015 Pent.
1284 1980 1415 2014 ibidem
1431 1980 1472 2014 de
1487 1978 1600 2024 primo
1616 1979 1806 2024 praecepto
1818 1976 2007 2021 [quomodo

880 2057 881 2060 =
959 2048 978 2070 a
1005 2035 1188 2070 veteribus
1215 2033 1422 2069 christianis
1448 2034 1632 2067 servatum
1658 2030 1719 2075 sit]
1747 2030 1835 2065 dicit
1863 2030 1976 2073 (620).

899 2120 1002 2162 Cum
1036 2119 1117 2162 ΡΡ.
1142 2117 1318 2167 Lanoio‚
1353 2115 1603 2166 Cuvillonio,
1637 2113 1903 2156 Theodorico
1926 2113 2006 2155 Ca-

957 2185 1066 2227 nisio
1100 2185 1151 2226 de
1184 2183 1312 2226 rebus
1344 2181 1593 2237 provinciae
1626 2179 1805 2223 consilia
1838 2177 2007 2221 confert

958 2250 1075 2304 (248.
1111 2251 1209 2292 250.
1245 2248 1362 2301 256).

897 2337 998 2371 Dom.
1017 2335 1094 2370 XX.
1115 2348 1146 2380 p.
1167 2335 1269 2369 Pent.
1291 2335 1325 2368 in
1345 2333 1478 2379 templo
1496 2331 1695 2368 cathedrali
1714 2332 1757 2366 de
1775 2330 1888 2376 primo
1907 2340 2005 2375 prae-

957 2392 1059 2435 cepto
1087 2388 1144 2433 [ab
1172 2388 1324 2423 ecclesia
1349 2399 1491 2433 semper
1516 2388 1656 2421 retento
1683 2387 1719 2419 et
1745 2381 2005 2426 commendato]

956 2446 1002 2484 et,
1030 2455 1074 2477 ex
1092 2441 1280 2486 evangelio
1299 2441 1379 2482 diei,
1403 2441 1446 2475 de
1464 2441 1694 2486 peccatorum
1711 2436 2005 2472 remittendorum

955 2498 1135 2542 potestate
1163 2495 1248 2529 dicit
1278 2494 1391 2538 (620).

896 2550 1030 2585 Ibidem
1071 2549 1109 2583 Ρ.
1145 2548 1355 2583 Theodorici
1392 2546 1527 2582 Canisii
1569 2543 1828 2591 professionem
1870 2542 2005 2587 excipit

895 2657 935 2691 In
958 2603 1073 2691 (ιιθεῗιῗι.
1092 2655 1235 2699 collegii
1261 2653 1489 2700 oenipontani
1514 2651 1624 2686 libros
1650 2650 1737 2685 emit
1765 2649 1860 2689 (262.
1888 2647 1986 2692 701).

954 2763 1037 2797 liter
1063 2764 1197 2797 tractat
1227 2761 1340 2804 (669).

876 2788 877 2791 Ἴ
895 2817 996 2852 Dom.
1014 2815 1110 2850 XXI.
1129 2827 1162 2860 p.
1183 2815 1284 2849 Pent.
1310 2815 1346 2848 in
1372 2813 1506 2858 templo
1527 2810 1725 2847 cathedrali
1745 2809 1788 2843 de
1814 2806 2003 2851 evangelio

956 2869 1024 2904 diei
1044 2871 1079 2903 et
1094 2869 1135 2903 de
1147 2869 1260 2913 primo
1272 2869 1461 2913 praecepto
1477 2865 1533 2911 [de
1548 2862 1773 2899 caerimoniis
1787 2860 2003 2896 ecclesiasti-

878 2957 879 2983 }
957 2922 1021 2966 cis]
1051 2922 1137 2956 dicit
1165 2921 1278 2965 (620).

878 2977 997 3010 D.0m
1024 2975 1138 3009 XXII.
1164 2986 1197 3019 p.
1225 2974 1327 3008 Pent.
1354 2973 1485 3008 ibidem
1511 2972 1554 3006 de
1581 2982 1636 3005 ev.
1664 2969 1733 3004 diei
1760 2969 1796 3002 et.
1821 2966 1865 3001 de
1888 2965 2002 3011 primo

878 3064 879 3077 χ
957 3030 1147 3074 praecepto
1174 3026 1413 3072 [caerimoniis
1439 3021 1710 3066 ecclesiasticis]
1737 3019 1824 3055 dicit
1852 3018 1965 3062 (620).

878 3081 963 3118 lDie
990 3081 1049 3116 SS.
1070 3080 1223 3115 Simonis
1249 3082 1286 3114 et
1311 3079 1418 3114 Iudae
1444 3078 1575 3113 ibidem
1602 3076 1645 3110 de
1670 3074 1785 3120 primo
1810 3074 2002 3117 praecepto

958 3135 1105 3179 [quanto
1132 3145 1212 3168 cum
1235 3134 1448 3167 detrimento
1475 3128 1710 3166 caerimoniae
1736 3124 2003 3161 ecclesiasticae

878 3200 881 3231 χ
959 3186 1181 3230 aboleantm]
1210 3189 1245 3221 et
1271 3186 1313 3220 de
1340 3185 1409 3220 diei
1435 3184 1519 3219 festi
1545 3183 1683 3217 ratione
1709 3179 1796 3215 dicit
1824 3177 1938 3224 (620).
