2093 3444
236 223 319 263 548
456 220 534 255 731.
570 220 720 255 10331105
747 221 789 255 de
815 220 970 255 Polanco
997 220 1150 256 Canisio.
1189 222 1358 256 Tridento
1387 223 1416 256 1.
1443 222 1652 258 Decembris
1679 223 1780 258 1562.

233 338 467 392 prossimo‚
511 337 548 380 si
580 338 688 380 deue
720 337 904 392 preferir
935 338 1006 380 ala
1037 339 1211 393 propria
1243 338 1357 390 uita,
1400 353 1485 380 non
1516 353 1594 393 per
1624 339 1667 381 13
1700 339 1993 382 consolatione

234 403 273 444 d’
297 417 395 454 una,
429 405 462 445 s'
484 403 542 446 ha
573 403 615 444 di
638 417 846 457 esponere
878 403 964 445 alla
986 407 1125 446 morte
1148 418 1203 445 un
1226 404 1340 445 buon
1363 403 1574 457 operario,
1606 403 1637 445 il
1660 404 1786 457 quale
1809 403 1992 446 uiuendo

232 471 385 522 potraa
409 466 469 523 [P]
494 468 637 511 aiutar
659 468 779 511 molt’
803 467 957 518 anime,
992 471 1035 510 et
1058 468 1099 510 di
1123 471 1274 521 questo
1297 469 1354 510 ha
1376 468 1415 510 d'
1438 468 1573 510 1131101
1596 482 1699 510 0313
1720 468 1750 510 11
1773 467 1993 523 superiore

233 533 396 575 benche
430 536 591 586 quanto
633 547 659 575 a
691 547 737 575 se
769 535 909 576 stesso
951 535 1048 587 ogn’
1072 548 1156 575 uno
1197 533 1262 575 sia
1293 533 1569 588 paratissimo
1610 547 1636 576 a
1667 533 1824 575 morire
1855 547 1933 588 per
1962 533 1993 574 li

232 597 433 652 prossimi
464 598 557 640 suoi
572 600 598 641 ¹.

352 663 594 705 Vederemo
627 663 712 705 sesi
737 665 865 717 potra
895 663 1121 705 moderare
1143 664 1241 705 nell’
1258 664 1501 717 Alemagna
1524 663 1666 716 quella
1698 662 1968 705 abiuratione

232 727 456 779 iuridica2‚
498 728 724 783 perlaqual
765 729 949 770 bastano
983 728 1064 770 due
1104 728 1340 782 testimonij
1375 728 1532 771 secreti
1566 762 1574 770 .
1609 728 1667 771 Et
1699 727 1869 781 quando
1907 741 1993 769 non

233 792 269 834 si
300 793 522 847 potessino
556 793 766 835 condurre
798 796 979 846 aquesto
1012 793 1042 834 li
1073 793 1297 848 penitenti,
1331 808 1416 835 non
1449 793 1557 835 uedo
1586 793 1744 847 perche
1776 807 1861 834 non
1893 806 1992 847 pos-

233 857 368 900 siamo
402 872 529 900 usare
562 858 676 901 della
707 858 874 901 faculta
905 858 983 900 0110
1015 858 1155 913 prima
1185 862 1414 901 teneuamo
1449 859 1500 900 de
1532 858 1653 913 Papa
1683 857 1840 908 Iulio3‚
1883 872 1907 900 o
1941 858 1992 899 de

233 922 334 965 altri
375 923 566 977 pontifici
607 923 779 977 laquale
819 937 905 965 non
944 924 1114 966 haueua
1155 926 1310 977 questa
1350 923 1621 966 restrittione
1665 923 1734 965 del
1774 923 1949 965 abiurar
1982 938 1991 964 :

234 989 391 1043 perche
423 1003 509 1030 non
540 989 765 1043 sappiamo
798 988 876 1030 che
908 988 972 1030 sia
1003 992 1210 1031 reuocata
1241 989 1305 1031 tal
1337 989 1494 1042 gratia.

352 1053 405 1095 Di
428 1054 566 1096 Roma
588 1054 786 1096 scriuono
819 1054 883 1095 ch’
906 1053 1141 1096 haueriano
1165 1054 1294 1096 charo
1317 1068 1402 1095 non
1424 1067 1650 1096 mancasse
1683 1053 1725 1095 31
1747 1067 1824 1095 5110
1846 1056 1991 1107 tempo

233 1118 377 1172 quella
408 1119 655 1173 prouisione
688 1119 740 1161 de
773 1121 871 1162 400.
905 1119 1059 1161 (1303111
1092 1133 1174 1173 que
1205 1119 1231 1160 l’
1256 1119 1500 1173 Imperator
1539 1119 1698 1161 manda
1738 1118 1840 1172 ogni
1881 1131 1992 1160 311110

1977 662 1993 683 b

232 1251 382 1288 alterius
407 1254 563 1288 animam
589 1254 753 1299 propriae
779 1253 875 1287 vitae
901 1265 1119 1299 praeponere
1145 1254 1348 1295 debeamus,
1383 1265 1452 1287 11011
1479 1255 1608 1295 tamen,
1634 1255 1675 1287 ut
1701 1265 1771 1287 una
1796 1253 1914 1287 anima
1939 1264 1991 1287 so—

232 1305 322 1341 lacio
349 1307 539 1349 afficiatur,
566 1308 692 1342 mortis
709 1306 867 1352 periculo
885 1307 1116 1352 exponendus
1142 1309 1196 1341 est
1222 1307 1335 1341 bonus
1354 1308 1548 1351 operarius,
1576 1307 1647 1351 qui,
1674 1306 1704 1340 si
1723 1306 1833 1347 vivet,
1859 1306 1992 1340 multas

232 1359 371 1394 animas
388 1361 513 1394 iuvare
531 1361 681 1405 poterit:
708 1362 816 1404 atque
834 1360 901 1394 hoc
917 1360 1090 1405 superiori
1110 1360 1306 1394 curandum
1333 1362 1398 1402 est,
1426 1360 1511 1394 licet
1537 1359 1793 1404 unusquisque,
1820 1361 1990 1403 quantum

232 1413 276 1447 ad
303 1413 418 1458 ipsum
446 1414 611 1458 pertinet,
638 1414 682 1448 ad
708 1415 858 1448 mortem
884 1425 946 1459 pro
973 1414 1054 1448 aliis
1080 1413 1277 1448 obeundam
1304 1413 1556 1458 paratissimus
1582 1413 1630 1447 sit
1646 1414 1668 1447 ¹.

351 1467 571 1508 Videbimus,
598 1479 680 1501 num
709 1466 884 1501 abiuratio
910 1466 969 1500 illa
997 1466 1145 1501 iuridica
1161 1467 1184 1507 ²,
1211 1468 1255 1500 ad
1283 1478 1388 1511 quam
1416 1466 1484 1500 duo
1510 1469 1623 1500 testes
1641 1466 1771 1501 secreti
1797 1466 1992 1507 sufficiunt,

232 1519 267 1553 in
295 1519 485 1554 Germania
512 1520 669 1563 mitigari
705 1520 828 1565 possit.
878 1519 925 1554 Et
950 1532 1031 1554 cum
1058 1521 1168 1561 forte,
1204 1520 1264 1563 qui
1296 1522 1445 1565 peccata
1471 1520 1703 1561 confitentur,
1743 1520 1786 1553 ad
1813 1519 1847 1553 id
1873 1519 1992 1554 induci

232 1584 302 1607 non
330 1576 507 1618 poterunt,
534 1586 603 1608 non
630 1574 743 1615 video,
771 1585 833 1608 cur
858 1573 1031 1607 facultate
1058 1573 1109 1607 uti
1135 1585 1203 1607 non
1223 1574 1402 1618 possimus
1430 1575 1537 1607 antea
1563 1573 1689 1607 3111110
1716 1584 1809 1618 papa
1825 1574 1837 1593 3
1862 1573 1921 1607 vel
1947 1573 1991 1607 ab

232 1626 311 1660 aliis
330 1627 555 1671 pontificibus
574 1629 730 1672 accepta,
758 1638 848 1671 quae
867 1627 910 1661 ad
929 1627 1185 1661 abiurationem
1211 1626 1310 1660 illam
1329 1629 1513 1661 contracta
1538 1638 1607 1661 non
1634 1628 1728 1667 erat;
1755 1638 1870 1670 neque
1898 1626 1991 1660 enim

232 1681 385 1723 gratiam
411 1680 511 1714 illam
536 1682 741 1714 revocatam
769 1691 848 1714 esse
874 1680 1116 1723 cognovimus.

350 1734 464 1768 Roma
489 1734 668 1775 scribunt,
704 1738 846 1777 gratum
872 1733 939 1768 sibi
966 1734 1059 1773 fore,
1095 1734 1125 1767 si
1151 1734 1219 1767 400
1246 1733 1366 1767 ducati
1392 1732 1463 1774 illi,
1500 1744 1588 1777 quos
1622 1733 1815 1777 imperator
1839 1732 1992 1776 singulis

232 1787 345 1829 annis,
372 1790 411 1821 ut
430 1787 596 1821 Bohemis
615 1788 749 1821 Romae
775 1787 986 1831 degentibus
1010 1786 1250 1831 provideatur,
1278 1798 1318 1820 eo
1344 1786 1465 1827 mittit,
1492 1798 1556 1820 suo
1574 1789 1734 1831 tempore
1760 1797 1828 1820 non
1855 1786 1972 1820 desint
1982 1798 1989 1825 ;

353 1912 364 1924 ²*
392 1905 451 1937 Vel
476 1903 604 1948 potria,
633 1908 668 1936 uc
694 1908 741 1937 est
768 1905 805 1936 in
830 1903 922 1946 EM).
951 1903 994 1936 N.
1095 1904 1108 1921 ¹*
1135 1904 1165 1935 ,i
1193 1903 1272 1935 libr.
1301 1906 1495 1935 correctum
1521 1914 1564 1935 ex
1590 1901 1825 1935 adiuratione.

355 2028 362 2045 ¹
391 2027 547 2059 Ladmus
564 2024 734 2059 Tridento
754 2025 808 2059 14.
826 2023 1040 2059 Novembris
1062 2024 1150 2058 1:302
1169 2023 1289 2058 Natali
1316 2024 1557 2068 *scripseratt
1589 2024 1741 2065 „Hemos
1767 2024 1860 2058 uisto
1886 2023 1991 2068 loque

232 2078 289 2123 [V.
317 2078 373 2123 R]
400 2079 516 2113 scriue
543 2078 599 2112 del
626 2078 729 2112 modo
755 2078 797 2112 de
823 2089 1041 2121 gonernarsc
1067 2090 1109 2111 en
1138 2077 1170 2111 la
1197 2080 1317 2122 peste,
1352 2089 1377 2122 y
1412 2077 1458 2111 ha
1484 2077 1651 2122 parecido
1685 2076 1785 2118 bien,
1822 2088 1847 2121 y
1873 2077 1926 2111 asi
1952 2088 1991 2112 se

231 2133 341 2177 podra
368 2132 557 2166 obseruar‘
590 2132 650 2176 (ex
676 2130 883 2176 apographo
908 2131 1064 2165 eiusdem
1099 2131 1279 2176 temporis.
1324 2130 1407 2165 Cod.
1440 2130 1501 2173 „V.
1529 2131 1568 2165 P.
1596 2130 1661 2165 62“
1691 2130 1715 2164 f.
1741 2130 1838 2174 40³).
1888 2130 1991 2165 Hane

231 2186 511 2226 institutionem,
557 2197 663 2229 quam
698 2184 839 2219 Natalis
881 2184 1042 2229 proxime
1087 2184 1286 2219 destinasse
1324 2184 1468 2218 videtur
1502 2183 1653 2228 collegio
1686 2184 1891 2218 monacensi
1929 2183 1989 2227 (cf.

231 2251 340 2284 supra
367 2252 397 2284 p.
418 2239 496 2273 538.
518 2240 615 2282 539),
641 2239 777 2273 frustra
803 2238 967 2282 equidem
993 2238 1167 2281 quaesivi.
1206 2238 1245 2271 In
1272 2238 1393 2272 codice
1420 2239 1539 2272 autem
1560 2238 1714 2281 quodam
1732 2237 1876 2271 saeculo
1893 2236 1988 2272 XVI.

231 2293 384 2337 scripto,
420 2292 480 2336 qui
507 2292 591 2326 olim
617 2291 758 2335 collegii
783 2291 1008 2325 monacensis
1034 2292 1146 2325 fuisse
1171 2291 1330 2332 videtur,
1360 2291 1466 2335 (sign.
1499 2290 1595 2332 „XV.
1622 2290 1693 2334 A“)
1725 2292 1846 2324 exstat
1875 2289 1990 2333 „Ordo

231 2346 292 2390 qui
318 2346 454 2391 seruarj
480 2347 599 2390 potest
623 2347 784 2390 tempore
808 2344 922 2389 pestis
950 2343 1073 2388 (quam
1100 2344 1187 2378 deus
1213 2345 1370 2387 auertat)
1390 2344 1426 2378 in
1445 2343 1603 2388 Collegio
1622 2343 1827 2384 Viennensi,
1854 2346 1890 2378 et
1909 2343 1991 2389 alijs

231 2398 393 2443 collegijs
428 2398 670 2443 accomodarj“
703 2398 742 2441 (f.
770 2398 1014 2440 2272-229b)
1030 2425 1037 2439 ,
1074 2398 1195 2441 isque,
1230 2400 1271 2431 ut
1297 2409 1342 2432 ex
1368 2399 1531 2432 extrema
1557 2397 1633 2431 eius
1658 2399 1761 2442 parte
1786 2396 1918 2440 liquet,
1953 2397 1989 2430 in

231 2451 381 2495 collegio
416 2452 674 2486 vindobonensi
709 2450 943 2495 conscriptus.
994 2451 1033 2484 In
1060 2462 1128 2494 quo
1160 2451 1335 2492 „ordine“,
1371 2462 1476 2494 quem
1502 2462 1523 2484 a
1548 2450 1677 2484 Natale
1710 2449 1897 2484 visitatore
1931 2450 1990 2484 vel

231 2516 262 2539 a.
292 2505 382 2540 1563
410 2504 468 2538 vel
492 2505 559 2539 sub
586 2516 615 2539 a.
646 2505 736 2539 1566
763 2503 998 2549 compositum
1033 2516 1112 2538 esse
1146 2505 1238 2538 satis
1271 2504 1454 2549 probabile
1490 2506 1563 2544 est,
1598 2503 1705 2545 11300,
1741 2505 1884 2547 praeter
1909 2502 1989 2545 alia,

231 2561 335 2592 sunt:
375 2557 483 2600 „Cum
510 2558 664 2603 primum
691 2557 759 2592 erit
783 2569 904 2591 rumor
929 2568 1037 2591 verus
1063 2557 1196 2602 pestis,
1224 2558 1508 2601 designabuntur
1535 2557 1602 2591 duo
1628 2556 1832 2591 sacerdotes
1858 2556 1903 2590 ad
1929 2567 1988 2590 au-

231 2611 379 2645 diendas
406 2611 649 2645 confessiones
674 2611 913 2651 infirmorum,
953 2613 988 2644 et
1022 2610 1057 2655 hj
1094 2622 1161 2644 non
1199 2613 1302 2645 erunt
1337 2613 1588 2655 praeceptores
1623 2620 1688 2643 nec
1723 2608 1989 2643 concionatores

231 2676 297 2699 nec
315 2665 457 2705 Rector,
484 2664 688 2707 deligentur
714 2664 822 2698 etiam
848 2663 872 2709 ij
900 2664 958 2708 quj
987 2664 1207 2709 formidolosj
1234 2676 1303 2698 non
1330 2666 1416 2698 sunt
1440 2663 1475 2697 in
1501 2663 1568 2697 hac
1594 2674 1658 2697 re.
1679 2689 1687 2697 .
1707 2690 1714 2696 .
1748 2662 1852 2696 Alius
1869 2661 1989 2696 nullus

230 2718 397 2752 mittatur
415 2746 422 2753 .
443 2745 449 2752 .
470 2745 477 2751 .
518 2718 562 2751 Hi
590 2717 693 2751 ibunt
717 2716 845 2762 munitj
872 2716 973 2750 iuxta
998 2720 1190 2761 praecepta
1216 2716 1344 2762 medicj
1372 2717 1416 2751 ad
1441 2716 1636 2750 audiendas
1664 2715 1906 2749 confessiones
1925 2742 1932 2749 .
1953 2743 1960 2749 .
1981 2742 1987 2749 .

232 2771 407 2805 Aduertet
433 2771 542 2805 etiam
567 2770 804 2804 Prouincialis
829 2769 860 2815 sj
890 2770 998 2814 (quod
1034 2770 1196 2804 dominus
1232 2770 1390 2814 auertat)
1426 2769 1659 2803 vehementer
1692 2768 1828 2803 seuiret
1865 2768 1988 2813 pestis,

231 2825 326 2868 quod
351 2824 538 2869 prodesset
563 2824 725 2868 quidem,
760 2826 797 2857 et
822 2823 1018 2857 curandum
1045 2823 1235 2866 diligenter
1260 2826 1375 2864 esset,
1414 2825 1455 2856 vt
1480 2821 1623 2866 aliquod
1649 2821 1904 2855 monasterium
1930 2821 1988 2854 vel

232 2879 409 2919 castrum,
444 2877 504 2911 vel
538 2877 627 2911 villa
661 2876 881 2911 obtineretur
910 2887 980 2920 quo
1006 2875 1196 2920 collegium
1224 2876 1299 2910 fere
1325 2876 1533 2910 vniuersum
1559 2874 1732 2918 migraret
1756 2873 1882 2908 relicto
1908 2885 1987 2908 con-

231 2930 421 2972 cionatore,
449 2930 671 2965 auditoribus
696 2929 959 2964 confessionum
984 2929 1215 2969 infirmorum,
1242 2929 1362 2973 aliquo
1387 2928 1579 2974 superiore,
1609 2928 1725 2962 tribus
1750 2927 1809 2961 vel
1835 2929 1988 2971 quatuor

232 2984 497 3018 coadiutoribus
523 2983 791 3028 temporalibus.
841 2982 929 3016 Toto
956 2984 1115 3026 tempore
1142 2993 1210 3026 quo
1237 2982 1350 3027 pestis
1377 2982 1445 3016 erit
1470 2994 1539 3015 non
1574 2981 1762 3015 omittatur
1796 2980 1916 3014 concio
1952 2980 1986 3013 111

234 3036 414 3078 Ecclesia,
449 3049 515 3071 nec
551 3037 743 3071 missarum
778 3035 971 3070 celebratio
1005 3035 1147 3079 priuata
1182 3035 1241 3068 vel
1267 3035 1437 3069 solemnis
1463 3035 1570 3068 etiam
1606 3036 1769 3074 cantata,
1806 3043 1873 3066 nec
1907 3044 1986 3066 con-

232 3089 429 3124 fessionum
455 3090 686 3124 auditiones.“
742 3088 796 3123 Cf.
823 3088 929 3122 etiam
958 3089 1183 3131 Sacchimmz,
1209 3088 1304 3122 Hist.
1332 3088 1365 3122 S.
1395 3088 1428 3122 J.
1455 3088 1498 3129 ΙΙ,
1525 3087 1547 3121 1.
1575 3088 1607 3128 6,
1633 3098 1666 3120 n.
1696 3086 1773 3120 103.

352 3143 364 3163 ²
389 3143 430 3176 In
466 3142 668 3177 hominibus
702 3153 765 3187 per
791 3140 912 3175 Socios
948 3152 993 3174 ex
1028 3140 1200 3174 facultate
1236 3152 1256 3174 a
1288 3140 1350 3174 Pio
1376 3140 1436 3174 IV.
1464 3150 1635 3174 concessa
1669 3139 1714 3173 ab
1748 3138 1888 3172 haeresi
1927 3138 1985 3172 ab·

232 3195 434 3235 solvendis3
462 3195 544 3229 vide
569 3206 677 3240 supra
702 3207 736 3240 p.
764 3194 817 3229 70.
918 3193 931 3213 ³
955 3194 987 3227 A
1012 3193 1102 3227 Iulio
1129 3193 1210 3233 III.;
1237 3193 1319 3227 vide
1348 3194 1435 3227 Can.
1461 3192 1552 3237 Epp.
1578 3192 1604 3233 I,
1631 3192 1710 3227 315.
1738 3191 1816 3225 342.
1844 3191 1924 3225 346.

2054 0 2081 145 *Qu-‘23
