2093 3444
715 195 885 229 Tridento
912 195 944 229 8.
971 195 1063 229 Iunii
1091 196 1193 230 1562.
1759 200 1844 240 459

72 312 252 364 cuperet
293 310 465 363 quidem
503 311 571 353 1110
613 312 836 366 expectari
880 326 905 354 a
947 327 1016 355 me
1048 313 1099 356 R.
1133 312 1278 354 Patris
1321 315 1365 355 et
1397 313 1640 367 Praepositi
1682 315 1851 358 nostri1

72 375 329 426 aduentum,
376 375 452 417 sed
497 376 699 429 quoniam
743 377 780 419 is
825 377 1003 419 nimium
1045 377 1207 419 differri
1249 377 1445 428 videtur,
1491 379 1707 432 permittit
1749 380 1851 422 mihi

73 440 309 483 discessum
342 441 396 482 ad
424 442 502 482 14¹11
523 441 655 496 Junij,
690 444 734 484 et
766 442 954 485 indicata
978 441 1039 497 [P]
1073 442 1176 484 mihi
1200 443 1461 485 manendum
1485 457 1579 485 esse
1603 445 1657 486 ad
1680 447 1852 499 tempus

74 505 319 560 Oeniponti,
352 506 512 560 partim
546 509 595 549 vt
628 521 768 549 nouae
800 508 974 549 scholae
1005 507 1227 562 principijs
1261 521 1372 561 quae
1405 508 1642 551 solenniter
1676 510 1852 552 inchoa-

72 572 255 622 buntur,
302 585 446 613 coram
490 571 628 613 adsim
674 575 718 614 et
759 572 969 626 praesim:
1015 573 1175 626 partim
1219 576 1268 616 vt
1312 573 1470 615 ibidem
1514 576 1742 628 expectem
1784 590 1852 617 re-

73 650 281 691 sponsum
314 636 418 679 dicti
450 636 500 679 R.
536 636 679 679 Patris
704 638 942 688 Generalis,
976 638 1138 679 velitne
1170 638 1207 679 is
1239 638 1538 681 visitationem
1571 639 1851 693 collegiorum

72 701 153 743 hoc
186 704 382 755 tempore
415 716 442 743 a
473 716 542 744 me
574 702 748 757 suscipi,
783 717 868 744 non
903 706 1135 756 expectato
1159 703 1210 745 R.
1235 703 1282 746 P.
1307 703 1483 754 Natale,
1517 718 1572 746 an
1606 704 1749 758 potius
1775 719 1852 759 po-

75 767 211 809 stulet
243 780 311 808 me
344 767 426 808 huc
448 766 603 818 redire,
639 770 683 810 et
705 768 900 810 mecumb
924 766 985 822 [P]
1010 782 1155 810 coram
1180 768 1231 810 de
1254 768 1498 822 prouintiae
1521 770 1649 812 rebus
1672 784 1806 823 agere
1822 769 1850 813 2.

73 832 169 886 Ego
201 831 336 886 igitur
377 833 432 874 ad
473 832 791 887 praescriptum
833 833 958 874 huius
1000 834 1161 875 mensis
1204 833 1315 876 diem
1350 835 1499 886 abibo,
1543 838 1587 877 et
1621 834 1853 890 Oeniponti

74 898 315 951 expectabo
369 897 530 941 certius
583 898 745 952 aliquid
793 898 962 940 Christo
1017 901 1248 941 annuente.
1322 899 1447 941 Vnde
1494 899 1600 941 illud
1649 899 1853 954 consequi

73 962 213 1013 uideo,
249 963 363 1016 quod
397 963 637 1006 Cardinalis
670 962 955 1017 Augustanus
987 963 1162 1006 minime
1195 964 1342 1015 vellet,
1376 967 1425 1007 vt
1457 964 1728 1019 Augustanis
1759 968 1853 1008 tar-

74 1027 169 1070 dius
200 1029 422 1079 restituar,
458 1028 529 1082 qui
561 1042 703 1070 meum
727 1029 914 1071 reditum
948 1043 997 1071 eo
1031 1032 1269 1084 expectant
1294 1030 1532 1080 ardentius,
1567 1031 1680 1084 quod
1714 1031 1853 1085 aegri·
1909 1030 1913 1033 ’

72 1093 223 1136 tudine
265 1093 498 1148 impeditus
539 1094 634 1145 ille,
677 1094 749 1147 qui
791 1109 886 1136 meo
928 1095 1022 1136 loco
1065 1094 1307 1138 contionari
1346 1096 1532 1138 debebat
1547 1096 1576 1147 2,
1620 1100 1854 1139 vacantem

73 1158 388 1212 quodammodo
422 1159 674 1202 cathedram
707 1159 932 1212 reliquerit
946 1166 970 1202 ⁰.
1036 1159 1244 1213 Quicquid
1278 1164 1426 1204 autem
1458 1161 1598 1203 visum
1632 1162 1715 1203 erit
1760 1176 1853 1203 ma-

72 1223 256 1276 ioribus,
304 1239 384 1278 ego
426 1225 565 1267 libens
610 1225 864 1279 amplectar.
935 1225 979 1267 Si
1021 1225 1215 1268 visitatio
1259 1225 1548 1277 instituenda,
1594 1227 1707 1268 nond
1750 1229 1853 1269 ante

74 1304 267 1332 mensem
308 1290 557 1344 Augustum
597 1290 740 1332 redire
780 1290 930 1332 licebit
970 1290 1239 1344 Augustam,
1286 1291 1367 1332 nisi
1408 1292 1680 1346 properando
1722 1292 1851 1334 uelim

73 1355 309 1410 praecipua
354 1356 586 1398 dumtaxat
630 1370 783 1398 curare
825 1356 1021 1398 Viennae
1066 1359 1111 1399 et
1152 1356 1344 1410 Pragae,
1391 1356 1463 1398 ubi
1507 1357 1668 1399 iamdiu
1710 1371 1852 1400 meum

73 1423 310 1475 expectant
342 1421 578 1464 aduentum
610 1421 772 1464 fratres
796 1422 848 1463 ob
871 1421 1018 1464 varias
1051 1421 1222 1475 quidem
1248 1425 1292 1465 et
1323 1436 1483 1476 graues
1516 1436 1684 1466 causas,
1729 1423 1851 1472 Quod

74 1485 111 1528 si
142 1489 322 1541 propter
352 1486 635 1541 Augustanos
676 1488 746 1529 uel
780 1487 875 1542 alijs
918 1487 970 1529 de
1008 1488 1150 1530 causis
1190 1502 1276 1529 non
1316 1487 1538 1531 uideretur
1578 1488 1853 1542 suscipienda

74 1566 188 1594 nunc
219 1551 437 1603 uisitatio,
479 1552 618 1595 maior
651 1553 734 1595 erit
765 1553 999 1595 metuenda
1032 1553 1289 1604 difficultas,
1329 1553 1618 1595 renitentibus
1650 1554 1854 1596 uidelicet

75 1617 368 1671 Augustanis,
404 1632 500 1660 cum
532 1618 723 1661 sentient
756 1619 990 1661 accedente
1023 1619 1074 1661 D.
1108 1618 1283 1669 Natale,
1321 1619 1425 1660 mihi
1457 1633 1553 1661 cum
1587 1633 1636 1661 eo
1670 1634 1765 1662 esse
1797 1620 1853 1662 ad

75 1682 258 1736 collegia
299 1683 457 1725 iterum
499 1684 872 1739 proficiscendum.
937 1684 1059 1726 Haec
1100 1684 1272 1738 longius
1314 1684 1507 1738 explico,
1551 1687 1599 1727 vt
1630 1684 1721 1728 RB.
1756 1685 1851 1728 VV.

75 1748 284 1791 maiorem
316 1749 507 1792 habeant
541 1749 811 1792 occasionem
845 1750 897 1791 de
929 1764 976 1791 re
1008 1752 1104 1792 tota
1137 1749 1402 1792 deliberandi
1435 1752 1479 1792 et
1510 1749 1723 1792 scribendi
1757 1750 1853 1792 Tri-

77 1813 268 1857 dentum.
331 1815 548 1857 Domini
590 1816 854 1857 voluntas
896 1815 1049 1858 fiat3.

194 1879 432 1933 Ignoscant
471 1880 576 1922 mihi
607 1880 700 1924 RR.
733 1881 817 1924 PP.
852 1881 946 1924 VV.
982 1881 1094 1934 quod
1136 1880 1349 1923 hactenus
1382 1880 1546 1934 egerim
1577 1880 1622 1922 in
1653 1881 1853 1935 petendis

75 1944 287 1987 fratribus
330 1945 598 2001 importune,
647 1960 699 1988 ac
745 1946 789 1987 in
838 1945 1041 1999 erigendo
1088 1945 1390 2000 Oenipontano
1439 1946 1621 2000 collegio
1670 1946 1854 1988 sollicite

75 2010 267 2053 nimium.
311 2011 396 2053 Pro
418 2011 500 2054 hac
524 2011 775 2054 temeritate
797 2011 1019 2065 flagellum
1044 2011 1244 2054 uexatori
1267 2011 1529 2054 debebatur:
1562 2012 1637 2054 sed
1662 2011 1854 2054 charitas

77 2077 227 2118 uestra
271 2075 377 2119 vicit
420 2077 652 2120 stultitiam
699 2080 916 2127 nostram,
966 2079 1010 2119 et
1057 2076 1310 2119 beneficium
1353 2076 1509 2130 ingens
1557 2077 1727 2120 confert
1773 2076 1854 2118 im-

76 2141 366 2193 merentibus,
412 2143 513 2184 dum
545 2145 697 2196 gratos
730 2145 774 2185 et
807 2142 929 2196 quasi
962 2142 1231 2184 necessarios
1274 2142 1329 2184 ad
1361 2143 1495 2185 talem
1532 2156 1719 2184 messem
1751 2156 1854 2197 ope-

77 2206 217 2249 rarios
248 2207 385 2251 mittit
415 2209 473 2251 Μ.
497 2208 708 2251 Petrum4
740 2207 1051 2258 Coloniensem,
1087 2208 1140 2250 de
1173 2222 1255 2261 quo
1288 2207 1499 2262 paulatim
1532 2222 1586 2250 an
1619 2208 1663 2250 in
1695 2208 1854 2261 guber-

77 2272 233 2315 nandis
274 2273 371 2327 alijs
413 2274 561 2316 valeat
603 2274 898 2328 experiemur,
943 2275 987 2315 et
1027 2274 1084 2315 M.
1121 2273 1411 2316 Guilhelmum
1454 2273 1738 2324 Germanum,
1783 2272 1855 2326 qui

77 2338 124 2382 P.
159 2338 325 2381 Ramiri
357 2339 498 2381 locum
531 2340 746 2394 suppleat.
808 2339 859 2380 Js
892 2338 1005 2380 enim
1037 2338 1176 2381 literis
1209 2339 1264 2381 ad
1296 2339 1343 2382 P.
1375 2338 1628 2381 Vicarium5
1662 2338 1775 2381 datis
1808 2352 1855 2380 se

78 2403 205 2445 nimis
235 2403 499 2447 imbecillum
529 2405 575 2446 in
606 2407 791 2458 vtroque
824 2404 995 2446 homine
1029 2418 1124 2446 esse
1157 2404 1365 2455 declarat,
1400 2419 1426 2446 a
1454 2404 1686 2459 profitendi
1709 2407 1856 2446 autem

78 2483 256 2511 munere
279 2469 453 2512 liberari
476 2470 583 2521 vult,
608 2473 653 2513 et
673 2484 828 2524 parum
846 2469 938 2524 spei
956 2469 1161 2523 relinquit
1178 2469 1315 2520 nobis,
1341 2470 1454 2523 quod
1472 2469 1592 2513 vtilis
1609 2469 1693 2513 erit
1712 2469 1856 2513 Socie-

78 2534 175 2586 tati,
209 2548 306 2576 cum
338 2534 381 2576 in
413 2535 495 2577 hac
528 2538 676 2578 aetate
709 2535 825 2577 circa
857 2534 1132 2577 vocationem
1165 2549 1286 2577 suam
1320 2535 1503 2578 fluctuet
1534 2535 1789 2590 periculose.

198 2600 291 2650 Qua
323 2600 376 2642 de
408 2614 456 2642 re
478 2600 591 2642 idem
614 2600 662 2644 P.
686 2600 886 2642 Vicarius
919 2614 1012 2642 cum
1037 2600 1084 2644 P.
1108 2601 1314 2654 generale
1340 2615 1486 2643 coram
1519 2615 1651 2654 agere
1683 2600 1853 2643 statuit.

80 2665 280 2708 Orandus
323 2665 446 2707 nobis
490 2666 723 2716 Dominus,
773 2668 822 2709 vt
868 2667 1094 2709 confirmet
1138 2680 1315 2720 gressus
1359 2669 1532 2709 nostros
1577 2668 1622 2708 et
1666 2665 1854 2708 omnium

79 2730 267 2773 fratrum
300 2730 352 2772 in
390 2730 480 2773 via
520 2730 722 2785 pacisss.

200 2858 214 2873 ³
242 2854 302 2887 Sic
328 2854 385 2895 A‚·
411 2852 576 2887 iudicat?
670 2853 686 2874 b
712 2854 773 2888 Sic
799 2855 857 2896 A‚·
881 2854 941 2888 sed
966 2855 1090 2888 malim
1115 2854 1226 2898 legere
1251 2866 1384 2889 secum.

204 2913 215 2927 ⁰
240 2905 421 2951 reliquirit
447 2911 586 2950 autoyr.
685 2907 701 2927 ‘¹
726 2908 760 2940 A
789 2907 826 2941 C.
853 2908 930 2950 ipso
957 2911 1152 2942 correctum
1178 2919 1221 2941 ex
1246 2907 1320 2942 uix.

203 3021 213 3041 ¹
238 3020 364 3054 Lainii.
464 3021 478 3041 ²
502 3020 658 3055 Michael
684 3020 903 3065 Dornvogel,
930 3021 1121 3067 episcopus
1147 3022 1417 3065 suffraganeus;
1445 3033 1480 3055 v.
1507 3032 1616 3066 supra
1643 3032 1675 3065 p.
1702 3019 1784 3054 423.

202 3074 215 3094 ³
240 3075 321 3108 Act.
349 3074 405 3116 21,
436 3075 488 3110 14.
527 3074 658 3109 Matth.
686 3075 717 3117 6,
747 3075 800 3110 10.
899 3075 913 3095 4
938 3074 1074 3120 Haupt.

202 3128 215 3148 ⁵
241 3126 498 3162 Salmeronem.
547 3127 600 3162 De
625 3127 771 3163 Ramiro
796 3128 880 3163 vide
905 3139 1016 3174 supra
1041 3141 1074 3174 p.
1103 3128 1182 3163 398.
1209 3128 1410 3164 404—406.
1436 3128 1518 3162 416.

202 3181 215 3201 ⁶
240 3181 326 3215 Luc.
356 3183 384 3223 l,
413 3182 467 3216 79.
