2093 3444
547 172 705 207 Monuni.
735 173 962 217 (tridentina)
992 175 1069 210 367.
1100 174 1171 218 (15.
1198 175 1290 209 Iunii
1319 176 1435 219 1562.)
1790 178 1873 218 743

109 298 234 321 norum
272 286 550 321 Observantium
595 289 819 333 (procurator
857 292 1011 336 episcopi
1053 292 1245 336 palentini,
1287 295 1412 337 postea
1450 293 1638 338 episcopus
1676 293 1872 334 ovetensis)

109 351 291 374 sermones
325 339 527 375 habuerunt
561 353 691 386 eosque
726 344 801 377 fere
831 344 874 378 ab
910 344 943 378 h.
981 344 1047 388 3¹s4
1084 356 1198 389 usque
1234 346 1277 379 ad
1315 346 1381 389 7¹s4
1417 346 1494 380 sive
1534 346 1598 389 „H.
1629 346 1799 387 19—23·‘,
1835 349 1875 380 ut

109 393 145 427 in
180 393 270 427 actis
306 393 445 427 concilii
472 395 704 429 Massarellzcs
741 397 778 438 (l.
807 408 834 431 c.
865 397 914 438 [1,
950 398 1008 441 16)
1046 399 1205 440 notavit,
1241 410 1337 432 more
1374 399 1543 433 Italorum
1581 400 1657 433 eius
1692 399 1874 444 temporis,

110 446 169 490 qui
199 446 245 480 24
271 446 339 480 diei
374 446 479 481 horas
514 449 768 491 numerabant,
803 450 916 494 pridie
952 451 1027 485 eius
1063 451 1131 485 diei
1166 463 1186 485 a
1221 452 1307 486 solis
1343 464 1471 486 occasu
1506 452 1789 486 numerationem
1823 453 1874 486 in-

110 499 282 544 cipientes
320 500 490 543 (Theiner
515 501 538 535 l.
565 513 593 535 0.
622 502 655 543 Ι,
691 504 759 545 xl).
816 503 974 545 „Finitur
1009 504 1095 538 hora
1130 505 1318 549 septima“,
1354 505 1471 549 inquit
1505 507 1649 539 Fici-lm·
1682 506 1717 539 in
1754 505 1875 540 Diario

111 553 177 597 (Le
202 554 283 587 Plat
309 553 330 587 l.
359 565 387 587 0.
415 553 522 593 VH²‚
560 555 656 597 310).
709 556 832 600 Itaque
867 556 1031 591 Canisius
1067 570 1128 602 per
1164 558 1253 592 duas
1288 559 1362 592 fere
1398 559 1523 599 horas,
1561 560 1591 592 si
1625 571 1694 592 non
1730 559 1874 597 diutius.

109 607 243 641 dixisse
269 606 430 647 videtur,
466 608 677 651 praesertim
704 620 783 643 cum
819 621 864 643 ex
890 610 1028 644 concilii
1055 611 1294 645 monumentis
1324 612 1495 652 (Tllei'ner
1520 611 1543 645 l.
1570 623 1599 646 c.
1628 612 1679 653 H,
1719 611 1871 655 17—18)

109 659 290 705 probabile
316 660 374 700 sit,
402 659 574 694 Orantem
600 662 718 696 minus
744 663 896 707 copiose,
923 675 1029 707 quam
1057 664 1249 705 Canisium,
1277 665 1500 699 disseruisse.

228 713 411 747 Canisium
437 725 506 753 ore,
533 726 602 748 non
627 716 780 760 scripto,
807 717 1022 750 sententiam
1049 717 1240 761 protulisse
1269 718 1330 761 (cf.
1358 730 1466 761 supra
1492 730 1525 763 p.
1553 718 1649 760 742),
1678 730 1722 751 ex
1749 730 1789 751 eo
1816 718 1872 751 de-

109 766 263 808 duxeris,
294 767 388 810 quod
413 767 450 800 in
476 769 680 802 Massarelli
706 770 796 803 actis
823 769 1052 804 Franciscum
1079 770 1207 804 Torres
1234 771 1279 805 ad
1306 771 1477 805 articulos
1504 772 1618 806 2.-5.
1650 771 1802 814 „legisse
1829 783 1874 805 ex

108 820 242 865 scripto
287 821 519 864 responsum“
561 823 741 863 notatum,
790 822 832 855 de
873 822 1014 856 Canisio
1057 823 1145 857 nihil
1185 824 1357 857 eiusmodi
1401 824 1553 858 relatum
1599 826 1654 858 est
1690 824 1728 867 (l.
1765 835 1793 857 c.
1830 823 1874 864 Π,

109 874 141 908 9.
170 874 338 917 16—17).
389 873 570 908 Sermonis
596 877 716 909 autem
743 876 916 909 canisiani
943 876 977 909 111
1004 876 1130 910 iisdem
1156 877 1246 911 actis
1272 877 1378 911 valde
1413 878 1533 911 brevis
1568 880 1690 911 exstat
1723 888 1873 917 summa,

108 927 152 961 ab
179 926 274 972 ipso,
311 928 351 960 ut
377 927 518 961 omnino
544 928 706 967 videtur,
742 930 952 963 filas-sarello
978 930 1072 963 inter
1097 930 1212 975 ipsam
1248 931 1561 973 congregationem
1587 931 1646 965 vel
1672 931 1875 975 conscripta

107 980 167 1014 vel
202 980 331 1015 saltem
367 980 589 1015 adumbrata.
644 982 941 1023 „Massai·ellus“‚
978 983 1093 1027 inquit
1128 985 1268 1017 Hartm.
1306 985 1439 1017 Grisar
1470 984 1503 1018 S.
1536 985 1580 1024 J„
1621 983 1778 1025 „solebat
1811 983 1874 1017 illa

108 1034 312 1075 summaria,
340 1034 424 1068 dum
450 1034 549 1079 ipsae
568 1035 746 1069 orationes
772 1035 1007 1077 habebantur,
1034 1037 1207 1071 conficere
1226 1037 1284 1071 vel
1310 1037 1438 1071 saltem
1465 1049 1505 1071 eo
1531 1039 1691 1082 tempore
1717 1037 1874 1071 animad-

108 1087 293 1122 versiones
327 1087 551 1122 necessarias
578 1089 822 1129 conscribere;
858 1090 1017 1133 profecto
1052 1090 1087 1124 id
1114 1090 1257 1134 quidem
1291 1102 1360 1124 non
1395 1102 1536 1135 semper
1566 1103 1645 1124 011111
1672 1091 1795 1124 eadem
1823 1092 1874 1124 at-

107 1140 265 1175 tentione
292 1141 487 1185 eodemque
513 1144 706 1175 successu“
739 1142 879 1184 (Jacobi
904 1142 1034 1176 Laiuez
1060 1143 1329 1188 Disputationes
1351 1143 1580 1178 Tridentinae
1601 1144 1633 1177 ΙΙ
1661 1143 1874 1188 [Oeniponte

111 1194 235 1239 1886],
262 1194 361 1238 57*).
411 1195 531 1238 Atque
557 1195 623 1229 hoc
650 1207 693 1229 ex
720 1195 798 1240 ipsa
824 1196 885 1229 illa
912 1197 1085 1230 canisiani
1111 1197 1284 1231 sermonis
1311 1209 1450 1231 summa
1476 1200 1594 1242 patet,
1621 1196 1874 1231 Massarellum

108 1249 193 1282 tunc
211 1248 355 1292 quidem
380 1247 475 1282 haud
502 1248 552 1282 ita
579 1251 756 1289 accurate,
784 1249 861 1283 sive
887 1261 955 1289 105,
982 1250 1059 1283 sive
1079 1250 1189 1284 verba
1215 1253 1367 1295 spectes,
1395 1251 1532 1294 egisse3
1560 1251 1595 1284 id
1621 1251 1714 1294 quod
1740 1249 1875 1283 homini

107 1302 394 1346 occupatissimo,
421 1301 482 1345 qui
507 1302 577 1336 iam
606 1313 708 1336 mane
734 1302 831 1336 illius
858 1303 927 1336 diei
953 1315 1015 1347 per
1040 1305 1062 1337 4
1081 1304 1139 1337 vel
1165 1305 1185 1337 5
1208 1303 1314 1338 horas
1340 1303 1585 1347 theologorum
1613 1303 1875 1348 disputationes

107 1355 354 1397 adnotaverat,
380 1367 483 1389 nemo
509 1355 598 1389 vitio
624 1357 753 1389 vertet.
799 1356 1026 1398 „Annotavit‚
1054 1359 1157 1402 prout
1184 1357 1366 1402 percipere
1393 1358 1543 1402 potuit⁵‘,
1569 1359 1609 1390 ut
1634 1357 1710 1401 ipse
1736 1358 1875 1390 Massa-

109 1410 216 1443 renus
241 1420 440 1443 sermonen]
469 1409 646 1453 quendam
674 1408 787 1443 Lainii
814 1409 849 1442 in
877 1412 957 1443 acta
984 1421 1049 1444 sua
1075 1410 1253 1451 referens,
1281 1411 1323 1444 de
1349 1422 1388 1444 se
1415 1410 1573 1444 affirmat
1600 1410 1638 1453 (l.
1666 1422 1694 1444 0.
1723 1410 1748 1450 I,
1774 1409 1874 1452 490).

204 1461 336 1496 Canisii
363 1473 480 1496 sermo
506 1473 619 1506 paene
637 1462 782 1505 ignotus
809 1465 894 1503 erat,
923 1463 1033 1496 donec
1052 1475 1082 1496 a.
1104 1463 1194 1497 1874
1218 1464 1387 1497 Tleec'nero
1411 1466 1559 1497 curante
1582 1463 1694 1505 „Acta
1719 1461 1875 1505 genuina

108 1515 257 1550 Concilii
283 1515 481 1549 Tridentini
508 1515 552 1549 ab
579 1515 718 1558 Angelo
737 1515 948 1549 Massarello
976 1516 1195 1560 consci·ipta“
1227 1516 1422 1560 Zagabriae
1447 1516 1546 1561 typis
1572 1516 1744 1559 evulgata
1770 1517 1874 1555 sunt;

108 1569 144 1603 in
170 1569 272 1603 0111115
298 1568 379 1602 libri
405 1570 500 1602 tomo
528 1569 571 1602 Π.
598 1581 631 1613 p.
662 1569 797 1603 16-17
825 1570 1000 1603 sermonis
1035 1569 1156 1603 brevis
1188 1569 1250 1603 illa
1276 1581 1416 1603 summa
1442 1571 1602 1614 apparet.
1652 1570 1770 1613 Atque
1797 1580 1874 1612 ego,

107 1622 324 1656 Theinerum
360 1622 404 1656 ab
440 1622 665 1666 aliquibus¹‚
702 1622 795 1666 quod
830 1622 866 1656 in
900 1623 1001 1657 libris
1037 1623 1182 1657 edendis
1218 1634 1471 1667 nonnunquam
1505 1623 1601 1657 haud
1632 1622 1683 1656 ita
1707 1624 1876 1656 versatus

108 1678 205 1710 esset
230 1678 408 1717 accurate,
434 1677 599 1709 notatum
626 1687 705 1710 esse
731 1687 800 1709 non
826 1676 1005 1719 ignorans,
1033 1688 1063 1710 a.
1086 1677 1175 1710 1890
1202 1679 1238 1710 et
1264 1676 1350 1710 1891
1379 1677 1513 1710 Romae
1538 1676 1655 1721 ipsum
1672 1674 1876 1709 Massarelli

108 1729 264 1764 codicem
303 1729 463 1763 nancisci
501 1741 581 1763 cum
618 1741 730 1773 eoque
764 1728 932 1763 Theineri
967 1729 1096 1763 librum
1131 1730 1292 1763 conferre
1326 1729 1435 1770 serio,
1474 1729 1536 1763 sed
1570 1748 1616 1753 —
1650 1728 1770 1763 nescio
1805 1739 1874 1772 quo

107 1785 212 1828 pacto
230 1802 276 1806 —
293 1783 430 1817 frustra
456 1784 607 1817 conatus
633 1794 723 1817 sum.
768 1782 879 1824 Quem
906 1785 1027 1817 tamen
1054 1783 1258 1818 conferendi
1284 1783 1442 1817 laborem
1469 1783 1613 1816 ineunte
1645 1793 1674 1816 a.
1707 1782 1795 1816 1899
1822 1793 1875 1815 re-

107 1836 389 1871 verendissimus
415 1836 579 1870 dominus
597 1836 729 1870 Doctor
748 1837 946 1880 Stephanus
964 1838 1084 1881 Ehses,
1110 1837 1265 1870 instituti
1284 1836 1421 1870 romani
1443 1836 1627 1870 societatis
1645 1835 1876 1879 gorresianae

107 1901 271 1935 praeses,
306 1891 435 1934 rogatu
460 1901 539 1924 meo
565 1889 823 1923 humanissime
853 1890 888 1923 in
924 1901 962 1923 se
988 1890 1147 1934 suscepit
1181 1901 1223 1924 ac
1249 1889 1466 1924 Theinerum
1501 1888 1741 1934 compluribus
1776 1887 1875 1928 locis,

106 1946 214 1989 prout
238 1943 332 1977 infra
350 1944 547 1988 apparebit,
574 1943 632 1977 vel
651 1942 856 1977 emendavit
874 1943 933 1977 vel
959 1943 1172 1988 complevit3
1200 1955 1245 1976 ex
1271 1954 1339 1986 quo
1363 1943 1470 1976 etiam
1489 1943 1635 1988 accipio,
1662 1954 1682 1976 a
1700 1941 1875 1975 Theinero

107 1996 311 2042 exemplum
336 1997 443 2031 huius
468 1996 643 2031 sermonis
670 1996 869 2030 adhibitum
897 2008 994 2037 esse,
1031 1997 1124 2040 quod
1149 1996 1298 2030 nitidius
1328 1996 1502 2041 scriptum
1529 1997 1650 2030 exstat
1675 1996 1711 2029 in
1737 1993 1876 2028 archivi

106 2050 267 2085 vaticani
292 2050 413 2085 codice
443 2050 515 2092 „De
542 2050 690 2084 concilio
721 2050 805 2084 120“
836 2050 860 2084 f.
889 2050 1086 2089 399—400‚
1117 2052 1225 2093 atque
1252 2050 1318 2084 1100
1345 2049 1547 2094 exemplum
1574 2061 1619 2083 ex
1645 2049 1736 2083 actis
1762 2048 1875 2093 ipsius

107 2104 311 2138 Massarelli
345 2115 453 2138 manu
488 2103 653 2148 scriptis,
690 2114 781 2147 quae
815 2103 851 2136 in
886 2103 1045 2137 eiusdem
1080 2103 1219 2137 archivi
1254 2103 1375 2137 codice
1405 2103 1476 2145 „De
1511 2114 1608 2137 conc.
1637 2103 1724 2136 127“
1754 2102 1778 2136 f.
1807 2101 1874 2135 355

107 2160 263 2198 exstant,
291 2158 512 2202 exscriptum
538 2168 618 2191 esse
643 2159 718 2191 tam
746 2159 932 2199 accurate,
968 2159 1008 2190 ut
1034 2157 1102 2190 duo
1128 2156 1190 2190 illa
1216 2156 1381 2201 exempla
1406 2168 1476 2190 non
1502 2155 1616 2190 solum
1643 2155 1687 2189 ad
1713 2154 1874 2195 verbum,

106 2211 169 2246 sed
194 2211 270 2245 fere
297 2211 341 2245 ad
368 2211 527 2245 litteram
554 2211 678 2244 eadem
704 2210 787 2244 sint.

225 2264 345 2298 Unum
371 2267 536 2310 superest
562 2264 825 2309 explicandum.
879 2264 1131 2308 Massarellns,
1167 2274 1246 2297 cum
1274 2262 1455 2297 Canisium
1489 2262 1693 2306 loquentem
1728 2260 1874 2301 inducit,

106 2330 188 2353 eum
206 2318 396 2353 Societatis
413 2318 495 2352 Iesu
514 2317 680 2352 clericum
704 2316 979 2359 „saecularem“,
1005 2328 1074 2351 non
1106 2316 1345 2360 „regulareiffl
1374 2316 1543 2362 appellat.
1595 2315 1719 2359 Neque
1745 2313 1874 2348 calami

105 2371 210 2416 lapsu
236 2371 270 2406 id
295 2371 433 2406 factum
458 2374 531 2411 est;
559 2383 642 2405 nam
668 2370 776 2405 etiam
795 2370 834 2404 P.
854 2370 1023 2404 Ioannem
1043 2369 1284 2403 Cuvillonium
1302 2369 1336 2404 S.
1356 2370 1388 2404 J.
1414 2368 1660 2409 Massarellus,
1687 2379 1767 2402 cum
1793 2378 1874 2401 eum

106 2426 162 2460 28.
189 2425 271 2459 Ι11111
295 2425 390 2459 inter
414 2424 602 2468 theologos
628 2424 762 2458 dixisse
788 2423 918 2465 refert,
959 2423 1147 2465 „clericum
1174 2423 1396 2457 saecularem
1426 2422 1611 2457 societatis
1637 2422 1737 2455 Iesu“
1768 2422 1876 2455 vocat

109 2478 147 2522 (1.
175 2490 204 2513 0.
240 2479 293 2520 ΙΙ,
329 2479 411 2523 67);
448 2477 541 2512 sicut
566 2479 728 2511 Ficlerus
758 2476 925 2519 „Petrum
952 2476 1154 2517 Canisium,
1190 2476 1359 2510 clericum
1391 2475 1632 2517 saecularem,
1668 2475 1818 2509 missum
1854 2485 1875 2508 a

106 2532 280 2567 societate
307 2532 501 2566 Jesuitica“
534 2532 586 2565 15.
615 2530 707 2564 1111111
734 2530 869 2564 dixisse
894 2529 1020 2563 scribit
1050 2529 1226 2573 (Diarium
1253 2530 1347 2574 apud
1376 2531 1425 2564 Le
1444 2530 1523 2563 Plat
1548 2529 1572 2562 1.
1591 2540 1620 2563 0.
1648 2528 1748 2569 VH2,
1777 2527 1874 2570 310),

107 2588 144 2620 et
169 2586 238 2631 ipsi
264 2587 406 2620 concilii
424 2586 609 2629 praesides
634 2584 669 2617 in
695 2583 826 2617 litteris
850 2583 1019 2631 Tridento
1046 2583 1102 2617 20.
1122 2583 1279 2626 Augusti
1308 2583 1397 2617 1562
1424 2583 1467 2616 ad
1496 2581 1530 2616 S.
1556 2581 1722 2616 carolum
1748 2581 1874 2614 Borro-

107 2651 249 2673 maeum
284 2639 378 2673 datis
413 2639 456 2672 de
483 2638 606 2672 Lainio
642 2638 828 2671 asserunt:
870 2636 918 2678 „E
944 2638 1046 2681 prete
1082 2636 1260 2670 secolare“
1294 2636 1462 2680 (Poyz'ani
1487 2634 1669 2680 Epistolae
1696 2634 1766 2674 ΙΙΙ,
1800 2633 1874 2676 81).

108 2692 186 2735 Qua
211 2692 248 2727 in
273 2704 311 2726 re
337 2692 532 2727 notandum
569 2693 642 2733 est,
679 2690 894 2724 Societatem
931 2692 967 2724 et
993 2690 1036 2723 ab
1071 2689 1199 2724 iisdem
1234 2690 1460 2734 praesidibus
1494 2689 1530 2723 in
1564 2688 1695 2723 litteris
1720 2687 1876 2732 publicis

230 2830 239 2849 ¹
269 2829 385 2872 steph.
411 2828 542 2870 Eleses,
580 2826 770 2860 Romische
796 2825 1017 2860 Documente
1043 2837 1106 2860 zur
1132 2825 1348 2861 Geschichte
1376 2826 1438 2860 der
1463 2825 1742 2869 Ehescheidung
1767 2824 1874 2859 Hein-

107 2881 204 2916 richs
229 2881 326 2916 VIII.
362 2893 432 2915 von
467 2880 633 2923 England
661 2879 883 2923 (Paderborn
912 2878 1017 2921 1893)
1056 2891 1088 2924 p.
1116 2890 1177 2913 xv.
1225 2880 1358 2913 Grisar
1392 2879 1414 2913 1.
1452 2890 1480 2913 c.
1516 2879 1569 2919 H,
1607 2877 1688 2912 56*.
1733 2879 1876 2923 „Histo-

108 2936 240 2969 risches
264 2932 472 2969 Jahrbueffl
501 2936 568 2967 etc.
595 2932 698 2966 XVII
724 2932 918 2976 [Miinchen
947 2931 1072 2976 1896],
1100 2933 1179 2966 225.
1223 2933 1301 2966 Nic.
1329 2933 1440 2966 Nilles
1466 2932 1500 2966 S.
1527 2932 1576 2973 J.,
1613 2931 1804 2976 Symbolae
1831 2931 1875 2965 ad

107 2988 359 3023 illustrandam
386 2986 574 3021 historiam
601 2985 776 3020 ecclesiae
803 2985 988 3020 orientalis
1014 2986 1050 3019 in
1076 2985 1184 3019 terris
1219 2997 1370 3019 coronae
1397 2985 1430 3019 S.
1459 2985 1630 3030 Stephani
1660 2984 1875 3030 (Oeniponte

111 3041 217 3085 1885)
246 3053 278 3086 p.
307 3040 375 3075 980
387 3041 409 3073 3.
451 3041 496 3074 A.
523 3051 551 3074 v.
580 3040 723 3082 Druffel
748 3040 783 3073 in
814 3038 1166 3082 „Sitzungsberichte
1203 3039 1265 3072 der
1301 3038 1875 3084 philosophisch-philologischen

108 3095 180 3129 und
205 3093 445 3129 historischen
471 3092 596 3127 Classe
631 3092 693 3126 der
727 3092 763 3127 k.
789 3092 822 3126 b.
849 3092 1048 3126 Akademie
1083 3092 1145 3126 der
1171 3091 1507 3126 wissenschaften“
1539 3091 1666 3135 Jahrg.
1695 3092 1805 3133 1875,
1840 3091 1875 3124 11

112 3147 308 3191 (Miinchen
336 3145 455 3189 1875),
480 3146 679 3180 426-456.
