2093 3444
511 183 676 226 Augusta
701 182 971 216 Vindelicorum
999 183 1052 217 15.
1080 183 1265 217 Februarii
1295 184 1393 217 1561.
1783 188 1835 228 51

66 300 109 341 la
142 313 220 340 sua
242 299 534 352 promottione
557 314 641 340 non
676 300 793 341 fusse
818 299 1018 350 differita,
1054 303 1098 343 et
1128 301 1239 342 cossi
1273 303 1294 343 e
1319 301 1531 351 ordinato,
1566 302 1688 343 ch’al
1722 303 1840 356 prin-

66 364 177 419 cipio
211 364 324 405 della
357 365 603 417 quaresima
636 365 700 406 sia
734 365 937 419 expedito
971 366 1000 406 il
1035 365 1300 408 dottorat01.
1346 366 1428 408 Nel
1464 380 1632 408 essame
1655 367 1689 408 si
1714 370 1839 421 porto

66 430 200 471 molto
235 429 342 471 bene
376 430 472 482 quel
506 430 662 483 padre,
707 433 750 472 et
785 433 807 471 e
841 430 1085 473 desiderato
1120 431 1190 473 dal
1224 431 1516 473 Arciuescouo
1550 432 1841 485 strigoniense

66 495 109 536 in
143 494 349 536 Tirnauia
381 508 459 549 per
492 495 727 537 cominciar
761 510 839 537 con
873 496 1028 550 puochi
1062 496 1164 539 altri
1197 497 1294 550 quel
1329 497 1532 550 Collegio.
1578 497 1727 548 Credo,
1763 498 1840 540 che

67 574 152 601 non
194 559 425 613 bisognera
471 560 583 602 cossi
627 563 773 614 presto
807 561 1084 615 multiplicar'
1121 561 1179 603 ibi
1221 562 1251 603 li
1283 562 1442 612 nostri,
1489 562 1533 603 111
1565 562 1632 604 0111
1665 563 1743 605 0110
1776 563 1841 605 010

67 624 226 678 meglio
260 625 457 667 conciata
490 626 532 667 la
567 640 682 668 casa.

187 690 357 739 Quanto
391 692 416 732 a
449 691 506 733 M.
541 691 763 741 Hurtado,
808 691 870 732 ch'
892 692 1046 733 adesso
1080 695 1149 734 sta
1183 707 1262 734 con
1294 707 1414 734 meco
1460 692 1531 746 qui
1563 693 1605 734 in
1641 694 1842 746 Augusta

67 756 252 797 secondo
286 756 312 796 l’
333 755 481 798 ordine
515 755 618 798 div.
653 771 686 799 r.
723 759 756 797 c'
787 759 913 810 porto
947 757 989 799 la
1022 771 1136 799 noua
1169 758 1283 799 della
1314 760 1454 800 morte
1489 758 1555 800 del
1589 758 1841 801 charissimo

66 823 215 864 nostro
249 820 424 864 fratello
458 821 647 863 Antonio
681 821 893 872 ‚ltaliano,
928 837 1006 876 per
1038 822 1067 863 il
1101 823 1228 875 quale
1262 822 1548 865 desideriamo
1581 824 1611 865 li
1642 824 1840 879 sacrificij

68 890 112 928 et
146 886 330 940 orationj
372 887 488 928 soliti
532 887 645 928 della
689 887 958 941 compagnia.
1024 888 1142 930 Jtem
1183 888 1450 931 intendiamo
1492 889 1521 930 11
1566 903 1676 942 gran
1720 904 1842 931 man-

67 954 267 994 camento
301 952 370 994 del
404 953 524 995 detto
558 952 740 1005 collegio
774 952 1016 1005 Pragense,
1062 956 1224 1006 quanto
1265 954 1319 995 ad
1352 968 1409 995 vn
1441 954 1575 996 lettor
1607 968 1765 1007 graeco
1800 958 1844 997 et

67 1020 211 1071 poeta,
245 1017 374 1060 Jddio
407 1017 520 1060 facia
553 1018 631 1059 che
663 1017 838 1072 possino
871 1018 1007 1059 hauer
1045 1019 1200 1060 alcuna
1233 1019 1529 1062 consolatione
1562 1019 1604 1061 di
1631 1020 1768 1062 Roma
1800 1020 1843 1062 in

68 1084 224 1135 questa
246 1097 357 1136 gran
378 1083 607 1125 necessita.
652 1083 850 1125 Hauemo
884 1084 1089 1126 mandato
1124 1084 1162 1125 d'
1186 1084 1412 1138 Ingolstad
1444 1084 1473 1126 il
1499 1100 1551 1139 .p.
1577 1085 1843 1128 Theodorico

68 1147 296 1190 Wesfalo2
328 1162 406 1202 per
427 1148 610 1199 Vienna,
644 1162 721 1202 per
754 1149 831 1190 che
864 1148 893 1190 il
926 1163 1003 1190 suo
1037 1149 1206 1191 studiar
1236 1149 1279 1191 in
1312 1150 1533 1203 theologia
1566 1165 1672 1204 poco
1706 1151 1844 1193 frutto

68 1212 238 1264 sacena,
274 1216 318 1256 et
351 1216 374 1255 e
406 1214 540 1256 molto
575 1214 822 1256 desiderato
857 1215 927 1256 dal
961 1229 1001 1268 p.
1035 1214 1240 1264 Vittoria,
1285 1215 1327 1257 al
1361 1216 1461 1268 qual
1495 1216 1619 1257 uiene
1652 1230 1732 1269 pur
1766 1230 1845 1258 con

69 1281 225 1332 questa
247 1279 505 1330 conditione,
540 1280 617 1321 che
650 1279 685 1321 si
708 1279 853 1321 mandi
878 1294 934 1321 vn
969 1280 1081 1322 altro
1115 1295 1192 1334 per
1213 1280 1372 1334 Praga,
1408 1281 1485 1322 0110
1508 1296 1637 1335 90000
1672 1280 1846 1334 agiutar

69 1358 148 1399 per
178 1345 220 1386 la
255 1359 370 1395 casa,
405 1345 588 1387 essendo
621 1344 679 1386 iui
712 1347 836 1387 tanto
871 1345 1026 1399 puochi
1062 1345 1262 1399 soggieti‚
1298 1349 1343 1388 et
1374 1360 1459 1388 non
1492 1346 1596 1389 tutti
1633 1347 1712 1388 ben
1736 1347 1844 1390 sani.

69 1410 294 1464 Speriamo
328 1410 406 1452 che
439 1413 593 1464 questo
627 1411 809 1464 collegio
840 1411 1062 1464 Pragense
1096 1413 1129 1452 s'
1150 1411 1297 1453 alzara
1330 1426 1416 1453 una
1449 1412 1569 1454 uolta
1603 1426 1723 1454 come
1755 1427 1846 1454 me-

70 1475 179 1526 rita,
222 1476 426 1518 massime
466 1476 682 1519 tornando
724 1476 754 1517 li
787 1476 924 1518 nostri
959 1476 1131 1530 Boemj,
1175 1491 1199 1518 o
1242 1477 1282 1518 al
1315 1491 1469 1519 manco
1503 1478 1643 1532 alcunj
1679 1478 1721 1519 di
1754 1478 1845 1520 loro

71 1541 154 1582 ben
186 1540 377 1592 fondati,
422 1542 593 1595 quando
632 1555 790 1596 parera
823 1544 848 1582 a
882 1556 921 1583 V.
956 1542 1037 1584 113.
1102 1542 1171 1583 Vn
1213 1542 1327 1584 altro
1371 1556 1513 1584 mezzo
1554 1557 1632 1597 per
1673 1543 1848 1596 agiutar

71 1691 264 1737 epistulam
290 1691 425 1727 scribit.
478 1691 578 1734 Quod
605 1693 649 1727 ad
675 1693 830 1738 priorem
858 1693 1007 1735 attinet,
1040 1693 1162 1727 statim
1190 1693 1377 1733 mandavi,
1414 1705 1458 1726 110
1486 1693 1562 1727 eius
1590 1694 1846 1738 promotionem

70 1746 274 1787 differrent;
302 1757 412 1790 quare
439 1746 676 1780 constitutum
703 1749 767 1788 est,
794 1749 835 1780 ut
860 1747 1005 1780 ineunte
1024 1745 1307 1789 Quadragesima
1335 1746 1489 1780 doctoris
1516 1746 1613 1781 illius
1637 1747 1770 1781 creatio
1789 1747 1847 1781 ab·

71 1800 275 1834 solveretur
292 1802 310 1833 ¹.
343 1799 454 1834 Pater
479 1800 550 1841 ille,
578 1812 658 1834 cum
678 1800 754 1834 eius
773 1800 961 1834 scientiam
980 1802 1172 1841 tentarent,
1200 1800 1390 1834 admodum
1410 1800 1498 1834 bene
1524 1812 1562 1834 se
1582 1801 1714 1844 gessit3
1742 1812 1848 1844 quem

71 1853 278 1898 Tyrnaviae
305 1865 384 1887 cum
409 1853 490 1888 aliis
509 1854 634 1898 paucis
653 1854 845 1897 collegium
865 1854 951 1887 illud
972 1854 1139 1888 incohare
1158 1854 1257 1899 cupit
1275 1853 1567 1899 archiepiscopus
1585 1854 1848 1898 strigoniensis.

72 1907 151 1941 Non
186 1908 272 1952 puto
309 1907 553 1942 necessarium
593 1919 691 1948 esse,
732 1910 770 1942 ut
806 1908 855 1942 ibi
890 1908 977 1941 adeo
1016 1907 1182 1941 celeriter
1217 1909 1393 1951 augeatur
1427 1911 1630 1941 nostrorum
1665 1907 1848 1942 hominum

70 1972 251 2001 numerus,
279 1963 473 2005 antequam
499 1962 606 1995 aedes
633 1961 762 1995 melius
790 1961 989 1995 instructae
1016 1961 1099 1995 sint.

193 2014 240 2048 M.
270 2014 457 2048 Hurtadus
483 2026 578 2049 nunc
604 2027 743 2049 mecum
771 2015 830 2049 hic
856 2014 956 2058 degit
982 2016 1179 2058 Augustae,
1207 2015 1301 2049 sicut
1320 2014 1361 2048 R.
1380 2014 1423 2049 V.
1450 2014 1599 2055 0101011;
1627 2014 1657 2048 10
1683 2015 1849 2049 nuntium

72 2068 176 2102 nobis
211 2068 334 2102 attulit
368 2069 445 2102 vita
481 2069 636 2103 cessisse
663 2069 857 2103 Antonium
886 2068 1017 2102 Italum
1045 2067 1270 2102 carissimum
1296 2068 1447 2102 fratrem
1473 2070 1654 2108 nostrum3
1689 2080 1752 2113 pro
1780 2080 1849 2113 quo

72 2121 251 2156 sacrificia
286 2123 538 2166 orationesque
573 2122 700 2156 solitas
728 2133 748 2156 a
775 2122 954 2156 Societate
981 2121 1055 2155 Deo
1082 2122 1200 2155 offerri
1236 2121 1411 2166 cupimus.
1463 2121 1705 2165 Cognovimus
1742 2122 1850 2156 etiam

71 2175 267 2219 collegium
292 2175 381 2210 illud
407 2187 585 2221 pragense
611 2188 829 2221 magnopere
856 2175 969 2221 premi
996 2187 1046 2216 eo,
1075 2175 1168 2219 quod
1194 2175 1338 2218 linguae
1358 2187 1509 2219 graecae
1528 2178 1563 2210 et
1581 2176 1671 2210 artis
1690 2176 1851 2220 poeticae

73 2229 248 2273 magistro
268 2231 377 2264 caret.
412 2229 519 2263 Faxit
538 2229 644 2270 Deus,
671 2231 712 2263 ut
739 2229 873 2273 aliquid
901 2229 1027 2263 solacii
1045 2228 1158 2262 Roma
1184 2229 1366 2274 accipiant
1391 2228 1427 2262 in
1454 2240 1585 2272 magna
1602 2229 1669 2263 hac
1696 2229 1850 2263 necessi-

73 2284 161 2316 tate.
212 2282 433 2326 Ingolstaclio
459 2282 499 2316 P.
526 2282 784 2316 Theodoricum
814 2282 1094 2327 Westphalum²
1121 2281 1367 2315 Vindobonam
1394 2281 1576 2324 misimus,
1613 2282 1696 2326 quia
1732 2282 1851 2316 studia

74 2335 154 2370 eius
191 2335 395 2379 theologica
429 2347 556 2381 parum
594 2348 764 2381 prospere
803 2336 1044 2381 procedebant
1082 2339 1191 2379 atque
1229 2335 1306 2380 ipse
1341 2335 1574 2369 vehementer
1612 2335 1796 2380 expetitur
1831 2347 1852 2369 a

75 2389 116 2424 P.
144 2389 324 2430 Victoria3
361 2389 405 2423 ad
442 2400 546 2433 quem
582 2391 704 2423 tamen
730 2390 798 2424 hac
825 2401 905 2423 cuin
933 2388 1140 2423 condicione
1166 2389 1284 2430 venit,
1320 2390 1361 2422 ut
1397 2388 1548 2423 alterum
1586 2389 1667 2423 inde
1694 2389 1851 2432 Pragam

74 2443 242 2484 mittant,
275 2443 337 2487 qui
372 2443 466 2477 domi
501 2443 628 2477 utilem
664 2455 702 2477 00
737 2443 909 2488 praebere
944 2442 1078 2487 possit;
1114 2442 1163 2476 ibi
1199 2442 1292 2476 enim
1319 2442 1424 2476 valde
1451 2443 1554 2488 pauci
1581 2442 1742 2477 homines
1767 2444 1853 2477 sunt

76 2508 192 2541 neque
219 2508 342 2531 omnes
367 2497 457 2531 bene
483 2496 617 2531 valent.
669 2496 862 2541 Spei-amus
898 2496 1090 2539 collegium
1125 2494 1192 2529 1100
1228 2506 1405 2540 pragense
1441 2496 1484 2530 ad
1520 2508 1623 2530 suum
1660 2496 1852 2540 aliquando

73 2550 200 2585 florem
225 2553 484 2595 perventurum
511 2561 601 2591 esse,
628 2550 784 2584 maxime
812 2561 892 2584 cum
919 2549 1068 2583 Bohemi
1094 2548 1208 2582 nostri
1233 2548 1292 2582 vel
1316 2548 1447 2583 saltem
1474 2549 1586 2594 aliqui
1613 2561 1735 2584 eorum
1762 2550 1852 2584 bene

75 2603 235 2637 instituti
269 2603 541 2647 confirmatique
576 2603 684 2637 istinc
720 2603 912 2644 redierint,
949 2603 1090 2647 quando
1118 2601 1158 2636 R.
1186 2602 1229 2636 V.
1257 2602 1376 2636 visum
1402 2602 1471 2636 erit
1485 2603 1507 2637 ³.
1558 2603 1683 2637 Altera
1711 2603 1852 2646 collegii

202 2732 212 2752 ¹
239 2731 449 2775 Ingolstadii
469 2731 560 2765 Socii
586 2731 649 2773 illi,
677 2742 766 2775 quos
784 2731 931 2765 Lainius
950 2731 1084 2765 Canisii
1109 2731 1304 2776 praepositi
1332 2730 1563 2776 provincialis
1588 2730 1848 2773 „consultores‘

77 2786 328 2827 constituerat,
364 2785 561 2829 degebant:
599 2785 670 2819 PP.
697 2785 868 2819 Nicolaus
895 2784 1070 2826 Lanoius,
1107 2785 1257 2819 Ioannes
1286 2784 1525 2826 Cuvillonius‚
1561 2784 1769 2829 Alphonsus
1798 2784 1852 2817 Pi-

79 2850 200 2874 sanus.
251 2838 426 2880 Lanoius‚
454 2838 595 2881 collegii
621 2839 758 2879 rector,
790 2838 897 2872 etiam
926 2838 1122 2882 praepositi
1148 2838 1381 2883 provincialis
1413 2837 1652 2880 „admonitor“
1682 2848 1702 2870 a
1728 2836 1853 2871 Lainio

78 2892 285 2927 nominatus
313 2894 391 2926 erat
419 2892 526 2936 (Can.
555 2891 644 2936 Epp.
672 2892 715 2933 II,
744 2892 824 2926 737.
852 2891 920 2925 753
932 2892 972 2934 5).
1025 2891 1116 2925 Vide
1143 2889 1383 2933 etiam'infra,
1410 2902 1565 2925 monum.
1593 2890 1673 2924 288.
1701 2890 1779 2924 289.

202 2947 215 2967 ²
240 2945 280 2980 P.
300 2946 560 2980 Theodoricum
579 2945 623 2979 ab
642 2944 929 2979 Hauekeschede
950 2944 1299 2989 (Havekenscheid),
1326 2944 1484 2979 nobilem
1502 2943 1723 2987 guestfalum
1748 2944 1852 2986 (Can.

84 2999 171 3045 Epp.
198 2999 250 3041 II,
287 2999 387 3034 391⁵.
417 2999 497 3033 527.
525 2999 622 3042 922).
674 2997 785 3039 Quem
813 3000 858 3032 A.
884 2999 1012 3032 Fahne
1046 2998 1138 3032 falso
1166 2998 1297 3033 asserit
1322 2997 1457 3032 Romae
1483 3009 1514 3031 a.
1544 2998 1635 3031 1556
1674 2999 1852 3030 mortuum

79 3064 181 3087 esse:
209 3052 425 3087 Geschichte
453 3053 516 3087 der
540 3051 860 3096 Westphalischen
888 3051 1147 3085 Geschlechter
1176 3051 1280 3096 (00111
1309 3050 1415 3094 1858)
1444 3063 1478 3096 9.
1505 3051 1585 3085 206.

203 3106 215 3126 ⁸
241 3107 281 3140 In
308 3106 459 3150 collegio
486 3105 676 3140 Societatis
703 3117 848 3139 romano
874 3106 960 3139 tunc
987 3105 1212 3139 Venceslaus
1240 3104 1440 3145 Sturmius,
1468 3104 1630 3137 Andreas
1657 3103 1855 3144 Pffissinus,

82 3159 275 3194 Balthasar
300 3159 535 3200 Hostovinus,
560 3159 713 3193 Ioannes
739 3158 874 3201 Labra,
902 3158 963 3192 alii
990 3158 1192 3203 complures
1219 3157 1410 3193 Societatis
1436 3157 1586 3191 iuvenes
1612 3168 1657 3190 ex
1685 3156 1856 3190 Bohemia

1525 3216 1573 3248 4*
