2093 3444
556 174 713 208 Monum.
744 173 952 217 (litteraria)
982 173 1060 208 389.
1092 172 1208 215 (Anno
1238 173 1354 215 1561.)
1757 174 1839 215 775

71 300 163 323 anno
192 289 282 323 1556
309 300 389 322 cum
417 289 520 323 titulo
552 290 753 335 „Principia
772 290 1055 325 Grammatices“
1087 289 1298 332 Ingolstadii
1326 289 1499 323 edendam
1524 290 1716 323 curaverat
1736 288 1841 332 (Can.

71 342 160 387 Epp.
187 342 221 383 Ι,
249 342 316 376 592
328 342 376 385 ²),
413 353 505 376 anno
534 344 621 377 1561
650 343 816 386 Dilingae
843 343 878 377 in
904 343 1019 377 lucem
1055 343 1188 388 prodiit
1223 343 1274 377 sic
1310 343 1501 387 inscripta:
1541 341 1806 384 „PRINCIPIA
1835 340 1838 387 Ι

72 394 439 436 GRAMMATIcES,
480 394 482 439 Ι
513 396 740 431 LIBELLVS
768 396 832 430 AD
860 396 967 431 EIVS
994 396 1133 430 ARTIS
1164 396 1166 439 f
1196 395 1374 430 rudimeta
1406 395 1510 440 plene
1545 398 1620 430 tum
1656 395 1842 436 tradenda,

70 450 146 482 tum
173 459 250 493 per·
281 458 282 474 ³
313 448 495 493 cipienda‚
530 451 570 483 ut
604 449 725 484 nullus
752 450 826 483 fere
853 449 965 490 alius,
1002 461 1073 483 ma-
1104 470 1106 490 1
1136 449 1231 483 xime
1268 449 1473 483 commodus
1509 449 1698 483 iuuentuti.
1729 448 1731 490 ζ
1760 448 1841 490 [Se-

72 506 233 546 quuntur
270 504 292 534 :2
323 502 525 544 poemata]
567 531 568 545 2
610 503 712 536 Anno
751 503 819 536 Dfii
858 503 906 537 M.
936 502 977 537 D.
1006 502 1115 536 LX1.“
1179 503 1219 536 In
1258 504 1418 536 extremo
1457 502 1567 536 libro:
1611 502 1842 544 „DILINGAE

71 554 362 589 EXGVDEBAT
425 554 668 589 SEBALDVS
694 555 899 590 MAYER.“
946 556 990 591 80
1023 556 1127 595 min.;
1163 557 1198 591 ff.
1233 556 1278 590 42
1318 556 1454 599 (addito
1489 555 1643 599 titulari)
1683 555 1842 590 numeris

70 619 139 642 non
165 608 320 651 signata.
371 608 411 641 In
438 608 514 642 folii
539 608 699 643 titularis
726 609 858 653 pagina
891 620 1021 643 aversa
1048 609 1207 644 Codretti
1242 609 1419 654 praefatio
1455 611 1586 643 exstat.
1638 608 1666 642 E
1703 620 1841 652 germa-

69 661 159 695 nicis
185 661 257 695 illis
284 661 422 701 verbis,
460 672 552 704 quae
578 661 615 695 in
641 662 795 696 editione
821 662 1096 706 ingolstadiensi
1122 663 1191 707 ipsi
1217 663 1367 696 orationi
1394 663 1555 696 intextae
1582 663 1684 703 sunt,
1720 661 1841 706 aliqua

70 715 302 755 omittuntur,
338 714 477 758 reliqua
513 714 550 748 in
584 715 746 758 margine
782 718 973 760 ponuntur.
1034 716 1073 749 111
1109 716 1179 750 fine
1214 716 1294 750 libri
1332 715 1511 750 orationes
1547 715 1691 759 quidem
1725 726 1841 756 mane,

69 767 230 813 vesperi,
268 768 311 802 ad
338 779 499 801 mensam
527 768 717 810 dicendae,
753 781 823 803 non
849 781 935 803 vero
960 768 1129 803 minimus
1155 769 1215 803 ille
1243 769 1377 803 Canisii
1403 768 1645 803 catechismus
1671 768 1840 808 cernitur,

71 821 132 865 qui
158 821 194 855 in
221 821 376 855 editione
402 820 679 865 ingolstadiensi
706 824 899 867 comparet.

188 874 364 908 Editionis
391 874 596 919 exemplum
624 877 745 909 exstat
771 875 951 910 Monachii
978 875 1013 909 in
1039 875 1256 910 bibliotheca
1283 875 1392 919 regia,
1421 875 1457 909 L.
1486 875 1563 909 Lat.
1591 875 1671 909 666.

188 927 390 962 Editionem
416 927 510 962 hanc
537 927 680 962 Canisio
707 929 880 973 probante
907 940 949 962 ac
976 929 1129 963 fortasse
1157 929 1265 963 etiam
1292 929 1487 962 adiuvante
1514 929 1647 962 factam
1681 939 1760 962 esse
1795 939 1840 961 ex

68 993 109 1015 eo
136 981 299 1016 conicere
324 981 428 1022 licet,
468 981 560 1024 quod
587 982 663 1026 ipse
690 982 726 1015 in
752 982 883 1016 litteris
910 983 941 1016 9.
970 981 1190 1026 Septembris
1220 982 1307 1016 1561
1337 983 1380 1016 ad
1408 982 1447 1016 P.
1475 982 1642 1016 Ioannem
1669 981 1839 1015 Rethium

68 1034 102 1069 S.
129 1035 181 1076 J.,
209 1034 390 1079 gymnasii
415 1034 525 1069 trium
553 1046 763 1069 coronarum
791 1035 1004 1069 coloniensis
1034 1036 1271 1079 „regenti-2111&
1309 1035 1403 1069 datis
1429 1035 1523 1069 inter
1547 1035 1678 1076 libros,
1715 1034 1776 1078 qui
1802 1034 1839 1067 in

68 1087 200 1122 scholis
226 1088 433 1132 provinciae
457 1087 491 1122 S.
511 1088 544 1122 J.
574 1087 788 1122 Germaniae
815 1089 1009 1133 superioris
1036 1089 1300 1131 adhiberentur,
1327 1088 1416 1123 haec
1443 1099 1583 1132 quoque
1615 1088 1835 1132 „Principia“

68 1141 288 1180 nominavit:
315 1141 399 1175 vide
425 1153 533 1186 supra
560 1154 593 1186 p.
622 1142 700 1176 210.

888 1225 1018 1266 389.

841 1312 943 1349 Anno
970 1313 1056 1349 1561.

187 1398 219 1430 1.
250 1397 389 1430 Canisii
418 1397 576 1438 „Parcas
603 1397 831 1429 catechismus
861 1395 1156 1437 Caz‘liolicoram“²
1194 1397 1237 1429 ab
1273 1401 1415 1430 (uictore
1450 1397 1666 1439 recofflzitas,
1707 1397 1838 1429 Vindo-

69 1450 178 1483 bonae
205 1451 242 1483 in
269 1450 410 1493 colleyio
439 1450 623 1484 Societatis
648 1451 763 1483 demto
789 1451 987 1494 excuditur,
1023 1451 1156 1483 additis
1183 1451 1393 1493 Scriptarae
1418 1451 1503 1483 locis
1528 1450 1695 1483 adversas
1719 1454 1838 1492 prote-

68 1507 201 1536 stantes
226 1504 436 1536 adhibendis
462 1507 492 1536 et
519 1504 702 1547 „oratione
730 1505 766 1537 S.
800 1501 997 1545 leomae“;
1035 1505 1097 1546 qai
1132 1504 1219 1536 liber
1254 1515 1274 1536 a
1303 1504 1443 1547 colle9i0
1469 1503 1617 1537 Ioannis
1648 1503 1837 1547 Trantson,

67 1558 225 1600 supremi
251 1558 457 1590 marescalci
492 1557 596 1590 aedae
631 1568 832 1601 caesareae,
868 1558 942 1598 filio
975 1558 1176 1593 dedicatur.
1213 1558 1306 1600 (μισοῖ
1341 1561 1370 1590 et
1406 1559 1478 1600 ipse
1504 1560 1534 1589 et
1562 1560 1669 1599 pater
1698 1555 1838 1589 Canisii

69 1611 192 1651 (caius
219 1612 331 1644 virtus
356 1611 548 1651 lcmdatur)
577 1612 815 1643 amantissime?
839 1612 921 1643 sint.
972 1613 1004 1644 2.
1042 1612 1139 1643 Idem
1173 1611 1272 1654 liber,
1308 1621 1329 1643 a
1360 1611 1504 1644 Canisio
1539 1614 1735 1653 correctus,
1776 1609 1838 1642 Co-

66 1664 185 1696 loniae
211 1665 337 1697 iterum
366 1665 484 1697 editur
511 1675 587 1697 enm
608 1665 858 1707 praefatione,
894 1665 933 1697 in
960 1675 1030 1707 aaa
1060 1665 1228 1697 Canisius
1254 1664 1344 1697 alios
1370 1674 1503 1707 qaoque
1529 1662 1750 1696 catechismos
1775 1664 1838 1695 ad-

66 1717 181 1750 hiberi
200 1728 303 1760 posse
328 1718 510 1761 affirmat,
547 1729 588 1750 ac
615 1722 785 1761 quantam
813 1718 909 1751 Socii
928 1718 1102 1760 parc-'ulos
1127 1721 1244 1750 (intent
1269 1721 1299 1750 et
1325 1728 1390 1750 car
1415 1718 1489 1760 ipse
1524 1716 1728 1749 catechismo
1763 1717 1837 1749 iam

66 1781 191 1804 nomen
216 1781 320 1803 sicam
347 1776 513 1814 apponat,
541 1772 693 1814 exponit.
739 1773 770 1804 3.
797 1772 892 1803 Idem
920 1771 1008 1804 liber
1035 1771 1249 1813 Antverpiae
1274 1771 1388 1803 demto
1416 1771 1453 1803 iii
1478 1771 1587 1803 lacem
1606 1770 1731 1812 prodit
1758 1781 1835 1802 cam

72 1823 198 1865 Officio
225 1829 388 1858 aeternae
415 1825 635 1867 Sapientiae,
667 1824 952 1858 meditationibus
978 1825 1018 1856 de.
1044 1825 1232 1857 virtutibus
1269 1823 1404 1857 Christi
1438 1828 1496 1857 etc.
1539 1824 1636 1856 Idem
1670 1823 1835 1856 similisve

67 1877 156 1910 liber
182 1879 371 1912 eoecuditzcr
398 1879 428 1911 4.
459 1878 646 1911 Cameraci
671 1881 702 1910 et
729 1881 759 1911 5.
789 1878 981 1910 Cracoviae
1006 1888 1048 1909 ae
1071 1878 1224 1919 fortasse
1251 1880 1282 1911 6.
1309 1879 1348 1910 iii
1371 1877 1503 1910 Gallia.
1541 1879 1572 1910 7.
1600 1877 1738 1909 Parcas
1764 1877 1837 1917 (vel

67 1931 255 1971 mininms)
279 1931 417 1964 Canisii
442 1932 669 1964 catechismus
692 1931 725 1964 P.
744 1931 928 1964 Possevino
954 1935 1102 1963 curante
1130 1932 1294 1973 impensis
1320 1931 1419 1963 (lacis
1437 1930 1642 1964 Sabaadiae
1659 1930 1835 1973 Vercellis,

72 1984 228 2029 Genaae,
254 1985 405 2018 Venetiis
431 1986 621 2018 excuditur
646 1989 676 2017 et
695 1996 765 2028 per
792 1984 1012 2018 Sabaudiam
1038 1984 1302 2018 disseminatur.
1537 1979 1539 1981 ¹

189 2069 225 2110 1.
269 2068 395 2109 Anno
440 2069 548 2109 1561
588 2067 870 2109 Vindobonae
913 2066 1071 2109 Canisii
1110 2067 1302 2117 „Parvus
1345 2066 1633 2108 catechismus
1676 2066 1834 2108 Catho-

65 2133 267 2175 licorum“
307 2132 378 2185 (de
411 2147 494 2186 quo
518 2133 616 2174 vide
642 2134 744 2175 Can.
769 2133 877 2186 Epp.
902 2132 954 2182 II,
991 2132 1256 2185 890—892),
1292 2132 1345 2173 ab
1368 2131 1461 2185 ipso
1494 2134 1671 2174 auctore
1703 2131 1832 2185 paulo

66 2201 168 2241 ante
199 2198 370 2249 iterum,
403 2198 556 2240 Lainio
587 2197 836 2252 praeposito
869 2197 1062 2251 generali
1094 2197 1329 2239 adiuvante
1353 2196 1469 2250 (vide
1495 2210 1627 2251 supra
1648 2211 1688 2250 p.
1714 2198 1752 2238 3.
1773 2195 1833 2249 9),

65 2264 328 2317 recognitus,
363 2263 502 2305 denuo
535 2277 721 2305 excusus
754 2266 832 2306 est.

184 2351 322 2386 Folium
349 2351 495 2386 titulare
521 2351 557 2385 in
583 2363 652 2385 uno
679 2350 759 2394 illo,
795 2351 888 2395 quod
916 2350 1080 2394 equidem
1106 2352 1235 2384 nactus
1261 2361 1360 2391 sum,
1396 2349 1478 2383 libri
1514 2348 1678 2393 exemplo
1714 2348 1834 2389 deest;

68 2404 152 2445 16⁰;
186 2405 221 2439 ff.
248 2417 319 2439 non
344 2404 437 2448 sign.
468 2405 510 2439 12
547 2404 684 2449 (addito
719 2404 896 2447 titulari);
932 2403 1058 2437 deinde
1084 2403 1120 2437 ff.
1156 2403 1248 2446 sign.
1274 2402 1330 2437 48.
1382 2403 1423 2436 In
1457 2402 1582 2447 primis
1615 2402 1638 2435 4
1664 2402 1699 2435 ff.
1737 2401 1835 2446 (post

64 2457 228 2501 titulare)
265 2458 408 2492 litterae
443 2458 683 2492 dedicatoriae
719 2469 740 2492 a
770 2459 990 2501 „Gymnasio
1017 2456 1192 2491 Caesareo
1224 2456 1415 2491 Societatis
1451 2456 1533 2490 Iesu
1569 2455 1728 2489 Viennae
1762 2455 1834 2489 Au-

65 2511 195 2545 stria&
231 2512 412 2554 „Viennae
438 2523 530 2545 anno
557 2511 700 2545 Domini
728 2511 814 2545 1561
845 2511 888 2545 .4.
915 2510 1000 2544 Idus
1026 2509 1127 2555 Iulij“
1159 2510 1263 2544 datae
1291 2510 1335 2544 ad
1361 2509 1628 2543 adulescentem
1654 2508 1832 2551 Ioannem,

65 2564 178 2598 filium
213 2564 357 2599 Ioannis
391 2564 494 2599 liberi
528 2565 671 2599 baronis
707 2564 749 2598 de
785 2563 982 2604 Trautson‚
1028 2563 1089 2607 qui
1124 2562 1316 2597 comitatus
1351 2562 1534 2596 tirolensis
1572 2561 1833 2604 „marescalcus

64 2617 340 2660 hereditarius“,
367 2617 470 2652 aulae
497 2617 712 2652 Ferdinandi
739 2617 765 2651 I.
792 2628 981 2662 supremus
1011 2616 1308 2658 „ma1·escalcus“,
1335 2616 1449 2650 eidem
1477 2615 1613 2650 caesari
1641 2626 1661 2648 a
1687 2614 1834 2649 consilio

66 2671 244 2705 sanctiore
271 2673 359 2705 erat.
395 2671 602 2715 Sequuntur
627 2670 808 2705 indiculus
833 2682 952 2704 rerum
974 2669 1035 2714 (10
1053 2669 1128 2714 pp.)
1157 2671 1192 2703 et
1223 2670 1381 2712 „errata“
1407 2669 1442 2712 (3
1460 2669 1549 2714 pp.).
1584 2667 1833 2702 Catechismus

65 2724 141 2769 ipse
168 2728 224 2758 est
249 2725 285 2758 in
314 2723 339 2758 f.
370 2725 503 2765 1—41;
540 2724 666 2758 deinde
705 2723 947 2766 „Testimonia
981 2723 1188 2768 Scripturae
1223 2734 1366 2764 sacrae,
1403 2727 1526 2757 contra
1560 2721 1762 2756 haereticos
1795 2721 1832 2755 in

64 2779 233 2823 promptu
258 2789 400 2822 semper
425 2777 633 2817 habenda&
661 2777 682 2811 3
709 2777 910 2811 sententiae
937 2776 970 2811 S.
998 2776 1214 2820 Augustini;
1245 2775 1388 2818 „Oratio
1416 2775 1509 2809 beati
1529 2775 1697 2817 Thomae,
1724 2785 1831 2818 quam

64 2831 142 2876 ipse
168 2830 328 2875 quotidie
354 2830 493 2865 solebat
518 2830 681 2865 recitare.
718 2830 880 2865 Concede
906 2829 1004 2871 mihi,
1032 2841 1165 2873 quaeso
1192 2830 1416 2874 omnipotens
1442 2831 1477 2863 et
1502 2828 1706 2862 misericors
1723 2827 1831 2869 Deus,

66 2896 158 2929 quae
184 2884 250 2918 tibi
275 2884 411 2929 placita
437 2886 532 2925 sunt,
559 2883 752 2927 diligenter
778 2886 815 2917 et
839 2883 1008 2917 ardenter
1034 2883 1286 2928 concupiscere
1306 2910 1312 2917 .
1333 2910 1340 2917 .
1361 2910 1368 2917 .
1396 2882 1537 2926 gaudiis
1561 2881 1636 2915 tuis
1661 2880 1698 2915 in
1714 2881 1831 2926 patria

65 2938 136 2972 frui
162 2949 226 2983 per
251 2937 436 2981 gloriam.“
473 2937 526 2971 De
553 2948 623 2981 qua
649 2937 809 2971 oratione
835 2937 955 2980 agitur
980 2936 1016 2970 in
1043 2938 1188 2970 editoris
1217 2935 1513 2979 „Katechismen“
1543 2947 1576 2980 p.
1606 2935 1684 2969 125.
1726 2934 1832 2969 Liber

64 2991 207 3035 magnis
233 2990 531 3035 elegantibusque
557 2990 655 3036 typis
682 2990 886 3035 exscriptus
922 2992 958 3024 et
983 2990 1003 3024 6
1038 2989 1165 3033 figuris
1200 2989 1236 3023 in
1270 2989 1409 3033 lignum
1444 2988 1567 3023 incisis
1593 3007 1639 3011 —
1664 2987 1830 3031 singulae

65 3045 248 3079 dimidiam
274 3044 351 3078 fere
376 3044 530 3089 paginae
556 3047 697 3089 partem
722 3046 899 3089 occupant
922 3063 968 3067 -—
994 3045 1144 3077 ornatus
1170 3045 1236 3077 est.

184 3098 225 3132 In
249 3097 381 3132 litteris
408 3097 636 3132 dedicatoriis
661 3096 801 3139 dicitur,
828 3096 1093 3131 Ferdinandum
1111 3096 1138 3130 I.
1165 3096 1236 3130 iam
1263 3098 1346 3130 ante
1373 3095 1575 3140 complures
1601 3105 1712 3129 annos
1742 3093 1830 3137 „Ca-

63 3151 257 3186 techesim‘
289 3150 493 3195 („Summa“
525 3150 658 3185 Canisii
694 3151 934 3194 significatur)
972 3152 1008 3184 et
1043 3149 1216 3184 conscribi
1253 3152 1289 3183 et
1322 3149 1483 3184 adhiberi
1517 3148 1677 3183 iussisse.
1733 3148 1829 3191 „Hoc
