2093 3444
652 197 682 230 7.
719 196 839 230 Codex
866 197 1210 242 guelpherbytanus.
1739 217 1815 245 LXI

42 316 182 356 teram
215 312 258 354 in
281 327 484 367 suprema
506 316 632 367 parte
656 314 870 366 (1—226;
905 316 1070 369 aliquot
1093 317 1134 359 ff.
1160 315 1334 370 signata
1357 332 1442 359 11011
1465 319 1598 372 sunt),
1632 320 1815 362 alteram

42 378 86 420 in
127 379 274 420 infima
306 377 543 432 (1—238);
594 393 673 433 ego
706 380 894 434 priorem
927 381 1067 432 illam,
1111 381 1268 436 quippe
1311 397 1422 436 quae
1465 397 1561 425 cum
1599 386 1818 427 communi

43 443 244 498 signandi
275 443 446 486 ratione
479 445 619 497 magis
653 445 866 498 congruit,
901 460 1071 500 sequar.

163 520 366 562 Continet
397 521 558 562 multas
590 521 762 564 litteras
787 521 902 564 inter
924 537 962 566 a.
991 524 1102 565 1556
1127 527 1171 566 et
1197 525 1308 566 1572
1332 539 1358 566 a
1382 525 1613 568 Societatis
1634 526 1818 569 homini-

43 586 123 627 bus
156 585 362 640 scriptas,
406 600 566 640 easque
599 587 760 640 partim
793 588 1078 642 archetypas,
1121 589 1280 643 partim
1315 590 1465 632 eodem
1497 590 1589 632 fere
1621 594 1819 646 tempore

45 665 100 693 ex
142 651 390 705 archetypis
433 652 690 706 exscriptas,
755 652 945 702 Quarum
978 654 1171 696 maxima
1203 669 1305 709 pars
1338 669 1361 697 e
1393 655 1552 698 litteris
1584 656 1669 699 illis
1702 672 1819 700 com-

45 716 243 758 munibus
285 719 329 759 et
361 716 578 760 historicis
610 717 874 771 pietatisque
907 719 1167 761 excitandae
1201 734 1334 762 causa
1366 721 1543 775 scriptis
1576 725 1664 772 est,
1709 737 1819 776 quae

46 781 176 824 certis
209 782 490 836 temporibus,
525 786 572 826 ut
596 785 752 836 quarto
777 797 946 837 quoque
969 798 1130 830 mense,
1165 785 1347 839 singulis
1371 787 1495 828 annis
1519 790 1600 830 etc.
1626 786 1819 839 (litterae

51 847 459 900 „quadrimestres“,
499 850 718 898 „annuae“
747 850 852 892 etc.:
888 850 942 891 cf.
970 850 1072 891 Can.
1098 850 1205 905 Epp.
1231 851 1263 901 Ι,
1289 853 1407 895 3042.
1433 852 1538 906 336)
1561 867 1616 894 ex
1638 853 1820 907 singulis

46 912 277 956 Societatis
311 913 507 955 domibus
540 913 595 955 ad
617 913 827 966 reliquam
853 914 1115 957 Societatem
1150 916 1458 962 mittebantur:
1493 932 1676 971 quarum
1708 919 1819 960 mul-

44 981 119 1021 tae
152 992 207 1020 ex
238 978 473 1033 Hispania,
509 979 621 1021 aliae
654 993 710 1020 ex
741 979 908 1033 Belgio,
944 980 1192 1031 Germania,
1226 982 1368 1032 Italia,
1402 982 1629 1025 Lusitania
1662 984 1820 1026 missae

47 1047 161 1088 sunt.
203 1043 364 1094 Quibus
396 1044 678 1087 intermixtae
711 1049 813 1087 sunt
845 1048 890 1088 et
922 1046 1123 1099 privatae
1156 1046 1323 1100 aliquot
1346 1048 1568 1090 Sociorum
1591 1049 1818 1103 epistulae,

47 1112 91 1152 et
122 1109 298 1152 litterae
331 1109 497 1163 aliquot
529 1124 555 1151 a
587 1110 859 1152 Ferdinando
892 1111 924 1153 Ι.
960 1125 1156 1162 caesare,
1192 1112 1467 1166 Sigismundo
1500 1114 1701 1168 Augusto
1734 1115 1818 1157 Po-

46 1174 188 1232 loniae
228 1189 353 1228 rege,
397 1175 579 1218 Alberto
612 1175 666 1218 V.
699 1175 917 1218 Bavariae
959 1177 1066 1219 duce
1109 1177 1251 1221 datae.
1314 1178 1485 1222 Notatu
1526 1180 1683 1234 dignae
1725 1194 1820 1223 esse

46 1240 260 1291 videntur,
294 1244 471 1295 praeter
503 1240 625 1291 alias,
662 1240 884 1283 Sociorum
907 1241 1083 1285 litterae
1113 1257 1191 1293 „ex
1213 1243 1413 1286 Mallucis
1436 1244 1610 1287 insulis“
1640 1260 1679 1289 a.
1707 1247 1819 1287 1564

47 1308 92 1348 et
126 1307 253 1355 1566,
288 1306 400 1348 aliae
439 1306 655 1356 ‚‚indicae“
693 1320 731 1350 a.
759 1304 871 1349 '1569
906 1310 950 1350 et
976 1309 1102 1358 1572,
1136 1309 1372 1351 relationes
1406 1310 1457 1351 de
1490 1311 1619 1352 rebus
1644 1311 1820 1365 religio-

46 1371 113 1413 nis
155 1385 210 1413 ex
242 1372 422 1414 Badena
454 1386 493 1415 a.
531 1374 641 1414 1571
684 1375 728 1414 et
763 1374 876 1414 1572
908 1373 1091 1424 missae,
1130 1375 1302 1428 collegii
1333 1375 1669 1418 vindobonensis
1703 1377 1744 1419 S.
1778 1377 1818 1420 J.

46 1437 221 1480 litterae
264 1437 605 1490 quadrimestres
649 1439 717 1481 28.
757 1438 949 1480 Ianuarii
991 1440 1102 1481 1562
1144 1440 1394 1494 germanica
1437 1441 1587 1494 lingua
1630 1442 1821 1496 scriptae

47 1501 95 1555 (f.
122 1504 220 1545 169.
257 1504 355 1546 170.
392 1504 638 1546 184—187.
674 1505 921 1547 225—226.
960 1506 1056 1548 195.
1094 1507 1190 1549 196.
1220 1507 1468 1549 215-218.
1499 1507 1713 1561 70-72);
1748 1522 1821 1549 ac-

48 1568 207 1610 cedunt
239 1568 452 1623 epistulae
483 1583 509 1611 a
530 1569 614 1612 ΡΡ.
638 1569 873 1611 Paschasio
896 1570 1057 1612 Broeto
1084 1569 1160 1625 [?],
1194 1571 1355 1614 Ioanne
1378 1572 1431 1614 de
1453 1573 1656 1623 Polanco,
1689 1573 1821 1616 Petro

48 1633 100 1675 de
122 1633 413 1676 Ribadeneira
446 1637 527 1677 etc.
552 1634 799 1688 Augustam
832 1635 887 1676 ad
909 1635 1125 1678 Canisium
1158 1637 1303 1688 datae,
1337 1651 1360 1679 e
1393 1637 1547 1691 quibus
1577 1639 1820 1693 complures

48 1699 315 1754 archetypae
347 1703 462 1743 sunt.
511 1701 547 1742 E
581 1700 760 1754 reliquis
793 1714 962 1754 quoque
994 1700 1153 1744 litteris
1185 1703 1350 1746 multae
1383 1717 1409 1745 a
1430 1703 1535 1745 viris
1563 1703 1818 1754 illustribus,

47 1767 96 1806 ut
127 1764 310 1819 Iosepho
343 1764 530 1817 Acosta,
566 1765 758 1808 Adriano
792 1766 986 1817 Adriani,
1020 1767 1478 1823 FranciscoCostero,
1511 1769 1819 1824 Christophoro

48 1830 254 1878 Herrera,
287 1830 515 1873 Leonardo
547 1831 758 1881 KesseliO,
792 1832 1027 1875 Laurentio
1050 1832 1211 1886 Magio,
1244 1834 1434 1876 Henrico
1463 1834 1651 1877 Somalio
1683 1835 1820 1890 scrip-

48 1898 121 1938 tae
165 1898 279 1938 sunt.
343 1896 466 1946 Quod
507 1899 654 1939 autem
695 1896 751 1938 ad
790 1896 963 1940 litteras
1005 1898 1345 1951 quadrimestres
1387 1913 1621 1953 earumque
1659 1900 1821 1941 similes

49 1960 222 2013 attinet,
256 1961 394 2003 codex
425 1961 501 2004 illa
533 1976 681 2004 earum
716 1963 918 2017 exempla
950 1963 1156 2015 continet,
1194 1978 1304 2018 quae
1336 1965 1477 2007 Roma
1509 1968 1591 2008 etc.
1625 1966 1680 2007 ad
1714 1966 1820 2007 Ger-

48 2026 220 2068 maniae
267 2026 501 2081 superioris
549 2027 843 2082 praepositum
892 2028 1204 2082 provincialem
1249 2028 1383 2083 (quod
1423 2045 1579 2072 munus
1624 2030 1820 2073 Canisius

52 2092 365 2144 1556—1569,
411 2092 575 2135 Paulus
613 2093 822 2145 Hoffaeus
867 2095 1157 2137 1569—1582
1200 2095 1476 2149 tenuerunt),
1523 2096 1576 2137 ab
1620 2095 1702 2138 hoc
1743 2111 1821 2151 per

48 2157 174 2199 varia
204 2157 330 2200 huius
367 2158 618 2213 provinciae
657 2158 842 2212 eollegia
874 2159 1030 2210 missa,
1075 2160 1252 2202 tandem
1286 2161 1531 2214 Augustam
1565 2161 1689 2214 quasi
1721 2162 1820 2204 red-

47 2222 212 2267 ierunt:
282 2223 346 2265 ita
398 2238 434 2267 e.
487 2238 529 2277 g.
592 2223 765 2277 collegii
824 2224 1161 2267 ‚vindobonensis
1213 2225 1375 2268 litteris
1429 2226 1819 2279 quadrimestribus

51 2289 120 2330 26.
154 2288 319 2343 Aprilis
355 2291 467 2331 1562
502 2288 616 2331 datis
648 2303 779 2339 manu
811 2289 858 2334 P.
884 2289 1100 2332 Guilielmi
1132 2291 1333 2342 Elderen,
1368 2291 1440 2345 qui
1463 2292 1690 2345 Augustae
1723 2307 1819 2335 011111

50 2353 220 2395 Canisio
258 2355 541 2399 versabatur.
590 2354 848 2397 adnotatum
891 2358 980 2398 est:
1035 2356 1294 2405 „Mittantur
1330 2357 1678 2410 Jngolstadium,
1721 2358 1820 2401 inde

50 2418 106 2460 ad
138 2433 216 2460 nos
247 2419 533 2473 Augustam.“
591 2419 758 2462 Alteris
790 2422 937 2462 autem
969 2420 1128 2464 litteris
1161 2421 1208 2474 (f.
1244 2421 1468 2476 552—56b)
1501 2423 1696 2465 Canisius
1728 2423 1820 2478 ipse

49 2483 291 2538 inscripsit:
342 2485 392 2537 Λ·
425 2485 662 2538 Collegium
701 2485 967 2529 Coloniense.
1031 2486 1217 2530 Martius
1252 2489 1388 2538 1560,
1430 2489 1635 2531 Mittatur
1665 2489 1820 2542 Jngol-

51 2549 252 2600 stadium,
285 2549 386 2592 inde
407 2550 660 2593 Viennam.“
717 2551 766 2592 In
800 2551 1080 2606 complurium
1116 2553 1247 2595 etiam
1280 2553 1526 2596 litterarum
1551 2554 1689 2596 dorsis
1711 2555 1819 2597 haec

52 2614 276 2662 adnotatio
310 2615 357 2668 (f.
384 2615 474 2668 94¹³)
508 2616 578 2657 vel
611 2615 764 2657 similis
796 2620 1040 2671 comparet:
1082 2618 1266 2668 „Lectae
1298 2619 1514 2673 Monachij
1549 2622 1593 2661 et
1619 2619 1820 2673 Dilingae

52 2682 96 2722 et
118 2675 381 2735 Jngolstadij
416 2685 460 2723 et
484 2680 776 2735 OEniponti“;
811 2681 883 2723 ubi
915 2682 1087 2736 singula
1119 2683 1289 2725 urbium
1321 2683 1495 2727 nomina
1517 2699 1542 2727 a
1566 2684 1701 2727 Sociis
1733 2684 1820 2727 illic

53 2745 310 2798 degentibus
343 2745 506 2808 scripta
538 2749 652 2789 sunt.

171 2861 271 2894 Haec
297 2861 416 2894 omnia
441 2861 531 2895 satis
558 2861 653 2895 clare
679 2862 884 2902 ostendunt,
911 2862 1067 2897 codicem
1093 2863 1188 2898 hunc
1205 2864 1265 2897 vel
1291 2864 1410 2908 potius
1433 2864 1499 2899 hoc
1517 2865 1719 2899 litterarum
1746 2878 1820 2900 cor·

53 2925 119 2958 pus
144 2933 190 2937 —
216 2914 358 2958 quando
384 2914 478 2948 enim
504 2914 791 2958 conglutinatum
817 2916 875 2956 sit,
905 2927 974 2950 non
1001 2918 1143 2951 constat
1168 2937 1213 2940 —
1238 2917 1339 2951 initio
1365 2918 1552 2961 Augustae
1578 2918 1671 2963 apud
1698 2918 1820 2954 Socios

52 2967 175 3012 fuisse.
215 2967 526 3013 Guelpherbytum
542 2970 668 3001 'autem
686 2970 833 3002 curante
852 2970 1016 3013 Augusto
1038 2970 1229 3011 „iuniore“,
1248 2971 1336 3005 duce
1355 2971 1821 3015 b1·unsvico-luneburgensi

56 3019 92 3063 (.†
120 3020 246 3064 1666),
272 3020 444 3055 librorum
470 3021 717 3055 amantissimo
745 3023 781 3056 et
805 3022 1044 3058 bibliothecae
1069 3023 1186 3065 illius,
1223 3035 1314 3068 quae
1341 3024 1450 3058 etiam
1481 3025 1723 3067 „Bibliotheca
1749 3026 1820 3060 Au-

53 3074 178 3116 gusta“
210 3085 256 3121 ex
280 3073 357 3118 ipso
384 3076 545 3115 vocatur,
571 3074 764 3119 praecipuo
789 3074 1006 3117 institutore,
1034 3078 1070 3110 et
1095 3088 1240 3121 operam
1265 3077 1515 3122 interponente
1532 3077 1819 3113 Luthe'ranorum

53 3129 335 3170 augustanorum
370 3127 533 3161 ministro
569 3128 722 3172 quodam
758 3139 788 3162 a.
819 3129 910 3163 1664
934 3130 1187 3164 transmissum
1224 3133 1290 3165 est.
1341 3132 1530 3175 Augustus
1565 3132 1658 3166 enim
1686 3132 1758 3166 dux
1784 3133 1819 3166 in

53 3180 186 3221 codicis
203 3180 334 3214 <f01i0‘2
357 3180 589 3225 (signaturae
615 3181 810 3225 inferioris)
837 3193 903 3216 sua
928 3194 1036 3217 manu
1062 3184 1226 3228 scripsit:
1257 3183 1364 3225 ,Dise
1383 3183 1552 3219 Screiben
1579 3186 1641 3220 der
1663 3185 1821 3220 ι155111101-
