2093 3444
240 198 321 237 11ss
374 194 453 228 544.
490 193 635 228 Stanisl.
663 193 797 227 Hosius
825 192 977 227 Canisi0.
1020 192 1231 227 Vindobona
1257 192 1323 227 sub
1350 193 1505 226 medium
1531 204 1577 226 m.
1604 193 1766 238 Aprilem
1794 193 1896 228 1561.

237 310 437 345 Cardinalis
465 311 506 345 ad
527 311 569 345 D.
590 310 790 345 Canisi11n1“
808 323 814 350 ;
842 309 877 343 in
896 309 1010 343 altera
1028 308 1161 353 pagina
1179 308 1295 342 altera
1312 320 1419 342 manu
1439 309 1586 353 antiqua
1608 309 1804 353 (Canisii·?)
1832 309 2006 354 scriptum

235 366 307 398 est:
341 365 415 407 „Ex
441 364 573 398 litteris
601 363 801 398 Cardinalis
828 362 1083 397 Varmiensis.“

355 423 519 468 Epistula
545 436 632 458 usus
659 425 715 458 est
740 424 854 456 Isi-&ss
879 422 901 455 l.
930 433 959 456 0.
986 434 1019 466 p.
1050 422 1126 456 137.

354 507 393 540 P.
412 508 589 540 Victoriae
608 507 865 550 professionem
892 500 1050 548 excipere
1068 506 1214 538 dubitat.
1255 506 1352 546 Quae
1376 506 1408 537 si
1426 517 1504 538 cnm
1524 516 1656 549 pompa
1674 506 1742 549 fiet,
1763 507 2007 549 plurimorum

235 562 350 593 animi
376 561 611 603 offendentur.

352 683 411 686 -—
434 682 490 686 —
523 655 769 698 Postulauit
787 669 812 697 a
834 669 902 696 me
925 655 970 697 P.
996 654 1193 696 Victoria
1226 656 1274 696 ut
1296 653 1591 695 iusiurandum
1619 654 1672 696 ab
1696 668 1745 695 eo
1769 652 2004 707 reciperem

234 721 341 764 Vice
384 720 625 763 Reuerendi
669 721 728 764 .P.
763 719 1006 774 Praepositi
1024 721 1050 762 1.
1119 719 1212 772 Ego
1259 719 1571 762 deliberatione
1613 733 1708 761 cum
1750 717 2005 772 quibusdam

234 790 437 841 suscepta
469 786 665 829 intellexi
698 785 872 827 minime
904 785 946 826 id
971 785 1123 826 decere
1156 798 1236 834 1110,
1273 784 1619 838 quandoquidem
1653 784 1770 826 uices
1798 783 1868 826 hic
1900 797 2005 836 gero

234 852 474 903 Pontificis,
509 866 591 894 non
626 854 771 894 autem
806 851 851 893 P.
885 849 1142 905 Praepositi.
1209 850 1370 891 Verum
1404 849 1440 891 is
1472 864 1556 891 non
1591 849 1827 902 acquiescit
1859 848 1931 902 qui
1961 848 2004 890 id

232 932 393 971 magna
426 917 611 970 quadam
646 931 739 958 cum
774 930 932 971 pompa
964 915 1056 957 fieri
1091 916 1196 957 uult.
1241 915 1358 964 Quae
1391 929 1460 957 res
1494 917 1537 957 et
1564 915 1793 957 Caesarem
1827 913 2006 956 offendit

234 988 277 1025 et
309 983 472 1036 Regem
490 983 519 1025 2.
575 983 632 1024 Et
664 995 813 1023 uerum
846 981 1019 1023 fatebor
1050 994 1188 1034 neque
1221 980 1324 1021 mihi
1357 983 1485 1033 grata
1519 983 1598 1023 est.
1660 979 1774 1021 Nam
1808 978 2004 1032 quamuis

232 1047 324 1102 ipse
365 1047 499 1090 iactet
530 1048 610 1089 hoc
645 1047 699 1089 ad
733 1046 1048 1089 edificationem
1092 1046 1323 1088 multorum
1361 1045 1599 1100 pertinere,
1643 1047 1790 1087 tamen
1823 1058 1903 1097 ego
1936 1044 2004 1086 fu'-

231 1115 375 1155 turum
420 1113 567 1162 uideo,
612 1116 659 1155 ut
697 1112 948 1154 scandalum
990 1111 1143 1164 ingens
1184 1111 1340 1165 pariat.
1405 1110 1612 1165 Proposui
1655 1110 1717 1151 illi
1759 1110 2004 1164 exemplum

231 1192 387 1228 meum,
423 1178 494 1232 qui
527 1178 618 1219 sine
641 1191 799 1232 pompa
832 1176 1030 1231 praestiti
1066 1179 1107 1218 et
1142 1176 1232 1230 ipse
1255 1176 1549 1218 iusiurandum
1584 1175 1697 1229 quod
1725 1175 1849 1217 debui
1865 1176 1894 1225 3,
1928 1175 2003 1217 sed

233 1244 271 1285 ei
305 1258 382 1285 sua
415 1243 554 1297 magis
588 1243 731 1297 placet
766 1242 920 1296 opinio.
973 1241 1177 1283 Libenter
1208 1241 1289 1296 ipsi
1322 1256 1485 1283 morem
1519 1255 1728 1295 gererem,
1763 1241 1838 1282 sed
1872 1254 2004 1293 cogor

233 1309 363 1351 etiam
397 1323 607 1363 personae
640 1308 852 1350 rationem
886 1307 1058 1357 habere,
1094 1321 1222 1360 quam
1255 1321 1367 1348 1111110
1400 1306 1606 1356 sustineo,
1643 1319 1752 1360 quae
1785 1320 1869 1348 non
1901 1305 2002 1356 fert,

232 1377 280 1416 ut
312 1374 418 1415 Vico
452 1373 694 1428 Praepositi
728 1373 1019 1414 iuramentum
1053 1372 1299 1426 suscipiam.
1365 1372 1428 1413 Ac
1468 1373 1612 1413 metuo
1655 1385 1708 1412 ne
1749 1370 1790 1412 in
1824 1371 2002 1412 uoculas

230 1439 450 1481 hominum
484 1439 699 1480 incurram
724 1438 758 1480 si
783 1438 823 1479 id
847 1438 1005 1480 fecero.
1050 1437 1170 1487 Quod
1204 1437 1240 1478 si
1262 1451 1332 1478 res
1355 1437 1516 1490 absque
1539 1451 1697 1491 pompa
1718 1435 1810 1478 fieri
1839 1438 2001 1490 posset,

230 1504 372 1546 minus
413 1508 597 1557 grauate
629 1504 833 1546 facerem.
898 1503 1025 1545 Nunc
1067 1516 1169 1544 uero
1204 1502 1303 1555 quid
1345 1502 1446 1543 mihi
1489 1501 1545 1544 sit
1583 1502 1820 1555 agendum,
1863 1501 2003 1544 adhuc

233 1570 435 1612 delibero.
471 1596 528 1599 ψ
551 1597 603 1600 -

351 1668 533 1702 Canisium
560 1668 666 1702 huius
693 1667 893 1701 litterarum
921 1667 1035 1712 partis
1062 1666 1266 1712 exemplum
1293 1666 1398 1707 illud,
1433 1678 1502 1710 quo
1528 1665 1585 1700 hic
1612 1677 1698 1700 usus
1725 1677 1823 1707 sum,
1856 1666 1887 1700 3.
1916 1665 2002 1699 Maii

233 1722 319 1755 1561
342 1723 507 1763 Augusta
527 1721 676 1755 Romam
704 1722 746 1755 ad
768 1720 929 1754 Lainium
958 1720 1109 1761 misisse,
1137 1732 1181 1754 ex
1202 1719 1335 1754 Canisii
1360 1719 1524 1764 epistulis
1552 1720 1583 1754 3.
1603 1722 1639 1754 et
1659 1720 1713 1754 10.
1732 1719 1817 1754 Maii
1836 1719 2003 1763 Augusta

231 1775 274 1809 ad
311 1775 459 1808 eundem
498 1775 590 1809 (latis
626 1774 860 1818 intellegitur.
911 1774 977 1808 Die
1013 1776 1133 1808 antem
1171 1774 1225 1807 11.
1254 1773 1387 1818 Aprilis
1426 1774 1534 1813 1:361,
1571 1785 1649 1807 cum
1687 1772 1809 1807 Lainio
1837 1772 2003 1806 Canisius

230 1829 423 1870 scriberet,
461 1829 496 1862 in
531 1828 638 1862 huius
673 1828 838 1863 manibus
874 1827 940 1862 has
973 1827 1073 1862 Hosii
1106 1827 1248 1861 litteras
1284 1827 1438 1860 nondum
1473 1826 1604 1861 fuisse.
1641 1839 1685 1860 ex
1721 1826 1894 1871 epistula,
1930 1836 2002 1870 qua

230 1881 410 1916 Polancus
438 1882 552 1916 Lainii
586 1881 728 1915 nomine
764 1882 819 1916 26.
848 1881 982 1926 Aprilis
1012 1881 1098 1915 1561
1129 1880 1271 1915 Canisio
1306 1880 1510 1925 rescripsit,
1548 1880 1748 1914 coniectare
1779 1880 1882 1919 licet;
1919 1879 2001 1913 vide

232 1947 340 1981 supra
367 1948 399 1980 p.
430 1932 518 1970 116.'
560 1934 647 1969 Cum
675 1938 794 1969 autem
823 1946 867 1969 ex
894 1935 1009 1969 altera
1036 1935 1138 1979 parte
1173 1946 1218 1968 ex
1244 1933 1283 1968 P.
1315 1932 1437 1967 Caroli
1466 1935 1600 1967 Grimi’i
1626 1933 1658 1967 S.
1687 1934 1718 1967 J.
1746 1933 1876 1967 litteris
1903 1934 2001 1967 auto-

231 1989 379 2033 graphis
406 1989 616 2023 Vindobona
655 1990 710 2023 ⁴25.
747 1988 882 2033 Aprilis
921 1989 1008 2022 1561
1050 1988 1093 2022 ad
1130 1986 1293 2021 Lainium
1333 1987 1426 2021 datis
1464 1987 1564 2030 (Cod.
1606 1987 1667 2028 „Gn
1704 1986 1767 2031 Ep.
1796 1986 1846 2020 11⁸⁴
1886 1986 1910 2020 f.
1937 1985 1998 2029 33)

231 2045 389 2082 constet.
419 2042 615 2076 Victoriam
644 2042 698 2076 20.
731 2042 863 2087 Aprilis
892 2042 979 2075 1561
1010 2041 1240 2075 Vindobonae
1276 2040 1310 2074 in
1344 2040 1495 2074 ecclesia
1532 2040 1672 2083 collegii
1700 2039 1889 2074 Societatis
1914 2041 2001 2074 vota

230 2095 415 2130 sollemnia
452 2096 486 2129 in
522 2095 687 2130 manibus
723 2095 869 2139 Georgii
905 2094 1142 2132 Drascovitii.
1183 2094 1339 2139 episcopi
1380 2093 1788 2138 (11111101100001051011515,
1827 2092 2000 2135 emisisse,

230 2150 379 2183 Hosium
406 2149 473 2183 sub
500 2149 654 2183 medium
689 2161 734 2183 m.
763 2148 923 2193 Aprilem
959 2160 989 2182 a.
1020 2148 1106 2182 1561
1145 2148 1188 2181 ad
1217 2147 1397 2181 Canisium
1424 2147 1489 2181 bas
1515 2147 1657 2181 litteras
1688 2146 1828 2181 misisse
1855 2146 1999 2181 dixeris.

231 2202 329 2244 Quae
357 2203 471 2236 eidem
498 2203 564 2236 sub
592 2202 683 2236 idem
711 2204 853 2247 ternpus
880 2202 1045 2245 Augusta
1073 2200 1299 2235 Monachium
1334 2202 1369 2234 et
1395 2200 1654 2244 lngolstadium
1682 2200 1725 2234 ad
1755 2200 1797 2235 10
1823 2200 1897 2234 fere
1924 2199 1999 2234 dies

229 2257 389 2301 profecto
417 2258 499 2290 ante
527 2258 717 2290 exeuntem
750 2267 795 2290 111.
823 2254 983 2301 Aprilem
1010 2255 1196 2299 Augustae
1222 2254 1377 2288 traditae
1404 2265 1481 2288 esse
1517 2266 1587 2288 non
1614 2254 1791 2288 videntur.
1842 2255 1999 2287 Victoria

229 2309 439 2344 Vindobona
470 2310 520 2343 13.
541 2309 675 2354 Aprilis
695 2309 782 2343 1561
812 2309 855 2343 ad
880 2308 1044 2342 Lainium
1071 2308 1112 2342 de
1131 2307 1197 2342 hac
1217 2307 1317 2342 Hosii
1337 2307 1559 2342 dubitatione
1586 2307 1776 2352 *scripsitx
1808 2307 1877 2348 „Mi
1903 2306 1998 2341 tiene

229 2374 395 2407 sospesso
421 2375 490 2396 non
518 2363 680 2406 negando
708 2363 934 2407 pienamente
960 2362 1038 2396 anzi
1065 2361 1278 2395 affirmando
1306 2372 1376 2395 vna
1403 2360 1502 2395 volta
1537 2362 1573 2394 et
1598 2360 1655 2406 poi
1682 2359 1895 2394 dubitando“
1937 2359 1996 2403 (ex

229 2416 466 2461 autographo.
519 2416 601 2450 Cod.
634 2415 694 2458 ,ἃ
723 2415 786 2461 Ep.
814 2416 867 2449 11⁸
898 2416 922 2450 f.
950 2414 1045 2458 30¹³).

353 2573 515 2607 ¹Lainii.
559 2572 626 2614 Qui
661 2572 824 2606 *litteris
858 2571 971 2607 Roma
1007 2572 1063 2606 22.
1099 2570 1223 2605 Martii
1260 2571 1347 2604 1561
1386 2582 1448 2615 per
1483 2570 1678 2604 Polancum
1718 2569 1762 2604 ad
1796 2569 1996 2604 Victoriam

231 2627 326 2662 datis
353 2627 395 2661 de
422 2625 581 2667 consilio,
609 2625 702 2670 quod
730 2625 787 2660 1110
814 2627 970 2670 ceperat,
1001 2626 1171 2669 quattuor
1198 2623 1388 2658 Societatis
1414 2625 1500 2657 vota
1525 2623 1712 2658 sollemnia
1742 2643 1782 2648 —
1808 2622 1876 2657 hoc
1905 2623 1997 2665 „ius-

229 2680 439 2715 iurandum²
478 2679 537 2713 hic
572 2679 799 2723 significatur
824 2679 931 2712 —in
967 2677 1068 2712 Hosii
1103 2677 1268 2712 manibus
1307 2676 1512 2717 emittendi,
1551 2676 1641 2710 haec
1678 2676 1841 2721 scripsit:
1885 2676 1996 2718 „Pare

229 2734 322 2768 bona
357 2732 529 2767 electione
565 2732 686 2776 quella
721 2732 776 2766 del
810 2731 1125 2766 Reuerendissimo
1158 2730 1264 2765 Ossio
1299 2742 1363 2775 per
1397 2730 1470 2764 tale
1506 2730 1646 2764 effetto“
1691 2728 1752 2773 (ex
1790 2729 1996 2774 apographo

229 2787 389 2822 eiusdem
415 2786 598 2831 temporis.
642 2785 725 2820 cod.
758 2785 897 2827 „Germ
927 2785 1036 2819 1559“
1067 2784 1092 2818 f.
1121 2783 1240 2827 31612).

350 2840 364 2860 ²
388 2838 681 2873 Maximilianum
706 2839 763 2880 IL,
789 2838 983 2873 Boherniae
1009 2849 1142 2881 regem.

351 2893 363 2912 ³
388 2892 499 2926 Hosio
533 2891 600 2926 hoc
636 2892 883 2926 iusiurandum
922 2890 1124 2935 (fidelitatis
1160 2901 1247 2933 erga
1281 2900 1460 2924 summum
1488 2888 1691 2934 pontificem
1718 2887 1802 2932 010.)
1839 2888 1994 2922 dandum

230 2948 322 2987 erat,
350 2957 430 2980 cum
457 2945 646 2988 dignitatis
673 2944 925 2979 cardinaliciae
951 2944 1109 2988 insignia
1134 2943 1325 2988 acciperet.
1377 2941 1442 2976 Cui
1468 2942 1639 2976 birretum
1667 2941 1722 2976 25.
1749 2941 1887 2982 Martii,
1919 2952 1994 2984 „ca-

229 2999 366 3045 pellus“
397 3000 428 3033 6.
455 2998 592 3043 Aprilis
621 2997 677 3042 (ut
701 2998 860 3042 videtur)
889 3009 921 3032 a.
951 2998 1038 3032 1561
1066 2996 1298 3031 vindobonae
1324 2995 1459 3030 tradita
1493 2997 1577 3029 sunt
1605 2994 1826 3039 (Eichhorn,
1861 2993 1994 3028 Hosius

228 3053 256 3095 1,
284 3052 362 3087 398.
391 3051 487 3095 399).
