2093 3444
324 224 481 258 Monuni.
512 223 747 268 (augustana)
777 225 856 259 262.
887 225 933 267 (A
959 236 1004 259 m.
1032 225 1128 269 Sept.
1157 225 1200 259 ad
1227 224 1460 259 Decembrem
1490 225 1606 268 1561.)
1772 228 1856 268 645

86 347 215 384 retur.
279 341 407 392 Dico,
450 343 607 397 inquit)
651 345 822 396 aperte,
867 343 980 396 quod
1022 357 1099 384 nos
1143 342 1344 385 Germani
1391 342 1484 384 fere
1526 343 1622 396 plus
1664 342 1857 385 ieiunare

86 406 326 459 obligemur
358 420 486 459 quam
519 406 631 448 aliae
664 407 883 456 nationes,
927 407 1027 461 quia
1059 422 1143 449 non
1176 407 1316 449 minus
1349 408 1424 449 sed
1463 407 1602 460 magis
1635 410 1679 450 et
1711 407 1856 462 sepius

85 486 314 526 peccamus
337 472 515 526 crapula
537 475 581 513 et
614 472 825 514 ebrietate
848 476 897 515 vt
918 473 1016 515 inde
1050 473 1181 515 etiam
1205 473 1472 527 appellemur
1505 506 1513 522 ‚
1549 473 1690 514 dollen
1713 473 1858 515 vollen

86 537 322 579 deutschen
355 539 400 579 2?
432 537 572 590 magis
614 540 681 580 est
713 538 1005 579 necessarium
1038 538 1118 579 hoc
1151 537 1376 588 ieiunium,
1421 537 1521 590 quia
1559 537 1600 578 in
1634 537 1858 591 prouincia

85 602 292 644 habemus
324 602 462 644 multa
488 602 700 644 Demonia
733 617 843 655 quae
876 617 977 644 non
1011 606 1246 657 possunt
1279 602 1488 656 expellj
1523 602 1658 644 11151ἒι
1691 603 1857 644 duobus

85 666 181 708 istis
214 667 365 721 medijs
396 666 607 709 ieiunio
641 670 694 709 et
726 667 983 710 oratione
1018 701 1026 718 ,
1061 668 1172 710 sicut
1205 667 1399 709 Christus
1433 667 1543 709 dixit
1574 668 1730 710 Matth.
1760 670 1854 711 171.

85 731 205 781 Quae
236 732 322 774 ista
344 732 585 774 Demonia?
630 732 815 786 Spiritus
839 733 1028 786 erraticj,
1063 733 1134 785 qui
1157 733 1425 775 intellectum
1448 733 1667 786 captiuum
1690 735 1855 781 tenent,

85 800 135 839 vt
166 798 305 839 multa
345 797 479 839 millia
521 811 605 839 non
647 797 896 851 intelligant
929 812 1007 839 nec
1050 798 1418 852 comprehendant
1458 812 1606 840 ueram
1649 800 1692 840 et
1725 797 1857 840 salui-

85 863 210 904 ficam
243 863 371 904 fidem
403 862 478 904 sed
510 877 588 917 pro
620 862 695 904 illa
727 863 871 905 uarios
905 877 1073 905 errores
1107 865 1151 905 et
1183 866 1326 905 sectas
1356 865 1588 917 acceptant
1620 866 1664 905 et
1695 863 1739 904 in
1770 862 1856 905 illis

85 928 303 970 obstinate
343 931 630 982 perseuerant
670 931 715 970 et
746 931 974 982 pereunt..
1004 964 1011 970 .
1066 931 1108 969 3⁰
1139 928 1266 970 ualde
1307 928 1429 969 nobis
1470 928 1715 970 necessaria
1749 928 1857 970 haec

85 993 299 1036 ordinatio
333 993 445 1046 quod
477 1007 582 1048 prae
615 993 711 1047 alijs
743 993 991 1047 regionibus
1033 993 1268 1035 habeamus
1301 993 1524 1047 penuriam
1561 992 1856 1036 ministrorum

86 1059 310 1101 Ecclesiae
343 1061 425 1101 etc.

205 1150 410 1185 Notandum
435 1152 557 1185 tamen
584 1157 658 1191 est,
699 1152 901 1195 Canisizcm,
938 1163 1016 1185 cum
1050 1152 1127 1195 ipso
1154 1151 1220 1185 hoc
1256 1162 1347 1184 anno
1376 1151 1466 1184 1562
1495 1150 1550 1184 (116
1581 1150 1789 1193 „Cinerum“
1821 1153 1857 1184 et

90 1203 296 1246 „Dominica
321 1205 347 1238 Ι.
375 1203 699 1248 Quadragesimae“
732 1205 920 1247 Augustae
948 1216 992 1238 ex
1019 1216 1121 1238 sacro
1148 1206 1340 1247 suggestu,
1377 1203 1543 1248 qualibus
1579 1204 1669 1238 cibis
1696 1215 1735 1238 eo
1768 1205 1856 1237 tem-

86 1269 171 1302 pore
198 1258 450 1292 abstinendum
478 1260 593 1299 esset,
631 1260 845 1303 exponeret,
881 1270 996 1302 neque
1024 1269 1172 1292 ovorum
1198 1269 1314 1302 neque
1341 1257 1601 1291 lacticiniorum
1636 1256 1857 1291 mentionem

85 1311 236 1346 fecisse:
277 1311 455 1354 „Quilibet
480 1313 648 1346 teneatur
686 1311 769 1354 (non
796 1312 932 1346 habens
969 1310 1254 1354 excusationem)
1284 1338 1290 1343 .
1313 1339 1318 1344 .
1341 1338 1346 1343 .
1374 1309 1555 1344 abstinere
1582 1322 1602 1344 a
1629 1310 1782 1344 carnib.“
1821 1312 1858 1344 et

91 1364 222 1407 „semel
256 1364 292 1399 in
329 1365 385 1399 die
420 1365 525 1399 edere
560 1367 794 1410 tempe1·ate“.
851 1363 961 1406 „Quid
997 1364 1147 1408 requirit
1174 1364 1385 1398 Jeiunium‘?
1406 1390 1412 1396 .
1433 1391 1467 1397 ..
1511 1363 1673 1398 Ecclesia
1707 1363 1858 1407 requirit

86 1421 126 1452 ut
151 1418 261 1453 semel
289 1421 324 1453 in
344 1419 400 1453 die
427 1419 646 1460 comedatur,
674 1423 710 1453 et
735 1418 998 1452 intermittatur
1023 1429 1110 1452 usus
1130 1417 1310 1451 carnium“
1343 1417 1403 1459 (ex
1429 1416 1661 1451 *contionum
1681 1428 1856 1450 commen-

85 1471 189 1506 tariis
216 1483 237 1506 a
264 1472 407 1506 Canisio
442 1472 650 1516 recognitis.
703 1472 786 1506 Cod.
819 1472 923 1513 ⁷‚Can
951 1471 993 1506 X.
1021 1471 1080 1505 T.“
1121 1471 1144 1505 f.
1173 1470 1250 1505 80¹³.
1279 1469 1375 1514 90b).
1428 1469 1595 1504 Ceterum
1622 1470 1789 1504 Canisius
1821 1472 1858 1503 et

86 1525 154 1559 sibi
190 1527 227 1559 et
252 1525 365 1560 Sociis
399 1525 469 1571 ipsi
504 1525 678 1560 subiectis
713 1525 923 1559 facultatem
958 1537 978 1559 a
1013 1525 1097 1559 sede
1124 1523 1321 1568 apostolica
1346 1523 1626 1568 impetraverat,
1663 1523 1786 1557 ieiunii
1821 1524 1857 1557 et

85 1578 327 1613 abstinentiae
353 1579 473 1623 leges,
509 1591 551 1614 ac
577 1579 788 1613 nominatim
825 1590 885 1613 eas
913 1590 1072 1622 quoque,
1109 1589 1201 1621 quae
1228 1577 1271 1611 de
1297 1576 1376 1611 ovis
1412 1579 1448 1610 et
1474 1577 1516 1610 de
1543 1576 1734 1611 lacticiniis
1761 1578 1855 1618 sunt,

85 1632 289 1667 hominibus
323 1632 532 1674 relaxandi;
566 1633 649 1667 vide
684 1644 793 1678 supra
820 1644 852 1677 p.
881 1633 936 1666 61.
964 1633 1019 1666 70.
1071 1632 1222 1665 Ioannes
1248 1631 1420 1674 A97·icola
1450 1630 1622 1672 „seni0r“,
1658 1629 1857 1664 medicinae

85 1686 267 1731 professor
293 1687 329 1720 in
354 1687 595 1721 universitate
621 1685 897 1729 ingolstadiensi
930 1688 965 1719 et
1000 1685 1159 1719 eiusdem
1192 1683 1441 1718 universitatis
1481 1684 1738 1726 „camerarius“
1779 1684 1857 1717 sive

84 1741 265 1784 quaestor,
292 1752 338 1774 m.
357 1739 551 1775 Februario
579 1751 609 1774 a.
632 1740 722 1774 1559
749 1740 792 1774 ad
812 1739 851 1773 P.
867 1739 1039 1773 Thomam
1059 1737 1250 1772 Le‘ntulum
1270 1736 1303 1771 S.
1323 1737 1367 1778 J„
1395 1736 1536 1780 collegii
1562 1736 1857 1780 ingolstadiensis

84 1795 280 1835 rectorem,
320 1793 401 1838 (su'a
427 1792 551 1837 manu)
589 1793 753 1838 scripsit:
795 1792 849 1835 „S.
877 1791 1087 1826 Reuerende
1114 1793 1216 1836 pater
1241 1791 1373 1825 Rector
1399 1790 1658 1824 humanissime
1693 1789 1856 1833 intelligo

84 1847 178 1892 quod
206 1846 424 1882 Reuerentia
459 1849 522 1882 tua
557 1846 648 1881 nolit
682 1846 737 1881 vti
771 1858 835 1891 per
870 1846 936 1880 hoc
971 1848 1114 1890 tempus
1149 1845 1280 1889 butyro
1308 1872 1314 1878 .
1343 1844 1435 1888 quod
1472 1843 1540 1877 erit
1574 1843 1731 1877 omnium
1766 1843 1856 1877 diffi-

85 1900 268 1935 cillimum.
304 1900 346 1935 D.
367 1900 539 1935 Claudius
551 1901 574 1943 2,
603 1900 644 1935 D.
665 1900 841 1941 Canisius‚
868 1899 910 1933 D.
930 1899 1137 1944 Alphonsus
1151 1898 1163 1917 3
1190 1899 1225 1931 et
1252 1897 1360 1931 ceteri
1380 1908 1503 1930 omnes
1522 1896 1578 1931 vsi
1596 1899 1681 1931 sunt
1699 1897 1829 1941 butyro
1848 1923 1856 1930 .

85 1954 128 1988 ob
166 1954 420 1988 difficultatem
447 1953 670 1997 deglutiendi
705 1953 793 1995 olei,
829 1953 923 1997 quod
958 1952 1105 1986 minime
1140 1950 1333 1996 respondet
1366 1949 1442 1984 oleo
1478 1950 1622 1992 Italico,
1659 1950 1752 1994 quod
1786 1962 1856 1984 non

85 2007 239 2042 multum
276 2007 415 2042 abludit
449 2019 470 2041 a
496 2007 634 2052 Butyro
663 2035 669 2042 .
695 2006 868 2041 Nostrum
903 2008 1023 2040 autem
1059 2004 1335 2039 foetidissimum
1371 2006 1407 2038 et
1442 2003 1679 2037 abominabile
1714 2003 1856 2038 morbos

86 2061 206 2096 varios
242 2061 279 2095 in
304 2061 480 2095 fratribus
516 2063 614 2095 esset
648 2063 920 2105 procreaturum
949 2088 955 2094 .
983 2059 1038 2093 Ad
1064 2058 1154 2092 haec
1188 2057 1384 2092 remedium
1410 2056 1584 2091 habemus
1610 2056 1668 2091 hic
1703 2059 1739 2091 et
1772 2059 1856 2091 ante

85 2115 211 2149 lutteri
246 2114 426 2149 haeresim
463 2126 483 2148 a
516 2114 691 2148 Pontifice
729 2113 1074 2157 ingolstadiensibus
1109 2111 1323 2157 permissum
1359 2112 1414 2145 est
1446 2110 1584 2155 Butyro
1618 2110 1735 2151 vesci,
1775 2121 1855 2144 cum

85 2179 199 2213 parua
233 2167 521 2202 remuneratione
548 2167 687 2212 Templi
714 2167 887 2208 Mariani,
925 2178 965 2200 eo
993 2165 1086 2210 quod
1121 2164 1387 2210 pauperrimum
1423 2165 1479 2197 est
1506 2191 1513 2197 .
1542 2162 1654 2197 Credo
1688 2163 1856 2197 sufficere

85 2221 270 2256 dimidium
308 2233 457 2255 aureum
492 2233 556 2266 pro
591 2222 715 2255 vestra
749 2222 826 2255 tota
865 2219 1003 2254 familia
1039 2218 1213 2253 cor-bonae
1248 2217 1512 2262 imponendum.
1564 2216 1700 2250 Vltima
1734 2219 1856 2250 tamen

85 2287 218 2319 magna
245 2274 416 2309 videlicet
451 2274 654 2319 septimana
683 2273 793 2318 (quod
820 2273 914 2318 apud
947 2284 1010 2306 nos
1037 2272 1177 2306 faciunt
1209 2271 1317 2305 etiam
1344 2270 1403 2316 alij
1439 2269 1696 2313 religiosiores)
1733 2269 1858 2304 licebit

87 2329 146 2362 vel
172 2328 248 2362 oleo
275 2328 335 2362 vel
360 2339 454 2372 aqua
480 2327 544 2362 vti.
597 2327 787 2361 Caeterum
813 2329 889 2361 toto
916 2326 1046 2360 ieiunio
1082 2325 1134 2359 ita
1158 2324 1351 2369 profligare
1386 2324 1580 2358 sanitatem
1607 2324 1704 2357 certe
1738 2323 1856 2356 minus

86 2382 231 2416 videtur
258 2381 471 2416 consultum.
514 2381 611 2415 Bene
637 2380 769 2415 Valeat
795 2380 826 2414 d.
853 2382 878 2414 t.
908 2378 1166 2413 Camerarius.“
1213 2378 1338 2412 Altera
1364 2388 1474 2411 manu
1499 2376 1658 2410 eiusdem
1684 2375 1857 2421 temporis

85 2435 283 2480 ascriptum
320 2436 395 2469 est:
437 2433 655 2476 „Similiterb
680 2453 726 2457 —
754 2433 841 2467 Cum
875 2445 921 2467 ex
953 2443 1050 2466 more
1079 2431 1194 2466 nostri
1219 2430 1389 2476 territorij
1425 2432 1608 2475 receptum
1644 2428 1691 2463 sit
1725 2429 1856 2474 butyro

86 2489 186 2523 vesci
213 2488 431 2522 sententiam
458 2488 490 2521 d.
509 2487 674 2522 Doctoris
701 2487 841 2532 probo.“
880 2487 933 2520 Ac
959 2486 998 2520 P.
1019 2486 1190 2520 Nicolaus
1208 2485 1369 2519 Lanoms
1394 2483 1428 2518 S.
1448 2483 1479 2518 J.
1498 2485 1623 2528 postea
1649 2483 1855 2517 adnotavit:

91 2542 249 2585 „Ihesus
300 2541 341 2575 D.
381 2540 576 2586 Camerarij
617 2540 810 2574 admonitio
846 2539 1021 2584 quaedam
1060 2539 1168 2573 1559“
1214 2538 1274 2582 (ex
1310 2537 1545 2582 *ai-chetypo.
1598 2536 1681 2570 Cod.
1716 2547 1855 2571 monac.

92 2596 178 2638 „Ies.
205 2595 281 2638 Ing.
312 2594 471 2637 1359,'1“‚
498 2594 522 2629 f.
549 2606 618 2628 non
645 2594 748 2637 sign„
776 2594 869 2637 quod
896 2594 952 2627 est
978 2592 1131 2637 primum
1157 2593 1239 2636 post
1263 2591 1287 2625 f.
1316 2590 1388 2633 64).

907 2715 1038 2757 262.

579 2805 609 2842 A
634 2816 680 2842 m.
707 2804 914 2853 Septembri
941 2804 986 2841 ad
1012 2804 1246 2841 Decembrem
1270 2802 1358 2840 1561.

206 2898 262 2932 Ex
281 2897 484 2931 contionum
503 2894 778 2936 commentariis,
798 2907 818 2928 a
838 2894 980 2928 Canisio
997 2893 1203 2938 recognitis.
1231 2892 1314 2927 Cod.
1339 2891 1443 2934 „Can
1462 2891 1505 2926 X.
1524 2891 1603 2924 Aa“
1634 2890 1658 2924 f.
1681 2890 1757 2923 161.
1774 2889 1853 2924 77¹³.

207 3027 221 3042 ³
247 3022 455 3065 Sequuntur
478 3030 528 3053 vv.
553 3018 647 3053 sicut
673 3017 839 3052 Christus
865 3017 968 3061 dixit,
995 3029 1017 3051 a
1042 3018 1124 3051 libr.
1151 3017 1360 3051 oblitterata.

206 3076 221 3096 b
248 3075 418 3118 Sequitur
442 3073 647 3107 vocabulum
674 3072 856 3106 obscurius
880 3073 1063 3115 scriptum.

209 3212 220 3232 ¹
247 3209 378 3244 Matth.
407 3208 460 3248 17,
487 3207 544 3242 20.
595 3206 650 3242 Cf.
676 3206 787 3240 Marc.
815 3206 846 3245 9,
874 3205 929 3240 28.
1028 3205 1041 3225 2
1067 3203 1163 3238 laius
1190 3202 1224 3238 S.
1251 3203 1283 3237 J.
1384 3203 1396 3222 ⁸
1424 3201 1609 3236 Salmeron
1635 3198 1669 3234 S.
1697 3199 1728 3233 J.
