2093 3444
227 189 306 224 696.
344 187 510 223 Ganisius
537 187 668 222 Sancto
695 187 887 223 Francisco
913 188 1067 232 Borgiae
1093 190 1159 222 etc.
1201 188 1370 222 Tridento
1399 189 1452 223 18.
1480 188 1573 222 Iunii
1601 189 1702 223 1562.
1769 192 1852 232 461

905 307 1036 348 696.

822 400 1120 448 CANISIUS

411 497 692 542 SANCTO
726 498 1136 542 FRANCISGO
1170 498 1527 552 BORGIAE,

730 581 868 615 vicario
894 580 1086 615 Societatis
1112 581 1128 614 I
1132 592 1205 622 esu,

530 663 849 720 EIUSQUE
884 663 1407 707 CONSILIARIIS.

722 761 895 798 Tridento
921 761 970 798 18.
997 761 1091 798 Iunii
1118 762 1212 798 1562.

199 845 254 879 Ex
280 845 488 892 apographo
513 846 650 881 recenti
679 845 765 890 (A),
801 846 895 891 quod
931 858 976 880 ex
1002 845 1247 891 autographo,
1284 846 1320 880 in
1347 847 1421 881 cod.
1455 846 1513 889 „E.
1542 845 1578 880 C.
1606 846 1642 879 1“
1673 846 1697 881 f.
1726 846 1793 880 312
1821 848 1856 880 et

79 909 132 943 sq.
159 911 229 933 non
255 899 348 943 sign.
378 899 427 944 (n.
457 899 540 943 112)
568 899 696 945 posito,
724 899 946 944 exscriptum
973 901 1038 934 est.

200 953 332 987 Exstat
367 953 477 988 etiam
512 952 665 987 alterum
701 953 948 998 apographum
978 952 1060 997 (B),
1095 953 1188 997 quod
1221 954 1287 988 sub
1315 965 1345 988 a.
1375 953 1466 988 1860
1493 955 1641 988 curante
1669 955 1784 988 Boero
1810 965 1854 987 ex

79 1006 304 1052 autographo
331 1006 601 1052 transcriptum,
629 1009 755 1052 postea
782 1018 862 1041 cum
890 1007 1013 1041 eodem
1041 1007 1210 1041 collatum
1239 1009 1305 1041 est.

197 1060 384 1105 Epistulae
411 1063 553 1106 partem
578 1063 777 1106 posuerunt
804 1060 956 1104 (italice)
984 1062 1108 1102 Boero,
1138 1060 1281 1095 Canisio
1307 1073 1340 1106 p.
1360 1061 1429 1095 249
1457 1063 1493 1094 et
1511 1060 1718 1095 Salmerone
1746 1073 1777 1106 p.
1798 1061 1853 1101 91,

78 1125 120 1148 ac
150 1113 312 1158 (gallice)
341 1116 472 1148 Michel
502 1114 525 1149 l.
554 1126 582 1149 c.
610 1126 644 1159 p.
671 1114 752 1149 263.
803 1114 938 1148 Eadem
965 1114 1120 1160 epistula
1152 1114 1209 1148 usi
1235 1117 1321 1148 sunt
1347 1115 1563 1158 Sacclntnus,
1600 1113 1686 1148 Can.
1712 1126 1745 1159 p.
1775 1115 1852 1155 194,

79 1169 116 1201 et
141 1168 257 1202 Kress
282 1167 305 1202 l.
332 1179 361 1203 c.
389 1180 422 1213 p.
452 1168 531 1203 149.

201 1246 341 1279 Gaudet
375 1246 417 1279 de
443 1246 557 1280 Sociis·
591 1246 732 1290 colleyio
768 1246 1004 1289 oenipontcmo
1039 1247 1165 1279 missis.
1220 1246 1332 1279 Cuius
1363 1247 1464 1288 fama
1490 1257 1559 1290 per
1584 1257 1759 1279 caesarem
1785 1246 1853 1279 late

76 1301 264 1344 sparyz'tar
297 1300 487 1343 mayn-ique
519 1300 662 1342 fructus
697 1304 954 1343 exspectantur.
1005 1300 1087 1333 Dao
1125 1299 1308 1332 Societatts
1342 1300 1479 1333 invenes
1518 1310 1588 1333 non
1627 1304 1852 1342 comparent,-

77 1354 169 1387 alter
193 1355 318 1387 merito
344 1354 511 1387 dimissus
546 1358 604 1387 est.
657 1353 844 1387 Salmeron
877 1353 1116 1397 theoloyorcmz
1140 1355 1281 1396 primus
1311 1353 1474 1386 Tridenti
1508 1364 1584 1387 cum
1615 1354 1722 1386 laude
1747 1354 1849 1387 dimit.

81 1407 233 1441 Concilii
266 1409 305 1440 in
333 1407 540 1441 Societatem
576 1407 821 1440 benevolentia.
877 1407 1063 1450 Canisias,
1100 1407 1285 1440 Sociorum
1317 1407 1481 1450 precibus
1515 1407 1680 1450 adiutas,
1716 1411 1745 1439 et
1782 1409 1852 1450 ipse

77 1461 223 1495 dicendo
243 1461 395 1504 placuit.
446 1461 538 1494 Eius
562 1462 630 1494 iter
657 1462 944 1504 οεηίῗμοηΐαηιινη.
997 1461 1124 1493 Laim'i
1150 1461 1327 1493 adventas.
1379 1460 1484 1493 Hosii
1509 1461 1725 1494 hnmanitas.

960 1563 967 1595 i

454 1622 549 1664 Pax
582 1622 741 1666 Christi
773 1623 995 1665 nobiscum
1028 1622 1274 1665 Reuerendi
1305 1622 1473 1666 Patres,

193 1705 500 1748 Discesserunt
540 1705 639 1748 hinc
684 1705 925 1748 charissimi
966 1706 1128 1748 fratres
1172 1706 1229 1748 M.
1269 1706 1427 1748 Petrus
1468 1705 1765 1748 Coloniensis1
1807 1710 1851 1749 et

76 1785 219 1813 comes
251 1771 308 1814 M.
345 1771 668 1823 Guilhelmus2‚
712 1786 819 1825 quos
860 1785 973 1813 nunc
1009 1772 1299 1826 Oenipontum
1340 1771 1591 1826 peruenisse
1631 1774 1848 1825 putamus.

75 1836 217 1878 Erunt
260 1836 323 1878 illi
367 1837 592 1879 columnae
640 1837 816 1880 scholae
863 1851 1024 1888 nouae,
1075 1851 1181 1890 quos
1226 1836 1308 1878 nisi
1352 1837 1673 1887 habuissemus,
1723 1837 1850 1879 ualde

73 1902 395 1953 laboraremus,
451 1917 547 1944 cum
600 1903 883 1946 uehementer
930 1917 1063 1957 aeger
1113 1902 1169 1945 sit
1217 1902 1359 1944 animo
1406 1902 1532 1944 iuxta
1580 1904 1623 1944 et
1671 1917 1850 1957 corpore

74 1969 131 2011 M.
166 1967 382 2019 Ramirus,
417 1970 461 2011 et
492 1983 706 2022 nusquam
740 1971 992 2023 compareat
1024 1969 1262 2022 promissus
1293 1967 1367 2010 ille
1398 1968 1655 2019 Nicolaus3,
1690 1969 1761 2022 qui
1795 1969 1849 2011 ad

73 2034 211 2076 Jndos
244 2033 363 2075 abire
397 2033 611 2088 cupiebat.
655 2034 724 2076 Ne
756 2034 907 2088 pigeat
939 2048 1100 2087 quaeso
1133 2034 1211 2076 hos
1243 2033 1412 2075 misisse
1446 2069 1454 2077 .
1488 2048 1695 2087 magnum
1727 2034 1849 2076 nobis

73 2099 264 2142 fructum
296 2099 339 2140 in
372 2099 556 2142 Domino
588 2099 821 2154 pollicetur
852 2100 932 2142 hoc
965 2099 1207 2152 collegium,
1243 2100 1354 2153 quod
1382 2099 1580 2141 Caesaris
1612 2099 1850 2143 autoritate

73 2164 203 2219 longe
235 2165 410 2218 lateque
441 2165 764 2219 publicatum4,
807 2179 893 2207 non
934 2165 1162 2218 uulgarem
1196 2164 1546 2219 expectationem
1585 2164 1637 2206 de
1669 2179 1715 2206 se
1748 2179 1851 2207 con-

75 2229 241 2281 citauit,
277 2232 321 2272 et
341 2244 503 2284 magna
534 2230 576 2272 in
601 2230 785 2273 Domino
819 2245 913 2273 cum
947 2230 1056 2285 alijs,
1090 2233 1183 2273 tum
1206 2229 1328 2272 nobis
1352 2230 1577 2272 commoda
1608 2230 1849 2284 pollicetur.

193 2294 321 2338 Alter
334 2294 542 2338 Nicolaus
556 2298 572 2324 5
593 2296 865 2338 Liuoniensis
888 2310 1014 2349 quem
1037 2295 1248 2338 Dominus
1272 2295 1501 2346 custodiat,
1532 2295 1586 2337 ad
1609 2310 1688 2338 nos
1710 2296 1852 2339 redire

74 2375 161 2403 non
183 2361 363 2415 cogitat,
387 2361 532 2404 nescio
554 2362 629 2403 vbi
651 2361 892 2404 subsistens
914 2361 958 2403 in
971 2361 1122 2412 Jtalia‚
1146 2375 1231 2403 non
1254 2361 1350 2403 sani
1373 2360 1529 2415 capitis
1547 2361 1687 2405 homo.
1731 2362 1852 2404 Chri-

74 2426 306 2481 stophorus
323 2426 555 2469 Lindawer
577 2441 689 2469 nunc
703 2433 717 2447 ²
740 2424 801 2481 [Ρ]
827 2426 988 2481 repetit
1009 2441 1101 2478 sua,
1127 2441 1238 2480 quae
1260 2440 1400 2481 pauca
1421 2426 1597 2480 reliquit
1618 2427 1849 2483 Monachij.

74 2492 338 2535 Benedictus
361 2492 491 2544 Deus,
526 2492 597 2546 qui
621 2507 699 2534 nos
722 2492 880 2535 liberat
910 2492 977 2534 his
999 2492 1158 2547 ineptis
1191 2495 1236 2535 et
1257 2492 1399 2534 malae
1432 2492 1570 2545 frugis
1592 2492 1848 2536 hominibus.

193 2557 244 2600 R.
279 2558 324 2600 P.
353 2557 561 2600 Alfonsus
593 2558 779 2612 primum
810 2557 961 2601 habuit
995 2560 1040 2601 et
1072 2557 1261 2600 omnium
1293 2556 1450 2599 iudicio
1483 2559 1678 2599 meretur
1709 2558 1849 2601 locum

74 2622 189 2665 inter
221 2622 466 2676 Theologos
500 2658 509 2667 .
543 2623 694 2666 attulit
725 2622 928 2666 societati
960 2638 1166 2677 magnum
1197 2623 1405 2665 honorem
1422 2624 1450 2665 ⁶.
1484 2623 1738 2666 benedictus
1762 2625 1851 2667 Do-

194 2758 209 2772 a
234 2751 291 2785 Ita
318 2753 469 2796 quidem,
499 2757 535 2786 ut
560 2753 710 2794 uidetur,
738 2754 771 2786 A
780 2765 794 2795 ‚·
818 2754 940 2786 tamen
966 2754 1008 2787 B.

199 2865 209 2884 ¹
235 2864 370 2909 Haupt.
471 2864 483 2884 2
509 2863 723 2899 Germanus.
824 2865 837 2884 ³
863 2863 1063 2900 Servatius.

195 2918 208 2938 4
233 2917 274 2951 Id
309 2917 447 2951 factum
483 2918 539 2951 est
573 2916 706 2952 litteris
739 2917 895 2963 publicis
929 2918 1046 2963 iisque
1081 2918 1126 2952 ad
1162 2930 1285 2953 omnes
1320 2917 1525 2952 Tirolenses
1562 2917 1616 2952 12.
1643 2917 1730 2952 Maii
1759 2918 1850 2953 1562

76 2971 171 3006 datis
198 2973 235 3005 et
261 2971 297 3005 in
323 2969 419 3005 foliis
445 2970 693 3015 singularibus
720 2971 883 3012 excusis;
910 2971 994 3006 vide
1020 2971 1125 3013 infra,
1152 2983 1307 3006 monum.
1336 2972 1415 3006 329.
1528 2972 1540 2991 ⁵
1566 2970 1769 3005 Schricker.

196 3025 209 3045 6
234 3023 410 3067 Theologi
441 3023 635 3066 „minores“
666 3024 824 3069 quinque
850 3024 933 3059 illos
964 3024 1155 3068 „articulos
1182 3025 1225 3058 de
1251 3036 1319 3059 usu
1346 3023 1617 3059 Eucharistiae“
1648 3024 1738 3069 ipsis
1773 3036 1850 3069 pro—

76 3078 214 3124 positos
233 3077 400 3113 10.1unii
427 3079 598 3112 excutere
625 3080 830 3123 coeperunt.
865 3078 919 3113 Ac
951 3078 1107 3124 „primus
1126 3077 1322 3120 Salmeron,
1349 3089 1442 3112 unus
1469 3089 1515 3111 ex
1540 3077 1715 3112 societate
1734 3078 1849 3112 Jesui-

75 3133 205 3174 tarum,
231 3131 407 3175 religione
433 3130 668 3175 doctrinaque
694 3131 867 3174 insignis“
902 3130 968 3174 (ita
998 3132 1145 3166 Gabriel
1172 3133 1348 3165 Paleottus
1374 3131 1410 3165 in
1435 3130 1558 3165 Diario
1583 3130 1606 3165 1.
1635 3142 1664 3165 ο.
1691 3131 1735 3173 ΙΙ,
1762 3131 1847 3171 562)

76 3184 119 3219 de
155 3186 325 3230 quattuor
359 3184 485 3230 primis
517 3184 679 3219 articulis
706 3184 807 3219 dixit.
860 3185 970 3220 Cuius
995 3196 1196 3219 sermonem
1226 3184 1390 3227 („votum
1416 3183 1673 3229 perpulchrum
1707 3186 1743 3219 et
1779 3184 1848 3219 ele·
