2093 3444
560 176 716 211 Monuni.
747 176 955 220 (litteraria)
985 176 1063 211 398.
1093 176 1211 220 (Anno
1241 177 1358 220 1562.)
1761 180 1846 221 789

1280 290 1314 316 50

195 309 340 342 Librum
364 308 439 342 vidi
457 308 637 343 Monachii
663 310 698 343 in
722 308 938 343 bibliotheca
965 308 1075 353 regia,
1104 308 1249 343 Catech.
1283 328 1327 363 '‘1'‘

195 380 354 414 Eundem
382 379 481 424 ponit
509 380 771 423 Sommervoyel,
799 379 889 414 Bibl.
918 380 961 420 11,
989 380 1076 421 633:
1103 380 1167 420 ΙΙΙ,
1197 381 1274 414 164.

192 460 225 493 4.
254 458 388 493 Canisii
417 459 579 501 „Parvus
605 459 847 494 catechismus
875 459 1158 494 Catholicorum⁸⁴
1189 471 1220 494 a.
1251 460 1341 494 1562
1368 460 1476 494 etiam
1503 460 1700 504 hungarice
1728 461 1846 496 editus

76 514 141 547 est.
193 512 303 546 Cuius
329 512 533 556 exemplum
562 532 605 536 —
632 513 662 546 si
688 524 757 546 non
783 514 948 553 unicum,
984 513 1077 557 quod
1107 512 1223 547 adhuc
1254 516 1394 552 exstat,
1430 516 1526 547 certe
1552 514 1775 548 rarissimum
1803 535 1845 540 —

74 578 104 600 a.
134 566 225 601 1882
251 566 286 599 in
312 565 529 600 bibliotheca
555 566 803 600 universitatis
830 566 1042 601 basileensis
1068 570 1268 611 repertum,
1305 567 1405 610 regia
1431 566 1635 601 litterarum
1662 568 1846 602 academia

74 619 272 663 hungarica
307 631 338 653 a.
368 619 459 654 1884
486 619 623 653 Pestini
660 620 873 664 (Budapest)
910 620 1009 665 typis
1044 620 1229 654 societatis
1264 620 1528 654 franklinianae
1564 621 1679 654 denuo
1715 622 1846 656 exscri-

75 672 228 706 bendum
255 673 396 707 curavit
422 673 484 713 ita,
510 674 551 706 ut
576 685 670 707 nova
697 673 804 707 editio
832 674 946 707 veteri
973 673 1024 707 illi
1051 673 1243 717 diligenter
1268 673 1539 708 assimilaretur.
1575 674 1688 716 Quam
1715 687 1845 709 novam

75 726 264 760 editionem
293 738 359 769 ego
386 726 556 767 adhibeo:
584 726 628 760 ad
655 727 830 761 sermonis
858 729 977 760 autem
1004 727 1192 770 hungarici
1211 727 1542 771 interpretationem
1561 739 1704 772 operam
1723 727 1846 762 huma-

74 779 221 814 nissime
247 779 334 813 mihi
360 780 619 824 praestiterunt
646 780 714 814 duo
741 780 810 814 viri
837 780 1010 824 hungari:
1050 780 1090 815 R.
1117 780 1156 814 P.
1184 782 1226 815 F.
1253 781 1299 814 X.
1329 782 1469 824 Speiser
1495 781 1528 815 S.
1557 782 1589 815 J.
1618 783 1653 815 et
1688 783 1844 816 maxime

74 832 115 866 R.
143 832 182 866 P.
210 834 405 867 Ladislazcs
431 835 541 867 Velics
567 833 600 868 S.
628 834 660 867 J.
713 834 766 868 Ita
792 833 904 877 igitur
930 833 1037 868 editio
1063 834 1230 879 princeps
1255 834 1429 878 inscripta
1456 836 1529 868 est:

200 915 296 965 „AZ
346 915 583 958 KERESZ-
629 914 631 971 i
673 916 1059 958 TYENSEGNEC
1101 916 1239 958 FON-
1284 914 1286 969 Ι
1330 916 1802 960 DAMENTOMIROL
1840 955 1841 970 2

74 981 172 1022 valo
204 978 324 1022 riiuid
357 981 522 1035 keony-
559 979 561 1035 J
597 981 790 1024 wechke.
829 979 831 1037 J
867 981 922 1024 Ki
955 995 1005 1023 az
1038 982 1166 1025 SZent
1206 981 1385 1023 irasnak
1427 980 1596 1024 kfilssmb
1634 981 1803 1025 kfilssmb
1840 982 1841 1038 l

73 1044 268 1095 heleibiil,
302 1045 459 1087 kerdes
492 1059 538 1087 es
567 1046 717 1087 feleles
740 1046 910 1100 keppen
936 1044 938 1101 ξ
964 1046 1167 1089 irattatot
1190 1060 1235 1088 es
1258 1046 1437 1100 Telegdi
1460 1047 1618 1089 Miklos
1651 1049 1813 1089 mester
1840 1045 1841 1102 l

75 1115 195 1165 altal,
229 1116 348 1158 Deac
379 1116 593 1170 nyelwbi'vl
626 1118 812 1171 Magyar
848 1116 849 1163 ἶ
885 1117 1076 1171 nyelwre
1110 1117 1353 1160 sorditatot.
1391 1115 1393 1172 ζ
1426 1110 1495 1173 ἴ
1531 1117 1532 1170 l
1569 1118 1845 1160 BECHBEN

74 1181 362 1223 NIOMTAT-
408 1227 409 1232 ¹
454 1185 570 1225 tatot
604 1182 799 1236 Raphael
832 1183 1068 1226 Hofhalter
1107 1183 1236 1225 altal:
1279 1197 1415 1224 vrunc
1451 1181 1452 1232 l
1489 1183 1701 1225 ssuletese
1739 1186 1843 1226 vtan

77 1248 189 1288 1562
225 1283 234 1290 .
269 1246 593 1290 esstendiibenf‘

192 1334 231 1368 Id
250 1336 325 1368 est:
348 1334 476 1368 Brevis
494 1345 634 1368 summa
649 1334 881 1375 axiomatum,
901 1345 992 1378 quae
1007 1334 1203 1368 christiana
1218 1334 1379 1368 doctrina
1394 1335 1514 1376 tradit,
1534 1347 1598 1379 per
1616 1335 1845 1379 quaestiones

73 1389 108 1421 et
134 1387 383 1433 responsiones
410 1400 455 1421 ex
481 1388 625 1422 selectis
651 1400 776 1422 sacrae
795 1388 1000 1433 Scripturae
1026 1388 1115 1422 locis
1141 1389 1337 1433 composita
1364 1390 1399 1422 et
1425 1400 1445 1422 a
1464 1388 1610 1423 Nicolao
1630 1388 1778 1433 Telegdi
1800 1401 1845 1423 ex

71 1441 182 1475 latino
208 1441 244 1475 in
270 1441 507 1485 hungaricum
543 1453 743 1475 sermonem
778 1453 885 1475 versa
912 1469 919 1475 .
946 1441 1091 1476 Excusa
1117 1441 1349 1476 vindobonae
1385 1454 1404 1476 a
1432 1442 1614 1487 Raphae‘le
1641 1442 1844 1484 Hoflialter,

72 1506 164 1529 anno
190 1497 271 1540 post
297 1495 478 1529 dominum
508 1498 633 1529 natum
663 1495 763 1530 1562.

194 1549 254 1583 16Ο
275 1549 345 1588 (ed.
364 1560 458 1583 nova
477 1560 535 1594 pp.
558 1549 623 1583 142
642 1549 789 1591 habet);
818 1549 853 1582 in
880 1548 956 1582 folii
982 1548 1142 1583 titularis
1165 1551 1267 1594 parte
1286 1560 1414 1583 aversa
1432 1548 1509 1583 Nic.
1529 1548 1646 1590 Olalii,
1673 1549 1844 1594 archiepi-

72 1602 171 1647 scopi
197 1602 447 1646 strigoniensis
466 1606 503 1636 et
528 1602 692 1647 primatis
712 1602 930 1645 Hungariae,
956 1602 1075 1646 imago
1094 1604 1130 1636 et
1146 1602 1290 1645 insigne
1315 1602 1351 1636 in
1369 1602 1506 1646 lignum
1526 1603 1639 1637 incisa
1658 1605 1843 1648 apparent.

72 1654 242 1700 Sequitur
268 1656 442 1701 praefatio
469 1655 664 1700 Rapha'elis
690 1655 883 1690 Hofhalter
908 1655 1127 1700 typographi
1152 1656 1449 1697 vindobonensis,
1486 1668 1555 1700 qua
1582 1657 1613 1691 is
1640 1655 1747 1690 Olahi
1773 1658 1843 1701 pri·

71 1709 180 1744 matis
206 1709 306 1744 iussu
341 1721 380 1744 se
414 1709 574 1744 libellum
611 1709 705 1743 hunc
741 1721 761 1743 a
795 1709 969 1753 magistro
995 1709 1142 1743 Nicolao
1168 1709 1317 1752 Telegdi
1351 1709 1548 1753 hungarice
1574 1721 1719 1744 versum
1746 1710 1845 1755 typis

72 1763 308 1808 exscripsisse
334 1763 510 1804 affirmat;
548 1763 674 1797 deinde
700 1763 877 1808 praefatio
912 1763 956 1797 ab
991 1763 1069 1808 ipso
1095 1762 1265 1807 Telegdio
1294 1763 1346 1797 12.
1374 1763 1468 1797 Iunii
1496 1764 1585 1797 1562
1622 1764 1666 1798 ad
1697 1763 1842 1798 scholae

71 1817 319 1863 tyrnaviensis
354 1817 548 1862 discipulos
576 1817 679 1857 data;
716 1817 846 1860 quibus
871 1816 929 1850 hic
957 1816 1184 1860 (hungarice)
1223 1816 1328 1851 dicit:
1369 1815 1464 1859 „Quo
1500 1817 1643 1851 facilius
1669 1818 1843 1862 pueritiae

70 1873 232 1916 tempore
258 1871 456 1905 doctrinam
484 1870 718 1905 christianam
745 1872 781 1904 et
806 1870 1040 1915 apostolicam
1068 1872 1103 1904 et
1129 1870 1344 1915 exciperetis
1371 1873 1407 1904 et
1431 1870 1656 1912 retineretis,
1682 1871 1843 1905 libellum

72 1936 92 1959 a
119 1925 263 1959 doctore
290 1924 452 1964 Canisio,
488 1924 566 1958 viro
602 1926 637 1958 et
672 1924 729 1969 pio
757 1926 792 1957 et
821 1924 943 1965 docto,
979 1923 1090 1957 latine
1124 1924 1364 1968 conscriptum
1400 1924 1502 1958 vobis
1538 1925 1706 1969 proposui
1718 1938 1726 1965 ;
1762 1936 1842 1959 cum

72 1980 192 2012 autem
227 1979 321 2012 inter
346 1990 412 2012 vos
437 1978 529 2018 sint,
565 1978 625 2022 qui
652 1977 801 2011 latinam
836 1977 997 2020 linguam
1028 1976 1123 2011 haud
1157 1977 1248 2011 satis
1283 1977 1457 2019 calleant,
1493 1978 1685 2012 convenire
1721 1979 1843 2013 existi-

72 2032 224 2071 mabam,
251 2034 292 2066 ut
317 2031 479 2066 libellum
505 2031 704 2075 hungarice
730 2031 941 2065 verterem.“

191 2085 258 2128 Qui
284 2086 412 2120 librum
440 2097 471 2119 a.
501 2085 592 2120 1884
617 2084 745 2125 edidit,
772 2085 808 2118 in
834 2083 1143 2124 adnotationibus,
1170 2095 1260 2128 quas
1286 2084 1504 2118 catechismo
1532 2085 1670 2118 addidit
1699 2085 1747 2130 (p.
1777 2085 1843 2120 102

72 2139 116 2174 ad
137 2139 231 2183 142),
258 2139 353 2173 hunc
372 2139 629 2173 catechismum
648 2138 815 2178 omnium,
843 2137 903 2181 qui
921 2137 1117 2181 hungarice
1136 2137 1222 2171 editi
1241 2138 1324 2178 sint,
1350 2137 1502 2182 primum
1523 2149 1602 2172 esse
1621 2138 1844 2183 eundemque

71 2192 216 2228 saeculo
241 2193 336 2227 XVI.
365 2192 580 2238 compluries
607 2192 721 2226 denuo
748 2202 922 2225 excusum
949 2202 1028 2225 esse
1058 2190 1193 2225 scribit.
1243 2190 1414 2225 Nicolaus
1440 2191 1608 2235 Telegdi,
1646 2195 1686 2226 ut
1711 2192 1843 2226 ibidem

71 2258 105 2292 p.
135 2247 320 2281 114-125
347 2247 541 2288 asseritur,
567 2258 598 2280 a.
628 2246 717 2279 1557
745 2245 782 2278 in
808 2244 1046 2279 universitate
1073 2244 1295 2278 cracoviensi
1325 2245 1622 2287 „baccalaureus“
1652 2248 1688 2280 et
1714 2246 1843 2280 bursae

71 2300 291 2344 hungaricae
326 2301 496 2342 „senior“‚
532 2312 564 2334 a.
594 2298 683 2333 1558
718 2299 887 2332 sacerdos
923 2300 960 2332 et
992 2297 1137 2332 scholae
1171 2298 1418 2343 tyrnaviensis
1453 2300 1683 2344 praeceptor,
1718 2301 1843 2344 postea

72 2354 264 2388 canonicus
290 2356 326 2388 et
351 2365 513 2388 summus
539 2353 765 2398 praepositus
791 2351 1063 2395 strigoniensis,
1090 2363 1121 2386 a.
1151 2351 1241 2386 1573
1267 2351 1528 2397 archiepiscopi
1554 2352 1723 2393 vicarius,
1752 2353 1842 2387 1579

72 2408 117 2442 ad
146 2408 235 2442 1586
271 2408 458 2453 episcopus
494 2405 882 2451 quinqueecclesiensis
916 2405 985 2439 fuit
1021 2405 1082 2448 (cf.
1114 2407 1243 2450 Gams,
1279 2405 1395 2440 Series
1422 2417 1454 2450 p.
1482 2405 1579 2449 377).
1631 2405 1698 2448 Qui
1734 2406 1842 2440 etiam

73 2472 103 2495 a.
132 2462 364 2496 1577—1581
402 2461 586 2496 contiones
614 2460 650 2503 (3
677 2458 876 2503 volumina)
912 2461 947 2493 et
980 2458 1121 2493 libellos
1156 2458 1293 2503 aliquot
1327 2458 1521 2504 polemicos
1556 2460 1730 2494 adversus
1765 2471 1843 2505 pro-

71 2516 249 2549 testantes
276 2515 396 2549 edidit.

194 2569 346 2603 Carolus
372 2569 486 2603 Szabcss
512 2568 548 2602 in
574 2579 680 2612 opere
705 2566 846 2600 nomine
872 2565 1091 2609 hungaricae
1118 2565 1321 2600 litterarum
1353 2566 1557 2600 academiae
1591 2566 1687 2600 edito
1717 2566 1842 2611 „Regy

71 2622 228 2667 Magyar
245 2622 453 2667 Konyvtar“
487 2621 687 2666 (Budapest
715 2620 816 2654 1879.
838 2618 957 2662 1885),
983 2619 1019 2653 in
1045 2630 1113 2663 quo
1139 2619 1250 2653 libros
1275 2619 1494 2663 hungaricos
1520 2619 1601 2653 inde
1628 2620 1671 2653 ab
1698 2631 1729 2653 a.
1751 2620 1838 2654 1531

72 2687 226 2710 excusos
250 2678 425 2717 recenset,
451 2675 558 2709 huius
585 2672 793 2708 catechismi
820 2684 888 2706 non
918 2672 1006 2706 fecit
1030 2672 1259 2706 mentionem.

191 2729 367 2763 Editionis
402 2740 517 2763 novae
543 2726 706 2772 exempla
734 2728 881 2760 exstant
905 2725 1087 2760 Monachii
1112 2726 1148 2760 in
1177 2725 1393 2760 bibliotheca
1420 2726 1539 2770 regia,
1576 2725 1721 2760 Catech.
1751 2725 1841 2767 107³,

73 2784 110 2817 et
134 2783 365 2818 Vindobonae
391 2783 427 2816 in
452 2781 668 2816 bibliotheca
694 2779 864 2825 palatina,
897 2780 974 2813 151.
1004 2778 1044 2814 G.
1072 2779 1130 2814 40.

192 2836 392 2870 Editionem
419 2835 539 2881 posuit
566 2834 830 2878 Sommervoyel,
860 2832 951 2867 Bibl.
978 2833 1022 2873 II,
1048 2832 1127 2867 653.

893 2939 1023 2981 398.

845 3022 944 3059 Anno
971 3022 1065 3059 1562.

195 3113 225 3145 1.
255 3110 394 3144 Canis&
419 3109 564 3143 Summa
594 3108 809 3151 Antvevpiae
833 3107 947 3140 denuo
977 3107 1174 3140 eoecaditur.
1213 3109 1244 3140 2.
1271 3107 1405 3140 Eadem
1432 3107 1605 3150 chyduni
1628 3107 1757 3140 iterum
1784 3117 1839 3139 ex-

74 3164 228 3208 cuditur,
256 3174 331 3196 cum
354 3162 541 3206 privile-cio
559 3161 802 3194 Emmanuelis
819 3160 1007 3194 Philibertz·
1029 3160 1233 3194 Sabaucliae
1259 3160 1368 3194 ducis.
1403 3160 1513 3193 Pueri
1539 3171 1582 3194 ex
1607 3160 1721 3194 eodem
1748 3159 1838 3193 libro
