2093 3444
244 195 329 236 374
474 192 553 226 664.
591 191 757 226 Canisius
783 190 963 225 Stanislao
989 190 1110 224 Hosio.
1153 190 1248 233 Aug.
1274 190 1380 224 Vind.
1407 190 1438 225 9.
1465 190 1651 225 Februarii
1679 190 1779 226 1562.

362 309 591 354 Inscriptioni
610 309 738 343 harum
756 309 960 343 litterarum
983 319 1091 341 manu
1109 306 1306 340 tridentina
1325 306 1484 340 eiusdem
1502 307 1673 352 temporis
1699 308 1909 343 adnotatum
1937 311 2012 344 est:

247 363 442 406 „Redditae
470 364 511 397 17
539 362 711 408 februarij
741 362 843 396 1562.
894 362 1001 406 Resp.
1029 361 1184 395 eodem.“

362 440 482 483 Atque
519 451 564 473 ex
598 439 654 473 his
689 438 821 472 litteris
856 436 1098 480 intellegitur,
1138 448 1207 470 una
1244 447 1322 470 cum
1359 435 1448 480 ipsis
1474 447 1494 470 a
1521 435 1664 470 canisio
1700 436 1788 472 duos
1822 437 1932 472 libros
1967 439 2012 473 ad

243 493 394 527 Hosium
419 493 550 527 missos
577 504 667 527 esse.
718 491 834 525 Unius
860 493 984 524 auctor
1010 492 1089 524 erat
1115 489 1358 534 Hieronymus
1384 489 1569 523 Rauscher
1597 490 1633 533 (†
1662 490 1789 533 1569),
1817 492 1897 535 qui,
1930 503 2010 526 cum

245 546 488 592 compluribus
514 545 603 580 locis
629 545 915 579 Lutheranorum
942 543 1145 577 ministrum
1173 542 1326 585 egisset,
1354 543 1498 576 tandem
1524 542 1727 587 Ambergae
1757 543 1946 588 (Amberg)
1975 544 2012 579 in

244 600 454 634 Palatinam
488 599 672 645 superiore
699 597 901 643 principum
935 595 1234 638 neoburgensium
1267 595 1587 639 (Pfalz-Neuburg)
1626 596 1848 631 contionator
1874 597 2015 633 aulicus

245 653 464 688 constitutus
490 655 556 687 est.
607 653 642 686 Is
674 664 705 686 a.
736 651 826 685 1562
853 653 888 684 et
914 650 1045 684 iterum
1081 660 1111 683 a.
1141 649 1232 682 1564
1259 649 1370 682 edidit
1399 648 1584 691 „Hundert
1610 650 1841 692 auserwelte,
1876 662 2013 694 grosse,

244 707 566 751 unverschempte‚
602 706 727 747 feiste,
764 704 1016 748 wolgemeste,
1053 702 1292 736 erstunckene
1326 702 1547 747 papistische
1573 703 1716 747 Liigen,
1752 703 1888 738 welche
1923 704 2016 739 aller

244 759 382 795 Narren
411 760 546 804 Lstgen,
573 760 628 794 als
655 760 718 793 des
743 756 1029 802 Eulenspiegels,
1056 755 1266 800 Marcolphi,
1293 755 1355 789 des
1382 755 1521 790 Pfaffen
1547 768 1618 790 von
1644 756 1860 800 Kalenberg,
1887 757 2013 792 Fortu-

244 814 338 855 nati,
365 813 598 857 Rollmagens
625 814 691 847 etc.
719 812 804 845 weit
830 810 1065 849 uberti-effen,
1092 809 1205 843 damit
1231 810 1286 842 die
1313 809 1484 854 Papisten
1512 809 1568 844 die
1594 810 1823 855 fiirnempten
1848 811 2014 846 Artickel

245 867 342 901 ihrer
367 867 458 901 Lere
484 866 755 910 vertheidigen,
792 866 848 899 die
875 875 999 898 armen
1025 862 1192 897 Christen
1220 863 1305 896 aber
1330 863 1548 897 verblenden
1582 864 1654 897 und
1689 864 1725 898 in
1751 864 1925 908 Abgrund
1952 865 2016 899 der

245 920 374 955 Hellen
400 920 615 962 verfiihren,
651 931 716 954 aus
749 919 850 953 ihren
883 918 1033 960 eigenen
1061 915 1270 950 Scribenten
1297 927 1685 960 zusammengezogen,
1719 917 1791 951 und
1817 918 2015 953 besondere

246 974 473 1017 Erinnerung
511 985 554 1007 zu
588 973 766 1019 jeglicher
804 970 983 1015 gestellt.“
1038 970 1093 1004 lta
1131 969 1275 1013 quidem
1312 968 1370 1003 hic
1407 969 1497 1004 liber
1534 970 1730 1015 inscriptus
1768 972 1825 1005 est
1862 982 1892 1006 a.
1922 971 2016 1006 1564

249 1027 569 1071 (Janssen-Pastor
594 1026 636 1068 V,
674 1026 795 1069 385³);
832 1024 1022 1058 editionem
1049 1025 1168 1057 autem
1197 1023 1393 1068 principem
1426 1023 1593 1057 similiter
1617 1023 1828 1069 inscriptam
1862 1036 1942 1059 esse
1968 1036 2014 1059 ex

245 1081 529 1116 *commentario
565 1080 740 1115 contionis
767 1090 786 1113 a
814 1078 956 1112 Canisio
983 1078 1026 1111 de
1062 1088 1102 1111 ea
1128 1077 1271 1110 habitae
1308 1076 1475 1120 colligere
1500 1076 1586 1111 licet
1614 1077 1714 1121 (Cod.
1747 1078 1852 1120 „Can
1878 1077 1921 1112 X.
1948 1078 2011 1113 Τ.“ι

245 1135 270 1170 f.
299 1135 394 1178 76¹³).
446 1135 486 1168 ln
529 1146 598 1178 quo
640 1133 750 1174 libro,
795 1130 1050 1176 Christophoro
1093 1131 1173 1164 duci
1214 1130 1551 1174 wurttembergensi
1593 1131 1775 1173 dedicato,
1818 1131 2016 1173 Rauscher,

247 1187 462 1233 Staphylum
499 1189 622 1222 contra
658 1185 837 1232 propriam
873 1185 1130 1219 conscientiam
1157 1183 1296 1217 diabolo
1332 1183 1470 1217 servire
1504 1185 1541 1217 et
1572 1184 1856 1228 protestantibus
1890 1196 2015 1219 necem

246 1253 374 1286 parare
392 1241 589 1286 praefatus„
617 1252 661 1275 ex
680 1239 791 1273 variis
811 1238 1068 1273 catholicorum
1087 1237 1188 1271 libris
1211 1237 1465 1270 miraculorum
1483 1236 1688 1279 relationes,
1715 1238 2018 1279 narratiunculas,

246 1295 388 1329 fabulas
415 1295 596 1338 congerit,
632 1296 740 1338 atque
767 1292 963 1327 catholicos
989 1291 1078 1326 haec
1105 1290 1240 1331 omnia,
1275 1290 1344 1324 nisi
1371 1290 1415 1324 ad
1441 1290 1561 1334 ignem
1597 1292 1633 1325 et
1658 1290 1827 1335 laqueum
1855 1291 2018 1325 damnari

246 1349 380 1388 velint,
417 1349 561 1383 credere
588 1348 717 1382 debere
753 1346 902 1386 asserit;
938 1357 1096 1379 summos
1122 1344 1310 1390 pontifices
1345 1344 1440 1377 sicut
1466 1345 1625 1378 monstra
1651 1344 1794 1386 vivere;
1830 1345 2020 1389 episcopos

247 1402 378 1437 diaboli
405 1414 549 1442 servos,
586 1400 778 1435 monachos
805 1400 963 1434 eiusdem
990 1399 1102 1439 filios,
1138 1398 1345 1432 monialium
1381 1400 1580 1431 conventus
1605 1397 1794 1442 lupanaria
1819 1409 2018 1443 procerum,

246 1455 428 1495 nobilium,
456 1455 705 1490 canonicorum
733 1465 822 1487 esse.
875 1453 972 1495 Quae
999 1456 1119 1486 autem
1147 1452 1189 1485 de
1217 1451 1250 1485 S.
1274 1451 1456 1485 Francisci
1482 1451 1696 1485 Assisinatis
1722 1451 1880 1486 moribus
1906 1463 1948 1486 ac
1974 1451 2019 1485 de

247 1510 371 1555 poenis
398 1510 432 1543 in
459 1511 596 1543 tartaro
623 1508 652 1542 ei
681 1506 886 1541 constitutis
915 1506 1098 1540 liauscher
1130 1505 1275 1545 scribit,
1311 1507 1385 1538 tam
1413 1504 1555 1538 sordida
1581 1506 1684 1546 sunt,
1720 1506 1761 1539 ut
1787 1516 1829 1539 ea
1853 1506 2019 1549 repetere

246 1563 381 1608 pudeat
409 1564 576 1606 (Janssen
604 1561 626 1595 l.
646 1573 675 1595 e.
703 1573 734 1605 p.
756 1559 953 1595 385—387.
990 1560 1228 1602 ll'ayenmann
1257 1558 1290 1591 in
1315 1557 1559 1601 „Allgemeine
1578 1557 1758 1591 Deutsche
1777 1557 2014 1603 Biographie“

247 1616 405 1658 XXVII,
432 1616 633 1650 447—448.
684 1616 720 1649 J.
753 1616 794 1648 G.
827 1615 889 1647 Th.
920 1615 1070 1656 Grcisse,
1098 1611 1286 1646 Lehrbuch
1313 1611 1376 1645 der
1401 1611 1640 1654 allgemeinen
1667 1611 2020 1655 Literargeschichte

248 1670 309 1712 III,
340 1671 369 1704 1.
390 1670 498 1704 Abth.
527 1669 689 1714 [Leipzig
717 1667 831 1712 1852],
859 1667 938 1702 607.
958 1666 1175 1709 615—61c).
1216 1664 1333 1707 Quare
1359 1665 1453 1698 haud
1479 1667 1577 1698 recte
1602 1666 1739 1698 Rezcsch
1757 1664 2017 1710 Hieronymum

247 1723 434 1758 Rauscher
468 1723 512 1757 iis
548 1722 818 1762 annumeravit,
855 1721 914 1765 qui
950 1720 985 1754 in
1017 1719 1174 1762 „l11dice“
1207 1718 1350 1763 quidem
1381 1718 1572 1761 „librorum
1607 1717 1885 1763 prohibitorum“
1925 1729 2020 1752 anno

251 1778 342 1812 1564
377 1789 397 1811 a
423 1776 487 1811 Pio
514 1776 575 1810 IV.
604 1775 774 1819 evulgato
810 1775 854 1809 ad
881 1774 907 1809 I.
935 1773 1089 1808 classem
1114 1792 1160 1796 -—
1186 1772 1275 1806 haec
1311 1783 1431 1805 eorum
1468 1773 1564 1813 erat,
1600 1782 1750 1815 quorum
1775 1771 1856 1805 libri
1883 1782 2018 1812 omnes,

248 1830 326 1865 sive
353 1831 423 1865 iam
443 1829 539 1871 editi,
566 1829 643 1863 sive
662 1831 787 1874 postea
814 1827 941 1862 edendi
968 1828 1099 1867 essent,
1126 1825 1440 1871 proscribebantur
1458 1844 1503 1848 —
1522 1836 1562 1858 eo
1587 1826 1729 1859 tantum
1754 1825 1859 1859 relati
1885 1826 2019 1867 essent,

248 1884 341 1929 quod
373 1883 670 1926 „Protestationi“
710 1882 851 1916 cuidam
888 1881 1062 1915 adversus
1098 1879 1288 1914 concilium
1315 1878 1547 1912 tridentinum
1584 1889 1676 1912 anno
1704 1878 1795 1913 1563
1829 1878 1864 1912 in
1899 1878 2017 1913 lucem

248 1937 401 1971 emissae
420 1937 563 1971 nomina
581 1936 892 1980 subscripsissent,
920 1934 980 1978 qui
998 1936 1116 1967 tamen
1141 1932 1251 1974 „nach
1278 1932 1368 1966 1564
1394 1930 1472 1965 31011
1490 1930 1603 1965 durch
1622 1930 1802 1966 Schriften
1830 1959 1837 1966 .
1858 1960 1864 1965 .
1885 1959 1891 1966 .
1919 1931 2020 1966 eines

248 1990 392 2025 Platzes
418 1990 465 2024 im
485 1990 597 2024 Index
615 1990 755 2032 wtirdig
773 1987 960 2031 gemacht‘
987 1987 1115 2030 (Index
1134 1986 1158 2028 Ι,
1187 1986 1284 2028 326).
1329 1985 1534 2027 „Confessio
1553 1984 1719 2028 Belgiea“
1750 1987 1881 2027 autem,
1909 1996 2018 2029 quam

250 2044 415 2078 Canisius
442 2044 558 2085 misit,
596 2043 758 2077 Guidoue
785 2042 828 2076 de
856 2042 944 2075 Bres
973 2040 1101 2085 (Bray)
1129 2039 1320 2084 praecipuo
1355 2041 1521 2080 auctore,
1557 2038 1728 2082 evulgata
1764 2040 1819 2073 est
1844 2049 1925 2073 cum
1950 2038 2019 2073 hoc

247 2097 374 2132 titulo:
414 2096 726 2139 „CONFESSlON
758 2096 759 2134 ζ
789 2095 850 2129 DE
876 2094 984 2136 FOY,
1047 2093 1148 2127 Faite
1184 2093 1215 2126 d'
1236 2104 1283 2126 vn
1318 2103 1483 2126 commun
1519 2091 1646 2126 accord
1681 2103 1747 2136 par
1777 2091 1830 2126 les
1861 2090 1864 2137 1
1892 2091 2020 2126 fideles

249 2151 310 2195 qui
336 2153 524 2185 couersent
552 2153 589 2185 es
616 2161 707 2195 pays
732 2149 806 2190 bas,
869 2147 1028 2192 lesquels
1052 2147 1210 2181 desirent
1229 2146 1330 2180 viure
1356 2145 1455 2179 selon
1480 2144 1516 2179 la
1577 2147 1703 2190 purete
1729 2145 1772 2179 de
1798 2145 1821 2179 l'
1839 2144 2020 2189 Euangile

249 2204 292 2238 de
326 2206 448 2239 nostre
481 2243 482 2247 Ἰ
512 2204 687 2247 Seigneur
714 2203 814 2237 lesus
842 2202 972 2236 Christ.
1005 2222 1006 2225 =
1037 2201 1135 2234 Auec
1170 2211 1239 2233 vne
1266 2200 1547 2233 Remonstranee
1578 2199 1579 2221 ἶ
1609 2210 1680 2232 aux
1705 2198 1938 2241 Magistrats,
1974 2198 2019 2233 de

249 2258 442 2299 Flandres,
506 2258 667 2298 Braban,
695 2256 888 2295 Haimmlt,
915 2254 1057 2295 Artois,
1119 2253 1348 2288 Chastelenie
1376 2253 1418 2287 de
1443 2251 1558 2292 risle,
1595 2253 1625 2287 ὣ
1651 2263 1710 2286 au·
1741 2284 1743 2295 ,
1771 2255 1847 2286 tres
1872 2251 2019 2296 regions

250 2311 517 2346 circonuisines.
580 2310 790 2345 M.D.LXl.“
847 2309 945 2352 (Sine
972 2308 1067 2348 loco;
1107 2307 1184 2347 120;
1220 2319 1278 2351 pp.
1306 2307 1347 2340 31
1377 2308 1413 2340 et
1438 2307 1625 2350 praeterea
1649 2305 1686 2339 in
1711 2306 1812 2339 initio
1839 2305 1859 2340 6
1886 2306 1921 2340 ff.
1946 2317 2018 2340 non

249 2365 412 2409 signata,
449 2364 569 2398 addito
595 2363 753 2404 titulari;
788 2362 812 2397 f.
841 2361 1010 2396 a2n——bb
1046 2360 1203 2405 epistula
1234 2360 1277 2394 ad
1305 2359 1511 2404 Philippum
1536 2359 1581 2394 ΙΙ,
1608 2370 1732 2402 regem
1764 2359 1867 2400 data;
1908 2358 2016 2401 „Con-

249 2418 376 2452 fessio“
409 2419 452 2452 37
480 2417 652 2452 articulos
678 2417 755 2451 sive
782 2417 901 2461 capita
927 2413 1206 2459 complectitur).
1246 2413 1352 2447 Liber
1369 2414 1495 2458 postea
1521 2412 1630 2447 etiam
1655 2412 1778 2453 latine,
1804 2411 2018 2454 holbmdice,

250 2472 454 2515 germanice
481 2471 610 2511 editus,
637 2481 678 2504 ac
696 2469 952 2515 posterioribus
977 2467 1081 2502 annis
1107 2479 1127 2501 a
1151 2466 1392 2512 compluribus
1415 2465 1600 2510 „synodis“
1622 2465 1773 2509 belgicis
1798 2465 2020 2508 recognitus,

249 2526 429 2566 mutatus,
465 2524 697 2558 confirmatus
727 2522 1054 2564 „Reformat01·un1“
1094 2520 1172 2555 sive
1204 2520 1493 2555 Calvinianorum
1529 2518 1767 2553 Neerlandiae
1800 2518 1891 2553 liber
1920 2530 2017 2564 sym-

250 2578 398 2619 bolicus,
424 2579 464 2611 ut
490 2577 607 2611 dicere
632 2576 800 2616 solemus,
827 2575 976 2609 effectus
1002 2576 1067 2608 est.

370 2630 505 2665 Eodem
530 2633 691 2675 tempore
715 2628 880 2663 Canisius
906 2627 1066 2662 libellum
1092 2627 1193 2661 illum
1211 2626 1422 2660 Tridentum
1447 2625 1492 2659 ad
1518 2624 1668 2659 Hosium
1694 2624 1838 2659 misisse
1863 2624 2019 2667 videtur,

252 2685 294 2719 de
312 2696 382 2729 quo
401 2685 608 2718 Valentinus
625 2684 666 2717 K
666 2683 848 2716 uczborslci
867 2680 1126 2726 (Cutzborski),
1156 2679 1254 2713 Hosii
1278 2679 1551 2721 „camerarius“‚
1569 2678 1740 2712 Tridento
1760 2679 1813 2713 17.
1832 2678 2018 2712 Februarii

254 2739 343 2773 1562
371 2738 415 2772 ad
433 2737 630 2772 Martinum
649 2736 794 2770 Cromer
820 2735 1012 2779 *scripsit:
1044 2733 1195 2776 „Scribit
1213 2733 1388 2774 Canisius,
1413 2731 1481 2766 hoc
1506 2743 1598 2766 anno
1616 2731 1705 2766 nihil
1731 2743 1810 2766 esse
1836 2742 1857 2765 a
1878 2730 2020 2766 bellicis

251 2791 468 2826 tumultibus
493 2789 655 2835 periculj.
705 2789 752 2823 Et
776 2788 875 2822 misit
900 2787 1002 2822 nobis
1028 2787 1148 2832 capita
1180 2785 1472 2830 conspirationis,
1509 2796 1616 2830 quam
1647 2784 1697 2819 ibi
1721 2784 1841 2829 palam
1867 2784 2017 2818 circum-

252 2844 338 2879 ferri
363 2843 556 2887 significat,
579 2843 619 2888 jn
646 2853 717 2887 qua
742 2841 942 2886 perscripta
968 2843 1024 2875 est
1048 2840 1140 2874 ratio
1159 2851 1230 2883 qua
1255 2851 1319 2873 rex
1337 2838 1504 2873 Navarae
1529 2838 1607 2873 loco
1632 2837 1780 2880 moveri,
1807 2838 1844 2872 et
1867 2836 2018 2872 heretici
2069 2859 2072 2862 «

252 2909 299 2932 ex
335 2896 528 2932 Germania
562 2895 795 2931 exterminari
830 2894 980 2939 possint.
1032 2893 1068 2927 Si
1101 2895 1226 2939 potero
1260 2892 1401 2926 mittam
1437 2891 1514 2926 eius
1549 2891 1754 2936 exemplum
1789 2890 1823 2926 S.
1849 2890 2015 2925 vestrae¹⁶

254 2951 317 2995 (ex
343 2949 577 2995 autographo.
629 2948 713 2984 Cod.
740 2959 880 2982 cracow
912 2947 1090 2990 „Cromeri
1116 2946 1258 2992 epistt.“
1287 2957 1340 2980 nr.
1367 2945 1465 2988 276).
