2093 3444
656 192 699 225 Π.
741 190 966 225 Prooemium
994 191 1188 226 voluminis
1212 191 1322 226 tertii.
1794 209 1875 237 XXI

104 309 223 352 denti
255 312 404 362 gestas
438 323 534 350 cum
568 309 724 351 ceteris
758 309 907 358 Sociis,
942 309 1013 362 qui
1045 309 1142 351 illos
1174 312 1324 363 patres
1356 309 1604 363 fratresque
1636 310 1679 352 in
1705 310 1875 355 Christo

103 389 203 417 suos
226 375 445 417 habebant
478 377 521 416 et
544 374 825 427 singulariter
848 375 1062 426 colebant,
1096 375 1302 417 volebant
1326 375 1657 418 communicare.
1705 376 1876 419 Primus

103 454 126 482 e
159 440 377 483 Societate
411 439 664 482 Tridentum
705 440 826 482 venit
858 440 903 483 P.
938 440 1123 482 Ioannes
1156 440 1444 490 Cuvillonius‚
1487 440 1734 495 theologiae
1776 456 1876 496 pro-

102 507 243 547 fessor
282 504 658 558 ingolstadiensis,
703 519 799 546 cum
832 505 1078 558 Augustino
1111 505 1433 558 Paumgartner
1474 508 1623 548 orator
1663 507 1818 550 missus
1850 522 1877 550 a

102 571 318 613 Bavariae
360 571 479 613 duce.
549 570 628 620 Qui
673 584 768 611 cuni
810 573 986 624 praeter
1030 570 1116 612 alia
1160 570 1337 612 calicem
1381 570 1592 612 laicorum
1637 575 1681 615 et
1724 573 1876 615 matri-

102 636 290 678 monium
325 635 601 678 sacerdotum
635 650 660 677 a
693 635 872 677 concilio
896 638 1078 689 peteret,
1113 635 1376 677 Cuvillonius
1399 636 1662 690 (complures
1684 637 1877 680 historici

103 715 194 743 rem
227 701 341 743 haud
374 704 493 743 recte
526 701 779 754 narrarunt)
812 700 982 742 Canisio
1025 704 1069 743 et
1102 701 1355 743 Salmerone
1388 701 1637 744 auctoribus
1669 702 1877 757 impetra-

102 766 189 816 vit,
232 769 281 808 ut
313 766 392 808 sibi
427 766 613 808 oratoris
646 779 823 807 munere
855 766 1039 808 liberato
1072 767 1324 820 theologum
1357 769 1529 809 tantum
1563 782 1694 820 agere
1726 768 1878 812 liceret

103 831 222 883 (408.
258 833 355 874 737.
393 832 510 885 738).
579 831 755 873 Lainius
799 833 968 881 autem,
1015 846 1111 872 cum
1155 832 1370 885 pontificis
1414 833 1534 874 iussu
1578 848 1633 876 m.
1676 833 1877 886 Augusto

103 911 141 940 a.
174 899 285 939 1562
320 897 575 939 Tridentum
606 896 812 945 venisset,
847 899 891 938 et
923 896 1208 938 Cuvillonium
1242 900 1286 939 et
1318 898 1626 949 Salmeronem,
1662 899 1734 952 qui
1765 899 1880 942 inter

102 963 329 1016 theologos
362 962 605 1017 pontificios
636 961 821 1016 primum
858 962 1001 1003 locum
1034 963 1234 1013 tenebat,
1285 963 1464 1013 „bonum
1497 964 1697 1005 odorem“
1737 964 1877 1006 Socie-

102 1028 209 1070 tatis
250 1030 509 1082 spargentes
549 1027 717 1070 invenit
759 1026 896 1080 (476).
961 1027 1061 1078 Qui,
1108 1027 1297 1070 omnium
1339 1032 1604 1082 postremum
1650 1029 1765 1072 inter
1809 1044 1878 1071 or-

104 1093 250 1136 dinum
292 1093 593 1147 religiosorum
635 1107 860 1147 supremos
900 1093 1198 1135 moderatores
1239 1093 1381 1136 locum
1422 1109 1500 1149 pro
1542 1095 1755 1138 modestia
1800 1110 1877 1137 sua

104 1174 129 1202 a
160 1158 320 1212 legatis
351 1158 588 1212 impetrare
619 1158 787 1201 frustra
819 1161 999 1201 conatus
1034 1158 1180 1212 (531),
1223 1174 1309 1201 non
1341 1161 1480 1202 solum
1512 1161 1709 1215 patribus
1740 1161 1877 1203 Indici

102 1224 380 1267 reformando
423 1224 654 1267 destinatis
697 1224 935 1278 ascriptus,
982 1225 1058 1266 sed
1096 1225 1229 1267 etiam
1262 1225 1358 1267 aliis
1391 1226 1647 1279 quibusdam
1690 1227 1877 1280 negotiis

103 1290 284 1332 secretis
325 1289 618 1343 gravibusque
659 1290 904 1332 tractandis
945 1304 1040 1332 cum
1084 1290 1334 1333 Salmerone
1379 1294 1423 1333 et
1466 1292 1615 1346 paucis
1659 1292 1757 1334 aliis
1803 1292 1877 1334 de-

102 1356 242 1398 lectus
284 1358 351 1397 est
393 1356 511 1408 (477.
555 1357 654 1398 498.
696 1356 814 1407 565).
878 1355 997 1396 Idem
1036 1356 1087 1397 de
1130 1356 1477 1409 quaestionibus,
1521 1372 1632 1410 quae
1674 1371 1724 1400 eo
1764 1360 1877 1399 tem-

102 1435 207 1475 pore
252 1421 449 1463 Tridenti
495 1421 780 1463 vehementer
827 1420 1130 1474 agitabantur,
1179 1425 1228 1464 ut
1275 1422 1327 1464 de
1374 1422 1583 1464 sacrificio
1632 1423 1675 1464 in
1722 1422 1878 1465 ultima

104 1500 211 1528 cena
244 1501 270 1528 a
302 1486 472 1528 Christo
507 1486 676 1537 oblato,
720 1487 771 1537 de
810 1500 933 1528 sacro
967 1486 1099 1529 calice
1132 1487 1254 1529 laicis
1287 1488 1582 1538 concedendo,
1626 1489 1678 1530 de
1711 1488 1878 1542 origine

101 1551 411 1594 iurisdictionis
434 1551 747 1606 episcoporum,
780 1551 824 1593 in
846 1552 1121 1606 generalibus
1144 1553 1443 1607 episcoporum
1466 1554 1878 1607 congregationibus

103 1617 323 1660 orationes
354 1617 506 1660 habuit
539 1617 759 1672 copiosas,
806 1631 918 1671 quae
951 1618 1240 1661 cardinalibus
1272 1619 1431 1672 legatis
1464 1622 1596 1672 atque
1628 1619 1761 1662 etiam
1793 1620 1877 1661 Lo-

101 1683 350 1736 tharingiae
382 1683 591 1725 cardinali
624 1686 669 1725 et
700 1683 849 1726 multis
882 1683 1095 1738 episcopis
1127 1685 1256 1726 valde
1288 1685 1586 1739 probabantur
1623 1685 1741 1737 (477.
1777 1686 1876 1728 481.

103 1749 202 1792 497.
238 1748 364 1801 565);
408 1762 590 1801 quorum
631 1752 789 1801 rogatu
822 1749 1000 1790 Lainius
1042 1763 1115 1790 eas
1158 1750 1291 1792 etiam
1332 1750 1493 1793 litteris
1535 1750 1793 1804 consignare
1833 1751 1878 1793 in

103 1814 293 1856 animum
325 1813 498 1856 induxit
531 1813 649 1867 (497.
686 1816 803 1867 582).
855 1813 1110 1857 Doctrinam
1151 1815 1284 1857 etiam
1325 1819 1369 1859 et
1411 1830 1599 1858 canones
1638 1817 1690 1858 de
1728 1830 1877 1859 sacra-

102 1882 249 1922 mento
283 1879 446 1921 ordinis
478 1882 653 1934 patrum
688 1880 955 1922 delectorum
978 1880 1242 1924 auctoritate
1264 1881 1441 1924 Lainius
1464 1882 1706 1936 composuit
1729 1881 1875 1935 (496);

103 1958 214 1998 quae
246 1947 395 1988 tamen
420 1945 618 1987 doctrina
650 1946 704 1987 ab
737 1945 904 1999 aliquot
937 1945 1042 1987 viris
1070 1946 1212 1989 coetui
1236 1946 1299 1988 illi
1321 1950 1476 2001 postea
1508 1948 1736 1999 adiunctis,
1771 1947 1878 1989 locis

102 2024 255 2052 sacrae
279 2011 530 2065 Scripturae
563 2010 744 2063 aliisque
776 2010 1105 2065 probationibus
1136 2013 1329 2064 remotis,
1363 2013 1418 2055 ad
1450 2013 1755 2067 simpliciorem
1788 2013 1877 2055 for-

101 2090 217 2118 mam
250 2077 431 2119 redacta
463 2078 531 2118 est
563 2076 682 2129 (496.
718 2076 985 2130 528-529).
1029 2077 1196 2130 Neque,
1231 2078 1345 2131 quod
1375 2078 1553 2120 Lainius
1585 2082 1629 2121 et
1653 2079 1877 2121 Salmeron

100 2155 368 2196 magnopere
409 2141 642 2195 cupiebant
680 2142 846 2184 definiri
887 2141 1006 2194 (448.
1050 2144 1150 2186 496.
1195 2145 1294 2186 527.
1338 2143 1466 2197 539),
1519 2144 1743 2187 definitum
1786 2147 1875 2187 est:

102 2206 316 2261 episcopis
347 2207 688 2249 iurisdictionem
721 2222 747 2249 a
775 2207 944 2249 Christo
978 2222 1054 2262 per
1086 2223 1300 2251 summum
1333 2210 1583 2264 pontificem
1614 2209 1758 2252 tribui.
1809 2209 1877 2260 „Si

100 2274 292 2323 tamen“‚
326 2272 466 2325 inquit
490 2273 705 2315 Polancus
728 2273 937 2315 Tridento
966 2275 1004 2316 2.
1028 2273 1291 2316 Novembris
1317 2276 1429 2317 1562
1462 2275 1632 2317 Canisio
1668 2275 1875 2325 scribens,

106 2341 314 2392 „peccata
355 2341 507 2380 nostra
547 2338 782 2381 veritatem
824 2340 1019 2389 tantum,
1063 2344 1271 2392 quantum
1306 2341 1622 2392 desideramus,
1665 2340 1877 2383 illustrari

100 2417 186 2445 non
219 2402 496 2458 permittent,
535 2404 691 2446 saltem
725 2403 851 2455 nihil,
896 2404 1009 2457 quod
1042 2419 1194 2446 verum
1226 2419 1310 2447 non
1343 2406 1422 2457 sit,
1466 2407 1510 2448 in
1544 2407 1731 2449 decretis
1764 2406 1870 2448 erit“

102 2468 239 2522 (523).
288 2469 489 2511 Ceterum
523 2469 755 2512 Societatis
794 2469 991 2511 homines
1032 2470 1076 2511 in
1118 2470 1298 2513 concilio
1341 2475 1384 2514 et
1424 2472 1608 2514 multum
1652 2472 1876 2513 laborasse

102 2536 147 2577 et
186 2548 373 2587 magnae
415 2535 529 2588 apud
571 2534 795 2588 episcopos
837 2534 1114 2578 auctoritatis
1158 2535 1293 2578 fuisse
1334 2537 1552 2589 Canisius,
1598 2537 1727 2579 rebus
1771 2537 1876 2592 ipsis

102 2599 334 2654 spectatis,
376 2599 612 2642 identidem
653 2602 845 2642 testatus
887 2603 963 2646 est,
996 2599 1114 2653 (539.
1159 2601 1277 2654 551).
1350 2603 1478 2645 Multi
1523 2605 1694 2657 patres,
1741 2602 1875 2655 quod-

101 2679 201 2706 nam
234 2664 487 2718 suffragium
521 2664 602 2707 sibi
634 2665 860 2707 ferendum
893 2668 1033 2717 esset,
1066 2666 1265 2709 Lainium
1299 2670 1343 2710 et
1375 2668 1672 2710 Salmeronem
1705 2668 1875 2709 consul-

101 2732 197 2771 tare
238 2730 451 2773 solebant.
515 2730 692 2772 Concilii
733 2733 880 2772 autem
921 2731 1145 2785 praesides
1185 2733 1382 2786 publicas
1424 2747 1758 2785 communesque
1800 2732 1875 2774 de-

102 2795 259 2837 derunt
290 2794 483 2846 litteras,
527 2795 681 2848 quibus
718 2795 853 2849 ipsius
884 2795 1075 2839 instituti
1108 2797 1341 2840 Societatis
1372 2797 1628 2852 approbatio
1662 2798 1875 2850 quaedam

101 2859 487 2914 pronuntiabatur,
531 2861 599 2902 cui
638 2861 837 2915 proximo
880 2875 991 2903 anno
1030 2862 1215 2904 alteram
1254 2877 1435 2916 eamque
1473 2863 1604 2906 etiam
1635 2863 1875 2917 planiorem

101 2927 244 2968 totum
276 2925 502 2967 concilium
536 2926 784 2968 additurum
817 2929 913 2968 erat
946 2926 1065 2979 (498.
1100 2928 1198 2970 521.
1234 2929 1333 2971 531.
1370 2929 1486 2981 744).

220 2990 343 3032 Licet
385 2993 532 3033 autem
574 2991 627 3032 de
658 2992 789 3033 rebus
821 2992 875 3033 ad
908 2991 1067 3033 Canisii
1099 3006 1331 3046 personam
1363 2993 1661 3047 spectantibus
1693 2992 1874 3035 seorsim

102 3069 234 3109 agere
275 3055 378 3097 mihi
409 3055 730 3110 proposuerim,
773 3056 870 3098 huic
908 3070 1053 3098 rerum
1085 3057 1419 3100 tridentinarum
1451 3059 1521 3100 vel
1553 3058 1698 3112 potius
1729 3071 1873 3100 rerum

102 3120 299 3163 Tridenti
330 3134 408 3174 per
429 3120 662 3163 Societatis
693 3121 888 3163 homines
911 3124 1135 3174 gestarum
1168 3123 1422 3173 narrationi,
1456 3137 1509 3165 ne
1542 3124 1643 3177 quid
1675 3123 1715 3165 ei
1747 3123 1873 3174 desit,

102 3185 274 3236 addam,
299 3185 400 3238 quid
423 3186 681 3228 Canisius
713 3200 751 3229 a.
775 3189 884 3230 1561
911 3190 964 3230 et
989 3188 1101 3228 1562
1124 3201 1218 3241 pro
1253 3189 1491 3231 concilio
1524 3189 1871 3243 praestiterit.
