2093 3444
230 185 313 226 154
404 183 484 217 562.
511 183 560 217 Io.
589 183 631 216 de
657 183 814 217 Polanco
842 182 985 217 Canisio
1012 185 1080 217 etc.
1123 183 1237 217 Roma
1263 184 1318 218 24.
1347 183 1435 218 Maii
1463 184 1551 219 1561
1584 184 1654 230 (ep.
1680 185 1819 229 tertia).

341 300 476 334 Eodem
516 300 571 334 die
616 300 672 334 24.
710 300 799 334 Maii
840 301 927 334 1561
969 301 1147 334 Polancus
1184 300 1299 334 Lainii
1342 301 1484 336 nomine
1529 302 1570 336 ad
1610 301 1809 336 Victoriam
1854 304 1996 347 praeter

218 353 411 399 epistulam
436 353 614 395 italicam,
651 365 722 398 qua
748 354 791 387 de
817 353 931 387 variis
956 354 1112 397 negotiis
1139 355 1290 397 agebat,
1327 355 1508 389 *alteram
1534 355 1634 389 misit
1667 366 1816 399 eamque
1853 356 1896 390 de
1926 355 1994 391 hac

216 407 440 452 professione
467 406 652 452 hispanice
678 407 862 451 scriptam.
914 406 970 441 Ex
997 419 1068 451 qua
1094 408 1334 450 cognoscitur,
1362 410 1506 453 praeter
1532 420 1725 450 caesarem,
1752 420 1896 453 regem,
1923 409 1994 454 epi-

216 471 343 505 scopos
368 460 564 501 invitatos,
600 463 765 494 ornatum
791 462 997 505 tapetorum
1023 460 1242 502 adhibitum,
1281 461 1499 495 comoediam
1526 464 1644 496 actam
1671 464 1759 503 etc.‚
1795 462 1838 496 de
1865 462 1994 507 quibus

216 524 325 558 supra
351 525 384 558 p.
415 514 501 554 143,
529 513 563 546 in
591 524 633 547 ea
659 514 881 558 professione
908 513 1112 547 institutam
1140 526 1219 548 esse
1250 514 1304 556 „la
1330 515 1558 559 processi0n“
1588 514 1778 559 visumque
1797 514 1994 550 Victoriam

220 567 355 609 „lleuar
393 567 425 600 el
454 566 635 600 Crucifixo
671 578 714 600 en
741 567 776 601 la
802 578 874 601 vna
909 578 1014 601 mano
1049 580 1073 612 y
1100 579 1143 601 en
1175 567 1210 601 la
1245 570 1324 601 otra
1358 579 1429 601 una
1464 568 1613 602 candela
1648 569 1877 603 encendida“.
1929 568 1994 604 Cui

215 620 347 654 ibidem
374 620 410 654 in
437 620 645 654 memoriam
672 622 899 660 revocantur,
927 632 1020 664 quae
1052 624 1239 663 „nuestras
1266 621 1540 655 constitutiones
1567 634 1609 655 en
1635 622 1670 656 la
1697 622 1740 656 .5.
1768 623 1888 667 parte“
1919 633 1949 656 c.
1973 622 1993 656 3

216 674 259 708 de
286 673 507 718 professione
533 673 686 714 habent,
729 685 767 715 „a
794 685 886 719 cuya
915 673 1144 719 simplicidad
1171 686 1214 708 no
1242 675 1383 719 parezio
1410 687 1430 708 a
1456 677 1602 709 nuestro
1629 675 1745 709 Padre
1772 675 1919 718 Jgnatio
1954 687 1993 710 se

216 727 384 761 dcbiesen
422 727 548 761 afiadir
587 727 814 761 Ceremonias
853 727 1025 771 algunas“
1072 728 1133 771 (cf.
1174 728 1282 761 etiam
1323 727 1606 762 Constitutiones
1645 728 1679 763 S.
1708 729 1762 770 J.‚
1802 728 1867 763 Ex.
1904 740 1932 763 c.
1959 729 1993 770 4,

214 791 249 813 n.
277 780 436 820 26—31;
464 780 504 814 P.
530 780 560 821 3,
588 792 617 814 c.
639 781 669 820 1,
696 792 729 814 11.
756 780 808 823 4),
836 782 944 824 atque
972 780 1143 814 edicitur:
1176 781 1249 822 „.V.
1278 782 1318 815 R..
1347 781 1441 825 haga
1467 794 1531 827 por
1558 782 1589 816 el
1616 794 1765 817 excesso
1791 782 1993 827 penitencia

215 844 284 877 que
309 845 354 867 no
389 845 428 868 se
454 845 542 878 sepa
568 834 653 878 qual
685 846 743 868 es.
782 846 806 879 y
833 846 914 868 sera
942 836 1020 868 esta
1048 834 1090 868 de
1117 835 1214 868 dezir
1249 835 1339 869 siete
1366 835 1568 869 auemarias
1595 836 1759 880 pidiendo
1786 847 1850 881 por
1875 835 1992 870 medio

216 886 295 920 dela
322 887 450 930 Virgin
483 887 598 921 Maria
634 888 758 931 gracia
793 887 835 921 de
871 890 995 921 enter-a
1031 888 1243 922 discretiori.
1282 901 1306 934 y
1345 888 1528 922 humildad
1564 889 1780 924 ucrdadera“
1823 889 1883 932 (ex
1910 901 1992 934 apo-

214 939 350 985 grapho
376 940 488 975 totius
515 940 702 985 epistulae,
730 941 853 975 eodem
881 941 957 975 fere
985 944 1146 986 tempore
1172 941 1318 987 scripto.
1360 941 1443 976 Cod.
1477 942 1617 984 „Gernr
1640 943 1750 977 1561“
1782 943 1806 977 f.
1825 943 1990 987 2b—3st).

1039 1070 1170 1112 562.

630 1162 693 1204 P.
726 1161 1047 1205 IOANNES
1080 1162 1179 1204 DE
1214 1162 1576 1216 PGLANCO,

825 1243 1044 1277 secretarius
1072 1243 1264 1278 Societatis
1291 1244 1383 1285 lesu,

559 1328 731 1369 nomine
764 1327 911 1369 Iacobi
942 1327 1096 1378 Lainii,
1130 1327 1368 1382 praepositi
1403 1328 1633 1380 generalis,

394 1428 650 1476 CANISIO
691 1429 769 1474 ET
810 1428 980 1475 ALIIS
1022 1428 1402 1484 QUIBUSDAM
1441 1420 1808 1477 SOCIETATIS

857 1506 1342 1553 SUPERIORIBUS.

887 1609 999 1645 Roma
1026 1608 1083 1645 24.
1110 1608 1196 1645 Maii
1223 1609 1310 1646 1561.

794 1688 1116 1743 (Epistula
1164 1688 1405 1742 tertia.)

330 1780 385 1814 Ex
411 1781 488 1816 cod.
520 1780 707 1823 „Defuncti
739 1781 1006 1822 1557—1601“,
1034 1781 1058 1815 f.
1084 1793 1154 1815 non
1180 1781 1272 1824 sign.

334 1852 520 1885 orandum
541 1864 611 1896 pro
638 1854 777 1886 eeclesia
806 1857 835 1886 et
862 1854 1014 1886 maxime
1035 1864 1105 1895 pro
1136 1854 1269 1886 Gallia.

329 1936 381 1977 In
428 1937 612 1978 indiculo
661 1939 842 1992 quodam
886 1943 1203 1992 praeceptorum.
1251 1940 1462 1980 orationes
1507 1953 1533 1979 α
1578 1939 1712 1980 Sociis
1756 1938 1984 1992 faciendas

208 2002 486 2055 spectantium
495 2035 507 2055 ‚
541 2004 616 2057 qui
647 2004 810 2044 saeculo
843 2002 961 2044 XVI.
996 2004 1155 2044 Romae
1190 2004 1231 2044 ἱη
1272 2003 1390 2044 domo
1421 2004 1615 2058 professa
1648 2004 1691 2046 S.
1714 2004 1757 2046 J.
1792 2017 1818 2045 α
1850 2004 1984 2045 variis

207 2066 342 2108 Sociis
374 2069 556 2122 scriptus
591 2072 659 2120 est,
694 2068 795 2109 haec
827 2073 949 2109 sunt:
987 2070 1126 2119 „1561
1154 2103 1162 2110 .
1189 2103 1195 2109 .
1224 2103 1231 2110 .
1273 2069 1310 2110 A
1345 2069 1391 2110 sla·
1412 2071 1482 2111 24.
1519 2070 1565 2111 di
1596 2071 1758 2124 mctyqio
1790 2070 1829 2111 si
1861 2070 1983 2111 diede

206 2132 355 2173 ordine
398 2133 444 2173 (ῖί
482 2132 560 2185 far
601 2134 774 2188 qualche
817 2135 1006 2175 oratioue
1046 2135 1089 2174 in
1132 2148 1345 2175 commune
1387 2139 1423 2176 et
1451 2136 1524 2189 poi
1565 2135 1897 2176 racconmndare
1939 2136 1983 2176 in

205 2201 306 2238 tutte
337 2198 372 2238 Ze
415 2211 542 2239 messe
577 2203 612 2239 et
643 2200 828 2240 orationi
861 2199 887 2239 ὰ
919 2199 1004 2240 Dio
1035 2200 1067 2240 lc·
1099 2199 1262 2254 bisosmi
1300 2200 1409 2241 (Zella
1452 2200 1589 2241 chiesa
1632 2204 1667 2242 et
1699 2201 1744 2241 in
1775 2201 1908 2255 specie
1938 2201 1981 2242 Za

206 2261 397 2303 Francia
441 2268 475 2304 et
508 2264 609 2304 altri
642 2263 803 2318 bisoym'
837 2264 896 2305 ad
930 2265 1155 2306 intentione
1198 2266 1244 2306 dc·
1275 2265 1328 2307 N.
1365 2265 1412 2307 P.
1447 2263 1525 2318 [d]
1558 2265 1815 2320 Alemayna,
1857 2265 1980 2307 Lom-

207 2326 376 2381 hcm-dia,
417 2327 621 2381 Tosmm,
654 2329 813 2384 Napoli
847 2334 883 2371 et
914 2328 1130 2385 Spaynaf‘

324 2417 422 2451 Inter
458 2417 632 2452 ecclesiae
669 2418 895 2453 calamitates
922 2419 1011 2454 haec
1047 2422 1144 2454 certe
1180 2431 1250 2454 non
1285 2422 1364 2454 erat
1397 2420 1563 2462 minima,
1599 2421 1692 2465 quod
1719 2420 1909 2466 Philippus
1935 2421 1979 2457 II.

205 2470 402 2515 Hispaniae
429 2482 492 2504 rex
520 2472 669 2506 concilio
695 2483 831 2506 moram
850 2472 1017 2514 faciebat,
1044 2473 1179 2507 bullam
1199 2473 1467 2508 convocationis
1493 2486 1664 2508 recusans
1686 2474 1830 2519 (Sic-leel,
1856 2474 1981 2509 Trient

203 2535 238 2568 p.
259 2523 337 2558 179.
368 2523 444 2557 185.
475 2524 551 2558 191.
571 2524 640 2559 203
667 2527 733 2559 etc.
777 2527 814 2559 J.
843 2537 868 2559 v.
889 2526 1086 2570 Βϋῑίἰηρεν,
1114 2526 1282 2569 Beitrage
1308 2539 1371 2561 zur
1396 2527 1620 2572 politischen,
1646 2527 1880 2569 kirchlichen,
1907 2529 1978 2563 und

206 2575 568 2611 Cultur-Geschichte
594 2577 656 2612 der
687 2578 793 2612 sechs
825 2578 957 2613 letzten
984 2579 1253 2614 Jahrhunderte
1278 2580 1295 2614 I
1322 2579 1574 2625 [Regensburg
1601 2581 1725 2625 1862],
1761 2581 1978 2625 348—361).

205 2629 246 2663 In
265 2629 384 2664 Gallia
411 2633 529 2664 autem
560 2633 702 2675 praeter
720 2631 845 2666 turbas
872 2632 1139 2677 molestiasque,
1168 2644 1258 2677 quas
1277 2632 1416 2668 Galliae
1438 2636 1525 2668 tunc
1542 2636 1786 2679 protestantes
1803 2635 1980 2680 parabant

208 2683 305 2726 (vide
323 2695 433 2728 supra
450 2695 484 2728 p.
505 2684 575 2718 78⁵.
599 2684 691 2728 147),
719 2684 911 2720 Societatis
932 2685 1085 2729 collegia
1103 2686 1313 2720 billomense
1333 2689 1369 2721 et
1387 2687 1583 2732 parisiense
1602 2688 1825 2732 quorundam
1842 2687 1978 2723 invidia.

204 2747 420 2781 magnopere
447 2737 708 2772 exercebantur
737 2738 963 2783 (Sacchimcs,
990 2739 1084 2774 Hist.
1112 2739 1146 2774 S.
1165 2740 1262 2782 J.11,
1288 2740 1310 2774 l.
1338 2742 1370 2781 5,
1396 2752 1430 2775 n.
1461 2742 1655 2775 191—197.
1706 2743 1743 2776 J.
1773 2741 1978 2776 Gre‘tc'neau-

204 2790 301 2834 Joly,
328 2789 486 2824 Histoire
513 2790 715 2834 religieuse,
741 2791 916 2836 politique
942 2794 978 2826 et
1003 2792 1179 2827 litteraire
1206 2793 1249 2827 de
1274 2793 1309 2827 la
1329 2793 1547 2839 Compagnie
1573 2794 1616 2828 de
1639 2794 1747 2829 Jesus
1765 2794 1804 2828 T.
1826 2795 1855 2836 1,
1883 2794 1936 2828 ch.
1957 2795 1976 2829 7

205 2841 375 2886 [Tournai
424 2842 548 2887 1846J,
599 2855 633 2888 p.
674 2844 869 2879 131-135.
920 2844 1105 2890 Epistolae
1149 2846 1189 2880 P.
1222 2847 1346 2880 Nadal
1389 2847 1427 2889 Ι,
1475 2846 1573 2891 481).
1624 2846 1741 2889 Quare
1779 2847 1818 2882 P.
1853 2847 1977 2882 Ioanni

203 2895 397 2930 Pelletario
423 2895 457 2930 S.
485 2897 517 2930 J.
545 2897 723 2931 Polam-us
748 2897 862 2932 Roma
897 2898 953 2932 27.
981 2898 1068 2933 Maii
1097 2899 1184 2933 1561
1222 2899 1387 2944 scripsit:
1426 2899 1488 2943 „N.
1517 2900 1632 2934 Padre
1667 2900 1714 2934 ha
1739 2900 1821 2934 dato
1853 2900 1976 2935 ordine

205 2960 226 2982 a
251 2950 346 2982 tutte
373 2949 488 2983 bande
514 2950 617 2984 fuora
644 2950 678 2984 di
705 2951 818 2985 Roma
844 2951 910 2985 che
936 2952 1020 2996 ogni
1046 2951 1081 2986 di
1107 2951 1200 2986 nelle
1225 2964 1343 2987 messe
1369 2954 1406 2987 et
1431 2953 1582 2988 orationi
1613 2953 1645 2987 si
1670 2955 1780 2997 tenga
1805 2954 1976 2988 memoria

204 3001 262 3035 del
288 3002 412 3046 Regno
447 3002 482 3036 di
514 3002 665 3037 Francia
699 3003 850 3038 facendo
884 3016 949 3049 per
984 3005 1101 3049 questi
1136 3005 1246 3040 messi
1281 3005 1440 3040 oratione
1475 3006 1511 3040 in
1546 3017 1695 3041 comune
1729 3008 1766 3040 et
1799 3006 1910 3050 hoggi
1944 3006 1974 3042 si

204 3055 420 3089 cominciara
455 3055 491 3089 in
518 3056 630 3090 Roma
666 3068 731 3090 con
764 3056 890 3091 alcune
916 3057 1104 3103 discipline
1130 3058 1196 3092 che
1230 3058 1259 3093 si
1296 3059 1583 3104 compartiranno
1608 3059 1664 3093 fra
1688 3059 1775 3093 tutti
1809 3059 1846 3093 in
1871 3060 1974 3095 modo

204 3107 270 3141 che
308 3108 392 3151 ogni
435 3110 629 3143 settimana
666 3111 758 3144 tocci
799 3122 868 3144 una
913 3112 934 3145 a
972 3111 1055 3154 ogni
1092 3113 1194 3145 uno.“
1248 3111 1382 3145 Eodem
1421 3112 1477 3146 die
1515 3113 1692 3146 Polancus
1727 3111 1887 3147 Parisios
1928 3112 1973 3147 ad

205 3161 244 3194 P.
271 3160 439 3195 Pontium
467 3160 718 3206 Gogordanum
747 3162 781 3197 S.
809 3163 840 3198 J.
869 3163 1063 3209 *scripsit:
1096 3164 1185 3206 „Per
1209 3164 1235 3198 li
1260 3164 1418 3208 trauagli
1444 3165 1538 3200 della
1563 3165 1713 3200 Francia
1738 3165 1786 3200 ha
1811 3165 1973 3200 ordinato
