2093 3444
241 172 321 206 634.
358 170 452 206 Socii
478 183 712 208 monacenses
739 174 874 219 singuli
901 175 1055 211 Canisio.
1099 177 1288 212 Monachio
1314 189 1360 212 m.
1387 177 1479 213 Nov.
1507 178 1554 223 [P]
1585 179 1685 213 1561.
1766 181 1849 223 307

70 287 134 332 qui
160 287 303 323 scholas
338 288 420 323 illas
446 289 758 332 frequentassent,
795 293 904 335 atque
939 293 1049 327 etiam
1077 292 1227 335 divites,
1263 293 1294 328 si
1319 293 1412 328 forte
1444 294 1694 330 universitatis
1727 296 1851 330 eodem

71 339 149 375 loco
176 341 395 376 constitutae
421 341 595 377 officiales
622 355 683 378 eos
709 356 920 389 promovere
945 345 1098 389 nollent,
1135 346 1171 380 in
1196 346 1285 381 locis
1311 359 1417 389 vero,
1450 347 1509 382 ubi
1536 348 1756 384 universitas
1781 361 1852 384 non

70 396 181 437 esset,
208 394 403 440 discipulos
428 407 514 431 suos
540 398 710 432 externos
736 409 859 432 omnes
886 399 930 433 ad
957 400 1092 443 gradus
1118 401 1344 436 academicos
1362 412 1573 446 promovere
1600 405 1733 447 posset.
1773 403 1851 438 Hae

72 448 129 482 Pii
154 448 216 483 IV.
243 449 387 483 litterae
422 460 531 494 saepe
557 450 655 495 typis
691 452 896 496 exscriptae
929 455 1032 495 sunt,
1068 466 1102 487 v.
1130 465 1164 497 g.
1191 454 1227 488 in
1253 454 1363 490 libro:
1404 454 1584 498 „Litterae
1610 456 1851 501 Apostolicae,

70 501 204 546 quibvs
224 502 416 545 institvtio,
444 503 665 538 confirmatio
693 531 700 538 .
728 505 774 538 Et
792 506 893 539 varia
912 506 1109 551 Priuilegia
1135 508 1364 542 continentur
1382 508 1575 544 Societatis
1594 510 1676 544 lesv
1702 510 1851 554 (Romae

74 555 182 600 1615)
210 568 244 601 p.
273 556 425 599 81—89‚
453 559 489 591 et
514 557 550 591 in
577 559 742 591 Instituto
769 558 961 594 Societatis
988 560 1070 595 Iesu
1096 561 1122 603 I,
1149 561 1301 596 34—37.

894 683 1026 725 634.

433 772 633 816 §0011
664 774 1146 821 MONAGENSES
1181 778 1483 823 SINGULI

824 871 1098 921 CANISIO.

628 979 816 1017 Monachio
842 991 888 1017 m.
916 981 1109 1018 Novembri
1136 982 1180 1029 [P]
1207 982 1294 1020 1561.

194 1063 250 1097 Ex
280 1063 343 1097 Th.
375 1063 514 1097 Canisii
539 1063 582 1097 ad
610 1063 854 1098 Salmeronem
880 1064 1013 1099 litteris
1040 1066 1285 1111 autographis.
1322 1067 1405 1102 Cod.
1438 1067 1499 1111 „G.
1526 1068 1592 1114 Ep.
1620 1069 1672 1103 ΙΙ*ι
1703 1069 1726 1103 f.
1747 1069 1848 1104 240³.

197 1140 297 1182 Quod
323 1140 468 1184 quisque
494 1142 703 1183 experiatm'
729 1142 777 1174 ad
802 1142 911 1175 Indos
931 1144 1182 1185 proficiscendi
1206 1145 1430 1179 desiderium.

193 1231 242 1273 P.
274 1230 556 1272 Theodericus
581 1231 783 1273 Canisius
814 1233 857 1274 S.
881 1232 939 1286 J.)
973 1233 1130 1287 collegyii
1152 1235 1411 1276 monacensis
1444 1240 1590 1289 rector,
1626 1237 1850 1279 Monachio

69 1299 114 1338 2.
138 1296 382 1338 Decembris
404 1297 519 1338 1561
543 1297 723 1338 Romam
756 1297 815 1338 ad
838 1298 886 1340 P.
912 1298 1211 1351 Salmeronem,
1245 1299 1463 1341 Societatis
1494 1302 1702 1343 vicarium
1730 1317 1850 1357 yene-

74 1363 229 1417 ralem,
273 1363 465 1417 scripsit:
509 1362 649 1415 „Iussi
683 1377 851 1405 eramus
883 1363 1065 1405 scribere
1100 1365 1158 1405 ad
1189 1364 1360 1406 Patrem
1393 1366 1707 1408 Prouincialem
1739 1369 1851 1423 quod

70 1429 247 1483 quisque
288 1428 347 1469 ad
386 1427 519 1469 Indos
555 1429 854 1483 proficiscendi
898 1430 941 1470 in
983 1443 1024 1471 se
1067 1431 1328 1484 experiretur
1366 1432 1624 1473 desiderium
1641 1433 1669 1474 1.
1733 1433 1852 1476 Inter

72 1494 182 1536 alios
215 1498 351 1535 autem
383 1495 424 1536 4.
458 1494 656 1535 videntur
693 1494 831 1548 fuisse
865 1496 1113 1550 praecipui,
1157 1497 1229 1550 qui
1269 1496 1481 1550 sinqulari
1522 1498 1581 1539 ad
1622 1498 1730 1540 hanc
1762 1514 1851 1541 rem

69 1559 309 1614 ferrentur,
352 1560 409 1600 vti
451 1560 666 1613 dicebant,
711 1561 935 1614 desiderio,
980 1561 1184 1602 nimirum
1225 1561 1274 1603 P.
1319 1562 1560 1605 Theodorus
1602 1564 1804 1606 Peltanus
1820 1565 1850 1620 2,

71 1625 279 1678 Flander,
310 1639 489 1679 qraecae
524 1630 558 1666 et
590 1626 812 1667 hebraicae
844 1627 1014 1681 linquae
1047 1631 1247 1681 clamaque
1276 1628 1450 1682 peritus,
1483 1630 1529 1670 in
1551 1629 1851 1685 philosophicis

70 1692 198 1733 etiam
243 1695 277 1732 et
319 1690 574 1745 Theoloyicis
614 1692 746 1733 solide
788 1692 953 1745 doctus,
996 1693 1043 1733 in
1083 1693 1294 1734 vocatione
1333 1707 1413 1734 sua
1455 1695 1638 1749 quietus,
1682 1700 1719 1738 et
1754 1711 1850 1751 per-

68 1756 258 1811 fectioris
290 1757 399 1798 vitae
426 1757 653 1811 studiosus,
688 1757 880 1798 laborum
900 1762 1151 1812 praesertim
1167 1759 1539 1813 pereyrinationis
1568 1762 1751 1815 patiens7
1784 1763 1849 1804 in-

65 1822 187 1878 9enij
217 1821 485 1876 vehementis,
530 1827 564 1863 et
605 1823 861 1865 valetudinis
900 1823 1051 1877 firmae
1063 1857 1073 1877 7
1116 1825 1312 1878 quamuis
1354 1829 1428 1866 ae'r
1457 1825 1634 1867 Italicus
1668 1832 1850 1870 naturae

72 1889 164 1929 eius
184 1888 360 1929 multum
382 1887 568 1941 obfuisse
589 1889 703 1930 vis-us
726 1889 791 1931 sit.
843 1888 943 1930 Tres
977 1890 1055 1943 alij
1079 1893 1177 1930 sunt
1198 1889 1381 1931 Ioannes
1405 1889 1587 1932 Orthner
1605 1906 1848 1946 9ermanus,

68 1953 263 1996 Joannes
293 1953 574 1995 Viennensis3
609 1959 644 1995 et
677 1954 914 2009 Georyius4
950 1954 1227 2008 Coloniensis,
1271 1955 1509 1998 Rhetorices
1542 1958 1720 1999 studiosi
1753 1964 1851 2000 sunt

71 2020 155 2073 isti7
190 2033 359 2074 corpore
391 2020 491 2061 sani
523 2024 559 2061 et
589 2020 748 2061 indolis
781 2034 863 2062 non
897 2021 1065 2061 omnino
1099 2021 1248 2073 malae,
1289 2021 1332 2062 in
1365 2023 1518 2076 spiritu
1552 2027 1690 2064 tamen
1722 2024 1850 2066 huius

70 2085 298 2127 vocationis
338 2085 538 2127 videntur
580 2086 809 2127 etiamnum
843 2099 927 2126 esse
960 2086 1133 2139 nouitij,
1177 2087 1403 2128 voluntatis
1443 2088 1613 2128 interim
1652 2088 1782 2131 bonae
1817 2095 1851 2131 et

69 2151 131 2192 ad
163 2151 435 2192 seruiendum
467 2151 557 2193 Deo
600 2151 785 2193 deuotae.
850 2151 1002 2192 Plures
1040 2151 1150 2204 forte
1184 2152 1386 2193 ardenter
1427 2153 1485 2194 ad
1516 2153 1715 2195 Indicam
1747 2169 1850 2210 pro-

66 2215 289 2269 fectionem
322 2216 582 2270 anhelarent,
617 2218 705 2258 nisi
737 2217 915 2258 alteram
947 2217 1012 2258 hic
1045 2231 1131 2258 esse
1154 2217 1329 2258 Indiam
1346 2232 1604 2273 persuasum
1636 2220 1848 2271 haberent,

69 2282 268 2337 quamuis
299 2296 501 2336 maynum
544 2296 612 2337 eqo
647 2283 756 2324 inter
796 2287 1012 2337 vtramque
1055 2282 1281 2324 discrimen
1321 2297 1406 2325 esse
1432 2289 1598 2339 putem,
1641 2290 1677 2326 et
1709 2287 1850 2341 quoad

68 2346 246 2402 labores,
282 2352 318 2389 et
339 2348 451 2402 ipsos
484 2349 609 2390 etiam
631 2349 823 2390 laborum
843 2347 1026 2401 fructus
1072 2347 1287 2389 Moderati
1309 2350 1418 2390 enim
1452 2350 1681 2392 admodum
1716 2353 1850 2393 nostri

69 2413 138 2454 hic
169 2412 354 2466 labores,
394 2412 562 2466 fructus
603 2427 698 2455 vero
739 2427 822 2455 non
865 2414 1006 2454 minus
1047 2414 1200 2454 tardus
1233 2428 1359 2469 quam
1393 2429 1545 2468 rarus,
1588 2415 1656 2457 Ibi
1686 2431 1781 2459 vero
1816 2423 1851 2459 et

69 2478 247 2520 sudores
272 2480 469 2534 perpetui
503 2483 538 2520 et
566 2478 735 2532 fruetus
767 2481 884 2533 lonae
916 2478 1163 2533 eberwinus,
1200 2479 1316 2531 Quae
1348 2494 1451 2522 sane
1483 2495 1550 2523 res
1579 2481 1687 2535 facit
1719 2487 1759 2524 rt
1791 2484 1850 2524 ad

69 2542 246 2585 Indiam
278 2545 412 2600 maqis
445 2545 615 2586 animus
642 2545 906 2600 propendeat
936 2558 1065 2597 meus,
1106 2558 1232 2599 quam
1267 2545 1326 2586 ad
1354 2544 1565 2600 frifyidam
1599 2552 1636 2588 et
1667 2549 1849 2590 sterilem

67 2609 180 2651 hanc
211 2614 401 2651 nostram
435 2610 711 2651 Germaniam
711 2640 830 2652 .....
875 2609 976 2650 Fiat
1007 2610 1177 2651 interim
1213 2610 1371 2652 Christi
1401 2611 1578 2654 Domini
1612 2617 1647 2653 et
1678 2618 1848 2656 sanctae

71 2673 357 2730 Obedientiae,
393 2675 443 2717 de
475 2689 537 2717 me
571 2680 606 2717 et
638 2675 829 2716 omnibus
860 2674 980 2716 nobis
1012 2681 1285 2717 sacrosancta
1317 2675 1551 2719 voluntas.“

189 2766 290 2801 Haec
323 2766 355 2801 si
390 2778 470 2801 cum
504 2767 550 2801 iis
585 2766 861 2808 contulerimus,
901 2778 992 2811 quae
1026 2766 1191 2802 Canisius
1217 2768 1385 2812 Augusta
1420 2769 1476 2803 22.
1504 2769 1719 2804 Novembris
1757 2771 1844 2805 1561

67 2818 270 2854 Salmeroni
295 2820 461 2866 scripsit:
501 2820 679 2865 „Dispicio
706 2820 748 2854 de
774 2820 961 2854 mittendis
988 2820 1032 2854 ad
1059 2820 1203 2855 Jndiam
1229 2821 1404 2864 fatribus,
1432 2823 1527 2857 sicut
1552 2835 1573 2857 a
1598 2823 1701 2858 nobis
1727 2826 1847 2869 postu-

69 2871 184 2907 latum
211 2874 300 2916 est“,
326 2874 391 2908 vix
417 2874 564 2908 dubium
588 2873 692 2908 nobis
719 2885 798 2908 esse
824 2873 974 2919 poterit,
1001 2873 1087 2918 quin
1114 2874 1290 2916 Canisius,
1316 2876 1358 2909 ut
1382 2887 1630 2921 supremorum
1657 2876 1848 2912 Societatis

192 3007 203 3028 ¹
230 3007 431 3052 Collegium
449 3006 665 3041 monacense
691 3018 737 3041 m.
756 3006 858 3041 Iunio
880 3007 968 3041 1561
1000 3007 1042 3041 19
1070 3007 1191 3043 Socios
1215 3007 1372 3043 habebat
1402 3008 1659 3053 (Theodore'cus
1679 3012 1847 3047 Canisius

67 3059 193 3095 Lainio
221 3061 275 3096 11.
302 3061 396 3095 Iunii
424 3060 526 3095 1561.
578 3060 661 3094 Cod.
695 3059 755 3102 „G.
784 3060 847 3105 Ep.
875 3060 928 3094 II“
958 3060 982 3094 f.
1010 3061 1131 3105 230³).

190 3115 203 3135 ²
228 3114 282 3148 De
307 3114 376 3149 hoc
401 3114 447 3149 cf.
478 3114 564 3148 Can.
592 3112 680 3158 Epp.
709 3113 752 3156 H,
779 3113 882 3148 382³.
982 3116 995 3135 3
1022 3113 1075 3148 De
1100 3114 1157 3149 his
1185 3115 1323 3150 duobus
1348 3115 1431 3149 vide
1457 3127 1567 3161 supra
1593 3128 1626 3161 p.
1657 3117 1735 3153 117.

190 3168 203 3187 4
228 3166 333 3202 Hach
359 3166 420 3201 vel
445 3165 570 3207 Hack;
597 3166 643 3201 cf.
674 3167 761 3201 Can.
789 3166 878 3212 Epp.
907 3166 950 3209 ΙΙ,
979 3167 1057 3202 730.

1491 3228 1563 3262 20*
