2093 3444
255 225 338 266 612
495 220 652 253 Monuni.
682 217 915 262 (augustana)
944 219 1023 252 246.
1053 217 1100 261 (A
1127 229 1171 252 m.
1198 217 1300 252 Iunio
1326 217 1370 252 ad
1395 217 1628 252 Decembrem
1656 217 1775 261 1562)

253 343 297 382 et
329 339 508 392 aquaria
531 338 680 380 Turris
713 337 942 380 commissa
964 335 1156 388 fuerant)
1191 336 1339 389 agnito
1371 335 1509 389 lapsu,
1543 335 1586 376 in
1611 335 1827 389 frequenti
1859 339 2013 378 senatu

251 404 536 459 palinodiam,
582 406 712 456 atque
746 417 771 444 a
803 401 1020 443 Loiolanis
1054 401 1224 454 (quibus
1257 404 1355 454 post
1388 403 1560 442 nostros
1592 400 1880 443 Ecclesiastes
1914 415 2014 442 con-

252 469 447 523 uertendj
473 468 729 511 Haereticos
756 466 977 522 prouincia
1000 480 1169 519 quoque
1192 465 1394 517 dabatur)
1427 465 1490 507 ita
1512 479 1757 519 persuasus,
1791 468 2012 519 papatum,

252 548 379 587 quem
411 533 677 576 Catholicam
721 532 988 584 relligionem
1021 545 1177 573 uocare
1211 531 1392 579 audent,
1435 530 1788 581 Lutheranismo‚
1832 530 1903 583 qui
1935 530 2015 572 soli

253 599 493 652 Euangelio
527 598 684 652 Christj
727 596 885 646 credit,
929 596 1123 650 preferre
1163 610 1247 637 non
1282 594 1542 643 dubitauiff,
1585 595 1640 636 ad
1682 595 1857 648 eiusque
1899 609 2014 637 com-

251 664 495 706 munionem
539 663 723 705 accessit
759 698 764 703 .
794 698 833 704 ..
889 661 1097 703 Kalendis
1138 660 1462 715 Septembribus
1502 659 1726 702 reuocauit
1762 659 1931 714 publice
1971 660 2013 702 in

251 729 405 771 Curiae
439 729 559 771 scala
592 727 854 770 constitutus
878 726 1233 781 Anabaptisticos
1268 739 1448 775 errores,
1485 725 1637 778 quibus
1659 725 1788 778 longo
1820 727 2015 779 tempore

250 795 455 837 seductus
477 794 634 843 fuerat,
671 793 845 835 Hansus
868 791 1109 834 Schmidius
1131 790 1357 832 homunico
1381 792 1630 833 contractus
1660 793 1704 832 et
1726 790 2013 832 Stanneorum

251 859 558 902 cantharorum
591 858 725 901 fusor.

367 952 407 985 In
434 950 625 995 Hilffrychi
654 948 863 994 (Hilffrych)
891 949 934 982 ad
961 948 1066 982 fidem
1095 947 1300 981 reductione
1327 946 1461 981 Canisii
1487 946 1734 980 intercessisse
1768 958 1932 991 operam,
1969 959 2013 981 ex

247 1005 310 1045 iis,
346 1016 438 1049 quae
464 1016 572 1049 supra
598 1016 630 1048 p.
659 1003 841 1037 609-611
872 1002 1006 1046 scripta
1033 1003 1136 1041 sunt,
1172 1000 1247 1034 fero
1279 1002 1415 1034 certum
1452 999 1618 1034 efficitur.
1669 999 1794 1044 Neque
1830 999 1936 1034 aliter
1971 1000 2013 1034 de

248 1058 428 1092 Schmidio
465 1057 640 1101 (Schmid)
678 1056 868 1096 senserim;
913 1067 995 1089 nam
1040 1054 1097 1088 hic
1138 1065 1278 1098 quoque
1314 1054 1358 1087 ad
1395 1053 1589 1087 catholicos
1632 1053 1807 1087 transisse
1850 1053 2011 1093 videtur;

248 1112 279 1146 si
306 1113 401 1146 enim
426 1110 711 1156 protestantibus
738 1121 776 1143 se
803 1108 990 1148 iunxisset,
1019 1108 1199 1141 Gassarus
1226 1109 1262 1140 et
1287 1107 1405 1140 minus
1432 1106 1561 1150 frigide
1589 1106 1630 1140 de
1658 1117 1697 1140 eo
1724 1105 1940 1150 scripsisset,
1968 1108 2012 1148 et,

248 1177 397 1210 quorum
425 1164 669 1198 ministrorum
703 1163 972 1196 lutheranorum
1007 1172 1113 1205 opera
1150 1172 1194 1194 ex
1232 1160 1487 1204 Anabaptismo
1523 1159 1747 1199 emersisset,
1783 1159 2013 1204 pronuntiare

248 1231 316 1252 non
343 1218 532 1252 omisisset.
584 1216 683 1258 Quod
719 1218 837 1250 autem
874 1215 999 1248 horum
1032 1215 1180 1247 duorum
1217 1213 1389 1247 ecclesiae
1425 1212 1694 1247 conciliatorum
1721 1224 1835 1256 neque
1862 1212 2013 1246 Elderen

247 1271 280 1306 in
309 1271 440 1305 litteris
467 1271 538 1304 illis
565 1269 814 1305 semestribus.
843 1280 955 1312 neque
983 1267 1178 1301 Sacchinus
1206 1267 1239 1300 in
1268 1266 1343 1300 vita
1370 1265 1505 1300 Canisii
1530 1265 1744 1299 mentionem
1772 1265 1950 1307 fecerunt,
1977 1265 2012 1299 id

248 1337 288 1359 eo
314 1325 451 1359 factum
478 1336 556 1358 esse
584 1323 729 1362 dixeris,
756 1322 848 1366 quod
877 1333 917 1355 ea
946 1332 1002 1355 ros
1028 1321 1121 1354 haud
1150 1320 1201 1353 ita
1228 1319 1347 1360 magni
1374 1319 1544 1353 momenti
1571 1319 1753 1353 videretur
1780 1330 1869 1353 esse.

366 1379 405 1411 In
436 1377 669 1420 ,Annaliun1“
700 1388 719 1410 a
747 1376 904 1409 Gassaro
931 1375 1214 1418 conscriptorum
1242 1373 1396 1407 editione
1423 1384 1442 1406 a
1470 1374 1674 1406 Menckenio
1711 1372 1825 1413 facta,
1865 1371 1907 1405 de
1943 1383 2012 1415 qua

246 1443 356 1477 Supra
382 1444 414 1476 p.
443 1431 522 1472 609,
548 1442 664 1474 neque
690 1428 881 1473 Hilffryehi
907 1440 1023 1472 neque
1050 1426 1219 1461 Schmidii
1247 1427 1287 1460 fit
1313 1426 1456 1460 mentio.

1064 1550 1195 1592 246.

789 1639 817 1675 A
843 1650 888 1675 m.
916 1638 1016 1675 Iunio
1044 1638 1090 1674 ail
1115 1637 1348 1674 Decembrem
1374 1636 1468 1673 1562.

367 1731 422 1765 Ex
448 1731 617 1764 Elderem'
642 1728 774 1762 litteris
801 1727 1046 1772 autographis.
1100 1727 1182 1760 Cod.
1215 1726 1276 1768 „G.
1304 1726 1366 1771 Ep.
1395 1725 1463 1759 IV*
1494 1726 1518 1759 f.
1548 1725 1784 1761 12921—1302.

368 1809 507 1843 C'am'sii
531 1808 773 1850 sociorumque
799 1806 935 1839 labores
960 1806 1162 1848 czzcyustam'.
1214 1805 1383 1837 Homines
1410 1804 1561 1836 illustres
1587 1804 1634 1835 ad
1668 1803 1873 1837 catholicam
1907 1803 2010 1845 fidem

245 1868 275 1896 et
296 1864 461 1907 pietatem
489 1861 633 1894 redacti.
670 1860 828 1893 Familia
854 1859 1035 1891 daemonis
1062 1859 1240 1890 cavatione
1266 1857 1426 1889 liberata.
1463 1857 1701 1889 Paenitentiae.
1725 1861 1753 1889 et
1777 1856 2010 1889 eucharistiae

243 1920 466 1950 sacramenta
504 1915 789 1957 frequentanlm·.
842 1913 1010 1945 Homines
1047 1912 1094 1943 (ccl
1132 1912 1411 1952 confirmationis
1447 1914 1707 1943 sacramentum
1748 1910 2009 1953 suscipiendum

243 1972 493 2003 instituuntur.
547 1968 708 2010 I'iryz'nes
746 1967 796 1999 rel
832 1968 938 1998 vitam
979 1966 1208 1998 monasticam
1245 1965 1294 1997 rel
1331 1965 1449 1996 saltem
1490 1963 1697 1996 caelibatum
1736 1964 2006 2006 ciniphe-[untur.

248 2024 482 2058 Cares-hisnu&
509 2022 719 2064 eaplicatur.
771 2021 897 2063 Aliqui
923 2020 970 2051 (td
994 2029 1115 2052 sacros
1149 2019 1292 2051 ordines
1325 2017 1566 2062 suscipiendos
1599 2028 1620 2049 a
1648 2016 1762 2049 Sociis
1799 2017 2006 2059 comparati.

365 2113 411 2153 P.
449 2111 699 2152 Guz'lielmus
732 2109 915 2150 Elcleren
960 2109 1002 2151 S.
1036 2108 1078 2149 J.
1124 2109 1167 2148 ἰη
1212 2107 1358 2147 domus
1391 2107 1433 2149 S.
1467 2106 1509 2148 J.
1554 2110 1818 2156 azcfflcstcmae
1858 2106 2008 2146 litteris

243 2177 509 2219 semestrihus
541 2178 735 2231 Anqzcsta
777 2176 817 2215 2.
853 2174 1055 2214 Ianuarii
1089 2174 1203 2214 1503
1247 2173 1382 2212 datis:
1425 2171 1545 2223 Fuit,
1592 2171 1747 2224 inquit,
1790 2171 1899 2210 inter
1941 2183 2006 2211 eos

243 2244 314 2298 qui
360 2242 565 2283 haeres-im
608 2240 887 2292 abiurarnnt,
934 2235 1312 2290 Quinquagenaria
1358 2249 1442 2276 non
1475 2235 1646 2276 infimae
1679 2233 1807 2276 sortis
1840 2233 2004 2283 mulier,

245 2321 355 2360 quae
400 2306 514 2348 haud
562 2305 653 2347 sine
698 2303 933 2357 lachrymis
980 2304 1153 2344 nostras
1202 2301 1451 2353 frequenter
1497 2299 1626 2341 aedes
1672 2298 1907 2349 inuisebat,
1958 2302 2005 2342 ut

243 2374 393 2426 optato
427 2370 674 2412 Catholicae
709 2368 930 2410 doctrinae
972 2367 1064 2409 cibo
1103 2368 1354 2408 reficeretur
1388 2401 1395 2409 .
1431 2365 1513 2407 Sed
1555 2378 1650 2406 cum
1683 2364 1847 2407 Sathan
1888 2363 2004 2417 pium

241 2436 323 2478 hoc
356 2436 470 2477 illius
502 2434 769 2489 propositum
803 2432 1053 2487 impediret,
1098 2431 1249 2473 dedit
1290 2430 1645 2472 intellectum
1689 2428 1727 2470 ei
1763 2428 2004 2482 ingruentis

242 2501 380 2543 morbi
421 2499 705 2549 uexatio1,
749 2501 1005 2550 tantumque
1040 2496 1222 2538 Domino
1263 2495 1496 2536 miserante
1538 2507 1670 2546 aegra
1708 2492 1914 2547 profecit,
1956 2496 2004 2536 ut

241 2580 319 2621 per
350 2580 428 2608 nos
470 2564 655 2607 uoluerit
696 2577 781 2605 non
820 2562 1005 2616 seipsam
1039 2561 1185 2611 modo,
1230 2559 1513 2602 uerumetiam
1545 2557 1754 2600 familiam
1795 2571 1917 2599 suam
1951 2558 2002 2599 de

240 2632 324 2674 fide
357 2629 579 2673 Catholica
612 2628 795 2682 edocerj,
830 2629 874 2669 et
906 2641 983 2680 per
1015 2624 1307 2680 poenitentiae
1340 2626 1659 2666 sacramentum
1681 2623 1902 2664 Ecclesiae
1934 2636 2002 2664 re-

244 2695 477 2749 conciliarj.
541 2693 661 2744 Quod
703 2707 797 2734 cum
839 2692 1005 2734 factum
1049 2693 1185 2740 esset,
1230 2689 1354 2731 multi
1395 2702 1598 2741 magnum
1640 2687 1739 2729 fidei
1779 2688 1917 2729 zelum
1957 2690 2002 2730 et

244 2761 442 2804 ardorem
473 2759 516 2801 in
538 2759 619 2800 hac
651 2757 830 2799 muliere
859 2758 1124 2810 spectarunt,
1159 2753 1415 2796 mirantibus
1445 2753 1576 2796 etiam
1609 2753 1718 2806 alijs,
1751 2752 1794 2794 in
1818 2755 1999 2805 aegrota

241 2829 413 2870 tantum
444 2824 623 2879 spiritus
655 2825 699 2865 et
731 2822 785 2864 ad
817 2822 1044 2863 haeresum
1078 2819 1411 2862 detestationem
1443 2818 1573 2872 studij
1607 2831 1832 2872 superesse
1865 2851 1874 2859 .
1907 2816 2000 2859 Nos

241 2891 354 2934 bona
399 2890 570 2944 quidem
614 2902 690 2942 spe
735 2886 948 2936 ducimur,
995 2885 1114 2927 illam
1155 2884 1354 2926 diuturno
1396 2884 1605 2937 languore
1647 2882 1910 2932 confectam,
1955 2881 2000 2922 in

241 2956 411 2999 Christo
444 2953 658 2997 faeliciter
690 2951 1014 2995 obdormiuisse.
1077 2949 1241 2991 Eadem
1273 2949 1371 2990 fidei
1403 2948 1646 3002 synceritas
1678 2950 1722 2989 et
1755 2946 1999 2989 constantia

357 3084 371 3097 a
398 3076 571 3111 dubitarit
600 3077 680 3110 Cod.
709 3080 773 3109 rat.

363 3200 371 3219 ¹
399 3199 444 3233 Is.
471 3198 525 3240 28,
555 3198 608 3232 19.
