2093 3444
220 171 305 211 422
743 167 822 202 680.
859 167 1024 202 canisius
1050 166 1234 212 Alphonso
1261 167 1470 202 Salmeroni.

220 300 351 340 agere
382 286 627 340 rectiusque
671 284 956 341 [ad]discere‚
1001 298 1111 337 quae
1153 284 1207 326 ad
1248 284 1515 338 gubernandi
1551 285 1728 339 Collegii
1770 286 1985 329 rationem

220 351 522 394 desiderantur
556 387 563 394 .
597 352 696 394 Non
728 353 859 393 vacat
890 349 1102 404 periculo,
1147 363 1242 391 cum
1277 349 1457 400 fratres,
1497 351 1752 404 praesertim
1785 351 1828 393 in
1861 352 1986 394 novis

220 416 434 469 Collegiis,
473 416 649 459 Rectori
681 431 766 458 non
798 415 906 458 satis
940 416 1120 468 experto
1154 417 1284 467 atque
1317 415 1627 458 authoritatem
1660 416 1836 459 habenti
1869 431 1985 458 com-

218 481 472 532 mittuntur,
520 480 672 536 [sicut]
715 480 842 522 facile
882 479 1090 532 intelligit
1130 479 1180 522 R.
1217 480 1288 529 T.;
1334 494 1444 533 quae
1486 480 1688 534 dignetur
1728 495 1888 535 quaeso
1931 482 1986 524 ob

219 560 399 597 summa,
435 561 544 600 quae
569 545 693 600 [li]uc
725 559 860 599 usque
893 545 946 586 ab
968 544 1035 586 his
1058 543 1252 586 Dominis
1285 547 1329 586 et
1350 545 1545 599 patronis
1578 546 1822 600 accepimus
1853 547 1985 589 bene—

218 611 326 662 ficia,
362 611 550 665 Collegio
573 612 670 653 huic
702 611 901 652 idoneum
933 609 1035 651 dare
1058 609 1289 651 Rectorem
1323 612 1378 661 et,
1413 611 1448 652 si
1480 611 1573 652 fieri
1596 614 1737 664 queat,
1771 611 1983 666 aptiorem

219 676 506 730 Theologum,
550 677 621 730 qui
653 677 695 717 in
729 675 935 728 gravibus
969 674 1156 716 consiliis
1199 677 1242 717 et
1273 675 1454 729 publicis
1496 676 1682 729 negotiis
1713 677 1851 731 possit
1883 691 1985 719 con-

218 742 443 784 venienter
465 741 615 791 audiri,
650 740 1010 794 quemadmodum
1034 740 1296 782 excellentes
1322 739 1395 782 isti
1417 740 1498 782 viri
1522 755 1794 796 summopere
1817 745 1984 796 optant.

217 807 265 848 Id
297 810 529 861 propterea
562 806 757 855 dixerim,
792 806 903 858 quod
938 805 984 846 P.
1018 804 1277 847 Valentinus
1310 805 1519 855 affirmet,
1555 806 1688 860 probe
1721 807 1800 848 sibi
1833 810 1984 850 notum

218 886 312 914 esse
344 872 563 926 ingenium
596 873 647 914 D.
682 870 969 924 Wolfga11gi1
1010 870 1188 911 Bohemi
1221 870 1513 922 conterranei,
1558 871 1671 924 quod
1709 871 1823 914 haud
1855 872 1985 915 facile

217 940 373 992 pareat
417 940 460 979 et
504 951 686 990 magnos
731 935 908 977 subinde
952 935 1139 989 impetus
1184 935 1326 977 nescio
1372 937 1492 990 cujus
1534 936 1756 978 ferocioris
1799 940 1985 980 naturae

216 1002 462 1056 patiatur2,
506 1017 584 1044 nec
627 1002 734 1044 adeo
768 1001 915 1043 valeat
955 1000 998 1041 in
1033 1000 1223 1051 casibus,
1267 1003 1314 1043 ut
1356 1003 1536 1052 vocant,
1580 1002 1891 1053 conscientiae,
1935 1005 1986 1046 ut

217 1067 420 1121 expedite
464 1067 602 1122 possit
642 1066 855 1109 rationem
900 1066 1080 1108 reddere
1122 1066 1175 1107 ad
1217 1066 1461 1120 propositas
1507 1067 1559 1108 de
1603 1067 1730 1109 rebus
1774 1068 1985 1121 gravibus

218 1133 506 1186 quaestiones,

337 1198 560 1240 Hactenus
593 1198 644 1239 de
669 1197 966 1251 Oenipontano
990 1196 1192 1249 Collegio.
1238 1196 1363 1238 Nunc
1396 1196 1555 1250 aliquid
1590 1197 1641 1239 de
1665 1197 1983 1252 Herbipolensi.

216 1262 352 1306 Novit
384 1263 433 1306 R.
469 1263 531 1313 T.‚
574 1262 916 1305 Illustrissinium
949 1261 1218 1303 Cardinalem
1250 1260 1554 1315 Augustalium
1591 1262 1890 1314 adlaborasse,
1933 1266 1984 1306 ut

215 1331 455 1383 proventus
490 1326 780 1382 [mo]nasterii
805 1328 854 1370 D.
880 1327 1077 1379 Agnetis,
1113 1327 1223 1380 quod
1246 1326 1289 1368 in
1314 1327 1614 1381 Hei-bipolensi
1638 1327 1818 1371 civitate
1850 1328 1980 1370 situm

216 1393 415 1444 arbitror,
450 1393 638 1446 Collegio
662 1393 843 1435 fratrum
868 1395 1113 1434 nostrorum
1139 1392 1295 1433 ibidem
1319 1392 1619 1434 constituendo
1643 1393 1980 1447 applicarentur,

211 1458 387 1512 Jamque
422 1458 671 1501 Pontificem
704 1472 818 1500 max.
854 1457 1067 1508 annuisse,
1106 1460 1153 1499 ut
1185 1457 1322 1499 nostri
1354 1457 1493 1499 locum
1527 1460 1571 1500 et
1604 1471 1756 1500 census
1788 1458 1979 1513 ejusdem

215 1523 480 1574 monasterii,
506 1524 577 1577 qui
600 1524 653 1565 ad
680 1525 791 1566 1000
810 1523 990 1565 ducatos
1012 1520 1280 1576 per[venire]
1307 1522 1517 1574 dicuntur,
1543 1537 1752 1577 occupare
1776 1527 1938 1577 queant
1950 1524 1980 1566 3.

218 1588 374 1631 Scribit
406 1589 539 1642 igitur
571 1602 683 1630 nunc
715 1589 987 1642 Episcopus*
1020 1588 1073 1629 ad
1106 1602 1195 1637 me,
1236 1602 1326 1629 rem
1359 1587 1421 1630 ita
1454 1602 1499 1629 se
1531 1588 1703 1640 habere,
1738 1591 1786 1631 ut
1818 1589 1979 1632 dictum

216 1657 294 1704 est,
329 1668 460 1708 seque
494 1654 780 1705 considerare,
815 1654 926 1707 quod
960 1667 1043 1694 non
1068 1653 1280 1707 possimus
1312 1653 1580 1695 desideratos
1604 1653 1823 1708 operarios
1857 1652 1981 1708 [h]oc

214 1721 409 1773 tempore
432 1720 699 1774 Herbipolim
723 1719 962 1767 destinare;
996 1721 1143 1760 tamen
1166 1718 1245 1759 hoc
1277 1719 1433 1760 saltem
1460 1718 1539 1760 sibi
1563 1719 1739 1761 concedi
1770 1720 1978 1773 postulat,

214 1787 263 1826 ut
295 1784 401 1826 duos
434 1787 510 1827 aut
541 1799 672 1826 unum
705 1785 834 1827 etiam
859 1784 1125 1837 Theologum
1153 1784 1313 1833 demus,
1349 1784 1418 1837 qui
1453 1784 1507 1825 ad
1531 1784 1766 1826 docendum
1799 1788 1843 1826 et
1877 1799 1979 1827 con-

215 1849 470 1891 cionandum
502 1849 739 1892 instructus
772 1849 931 1891 veniat.
976 1849 1171 1899 Confidit,
1207 1863 1252 1890 sc
1287 1847 1369 1902 [id]
1403 1849 1531 1903 plane
1563 1864 1589 1891 a
1621 1849 1743 1891 nobis
1771 1849 1980 1904 impetra-

213 1916 380 1965 turum,
424 1917 467 1957 et
500 1915 718 1957 admoneri
751 1915 847 1957 vult
888 1914 939 1956 de
972 1917 1186 1968 tempore,
1231 1928 1313 1966 quo
1346 1917 1575 1957 venturum
1612 1914 1798 1968 aliquem
1830 1915 1980 1969 hujus-

213 1980 326 2022 modi
360 1979 626 2034 Theologum
666 1980 958 2035 polliceamur.
1023 1980 1165 2032 Egent
1207 1978 1294 2020 illic
1335 1979 1506 2032 quidem
1545 1980 1827 2022 vehementer
1865 1981 1979 2023 bono

214 2048 258 2088 et
300 2045 514 2087 Germano
557 2046 798 2098 Theologo,
845 2045 915 2098 qui
961 2044 1014 2087 ad
1059 2044 1294 2097 Collegium
1340 2044 1651 2086 instituendum
1695 2044 1811 2087 viam
1854 2045 1979 2088 nobis

213 2113 508 2165 praepararet,
543 2114 587 2154 et
608 2110 858 2153 monasterii
893 2123 1046 2151 census
1069 2109 1299 2151 Societatis
1332 2109 1503 2151 nomine
1525 2109 1714 2164 Collegio
1738 2110 1981 2165 applicaret

213 2189 310 2226 seu,
357 2179 403 2218 ut
444 2179 625 2228 vocant,
671 2176 983 2230 incorporaret.
1048 2174 1173 2217 Unde
1216 2175 1339 2228 cupio
1382 2175 1449 2216 hic
1490 2175 1732 2227 admoneri,
1779 2175 1880 2229 quid
1921 2176 1981 2219 sit

213 2241 375 2295 optimo
408 2241 622 2296 Episcopo
654 2240 1012 2295 respondendum.
1077 2239 1120 2282 Si
1151 2240 1313 2281 nullum
1345 2240 1570 2291 mittimus,
1605 2243 1880 2284 contemnere
1911 2241 1979 2282 vi-

213 2306 363 2348 demur
396 2307 585 2348 oblatam
619 2306 804 2359 gratiam
841 2340 848 2348 .
884 2305 927 2347 Si
961 2319 1217 2346 excusamus
1249 2305 1471 2359 penuriam
1505 2319 1800 2359 personarum,
1835 2306 1978 2348 minus

212 2370 434 2421 favebunt,
469 2374 513 2414 et
545 2371 782 2425 sperabunt
813 2370 1002 2413 tenuiter
1035 2370 1086 2411 de
1119 2369 1317 2424 profectu
1340 2370 1531 2423 Collegii.
1570 2370 1748 2413 Possem
1780 2385 1859 2424 ego
1886 2371 1977 2413 for-

211 2436 343 2478 tassis
375 2436 505 2478 illhuc
529 2434 627 2490 [sic]
653 2449 896 2478 excurrere.
940 2435 1030 2476 Iter
1053 2436 1163 2477 enim
1187 2438 1254 2478 est
1277 2435 1493 2488 quatridui
1518 2436 1571 2477 ab
1594 2436 1796 2489 Augusta
1818 2436 1977 2478 Herbi-

211 2501 343 2555 polim
375 2515 531 2554 usque;
575 2501 650 2543 sed
682 2501 806 2542 vanis
846 2500 1068 2555 promissis
1110 2514 1155 2542 se
1188 2500 1340 2542 lactari
1373 2501 1547 2551 nolunt,
1591 2500 1662 2554 qui
1699 2504 1974 2555 praesentem

212 2568 425 2620 expetunt
457 2565 818 2608 concionatorem.
861 2566 943 2607 Est
975 2578 1026 2606 ea
1056 2565 1210 2607 civitas
1242 2579 1326 2606 non
1348 2579 1501 2619 parum
1523 2565 1704 2608 illustris
1736 2566 1789 2608 ob
1821 2566 1973 2608 nobili-

211 2632 350 2672 tatem
383 2630 684 2672 canonicorum
705 2629 822 2672 illhic
847 2630 1203 2672 commorantium
1235 2629 1278 2671 in
1310 2644 1477 2672 summa
1503 2630 1690 2681 licentia,
1725 2633 1768 2673 et
1796 2633 1977 2685 propter

212 2696 356 2738 aulam
389 2695 689 2750 episcopalem.

334 2829 343 2848 ¹
371 2826 525 2871 Georgii.

330 2880 344 2900 ²
368 2879 501 2914 Narrat
527 2881 685 2914 Schmidt
710 2879 731 2913 l.
760 2891 789 2913 c.
815 2879 841 2920 I,
869 2878 1067 2919 254—255,
1094 2878 1188 2913 hunc
1220 2878 1416 2921 „hominem
1444 2879 1599 2912 ferocem
1626 2880 1662 2912 et
1686 2877 1906 2922 inquietum“
1937 2880 1975 2912 et

216 2932 442 2978 „asperrimis
466 2933 643 2967 moribus“
673 2932 850 2966 imbutum
876 2933 984 2976 atque
1015 2932 1076 2973 „ob
1103 2932 1250 2966 virtutis
1275 2931 1477 2965 defectum¹⁴
1517 2931 1560 2965 ad
1586 2931 1844 2976 professionem
1871 2933 1973 2975 quat-

210 2988 291 3020 tuor
316 2988 482 3020 votorum
507 2997 703 3030 numquam
729 2985 934 3026 admissum,
961 2995 991 3018 a.
1014 2984 1114 3026 1568,
1141 2987 1181 3018 ut
1207 2996 1225 3018 e
1251 2983 1430 3019 Societate
1457 2983 1708 3026 dimitteretur,
1740 2983 1972 3029 „importunis

210 3039 395 3083 p1·ecibus“
426 3039 649 3084 impetrasse.

331 3093 344 3112 ³
370 3092 421 3126 De
446 3091 514 3125 hac
539 3103 578 3125 re
604 3091 686 3125 vide
712 3102 822 3136 supra
847 3102 880 3135 p.
911 3089 1107 3125 127—128.
1137 3090 1213 3124 137.
1242 3090 1321 3125 365.

331 3147 343 3164 4
370 3144 571 3179 Fridericus
598 3155 619 3178 a
644 3144 845 3186 Wirsberg.
