2093 3444
500 160 667 204 Augusta
691 159 963 193 Vindelicorum
992 158 1047 193 14.
1075 157 1242 192 Octobris
1271 157 1374 192 1561.
1736 161 1820 201 257

367 278 462 320 Pax
495 276 654 319 Christi
686 275 910 318 nobiscum
944 274 1275 317 Obseruandiss.
1309 273 1506 317 Domine.

165 354 265 396 Misi
297 354 353 397 ad
376 353 612 408 Operinum
629 354 657 395 1.
701 353 767 394 De
788 351 1000 405 Pragensi
1023 349 1413 404 Archiepiscopatu
1444 350 1553 392 bene
1583 365 1821 405 speramus,

47 423 92 463 et
113 419 285 462 Christo
318 419 486 473 gratias
519 418 701 471 agimus,
737 417 809 471 qui
831 416 1029 459 Caesaris
1061 416 1133 471 pia
1165 417 1271 457 vota
1303 414 1518 457 foeliciter
1549 419 1778 470 prosperat
1793 417 1822 458 2.

47 485 132 528 Sed
163 484 313 539 magni
343 484 494 534 refert,
528 485 578 525 Vt
606 483 732 525 initia
763 496 903 524 nouae
926 480 1314 523 administrationis
1335 482 1455 522 recte
1488 481 1823 524 constituantur.

47 551 209 604 Magno
243 549 415 604 quidem
437 548 593 603 spiritu
626 548 681 590 ad
713 546 1031 589 restituendam
1052 546 1225 588 Boemis
1248 545 1518 599 Religionem
1546 560 1654 600 opus
1676 546 1823 589 fuerit.

49 615 227 658 Vtinam
261 615 525 657 Adalbertos
558 616 603 656 et
635 612 878 655 Stanislaos
911 614 1035 654 aetas
1067 613 1219 653 nostra
1250 611 1399 654 uideat
1415 612 1444 654 3.
1487 611 1689 666 Martyrij
1723 612 1825 653 sub-

49 680 179 723 eundi
219 680 335 723 forte
377 694 553 722 causam
594 692 680 720 non
723 678 874 720 deesse
915 677 995 719 sibi
1037 677 1347 730 intelligerent.
1411 677 1477 718 De
1513 679 1654 719 morte
1687 677 1826 718 Mers-

48 746 280 801 purgensis
312 744 517 800 Episcopi
551 743 785 786 Germania
816 743 971 785 merito
1004 743 1259 785 tristetur4:
1294 755 1443 796 parem
1477 742 1675 784 doctrina
1707 744 1752 784 et
1782 742 1827 784 in

50 812 344 854 concionando
387 810 654 853 dexteritate
694 809 860 850 nullum
901 822 1027 861 quem
1066 807 1222 858 sciam,
1265 807 1529 862 Episcopum
1563 807 1827 850 Germanum

49 877 239 931 reliquit,
275 880 318 920 et
349 876 392 918 in
414 876 497 918 hac
521 875 621 918 aula
641 876 818 929 poterat
840 874 1063 915 Ecclesiae
1086 887 1261 915 causam
1283 886 1539 927 promouere
1574 908 1582 916 .
1616 873 1828 915 Dominus

52 942 223 985 animae
255 942 370 984 illius
402 940 616 996 propitius
649 953 745 982 esse
778 938 993 992 dignetur.

171 1008 236 1049 De
279 1006 422 1049 Gallia
463 1006 679 1055 dolemus,
722 1004 836 1058 quod
878 1003 1113 1046 accersitos
1154 1003 1433 1045 Caluinianae
1475 1006 1520 1046 et
1551 1003 1828 1045 Lutheranae

52 1075 201 1115 sectae
241 1072 480 1127 principes,
524 1074 572 1114 ut
614 1070 833 1121 audimus,
881 1069 1127 1119 admiserit,
1171 1068 1358 1110 audierit
1399 1071 1444 1111 et
1484 1067 1828 1123 Ecclesiasti[cis

53 1137 305 1193 opposuerit
335 1136 399 1193 in]
434 1136 676 1190 colloquio5
710 1170 718 1178 .
753 1134 927 1177 Scilicet
960 1134 1012 1176 de
1045 1133 1189 1176 Sacris
1221 1133 1284 1176 ita
1314 1133 1568 1176 iudicabunt
1598 1134 1749 1177 Status
1783 1136 1828 1176 et

54 1201 298 1259 [Principes
320 1203 567 1245 saeculares
585 1200 692 1256 [.?]].
734 1201 894 1243 Exitus
916 1200 1017 1242 boni
1039 1199 1146 1241 nihil
1168 1201 1373 1254 expecto:
1409 1200 1462 1241 de
1483 1199 1829 1254 praescriptione

53 1269 374 1313 haereticorum
408 1267 654 1323 [praeclare
686 1266 862 1309 scribita
893 1264 985 1321 [?]]
1021 1265 1367 1315 Tertullianusss,
1403 1265 1439 1306 si
1470 1265 1639 1308 fructus
1674 1265 1830 1319 aliquis

175 1385 189 1400 ³
214 1379 304 1414 bene
330 1379 507 1424 scripsit?

179 1491 190 1512 ¹
216 1490 432 1525 Praeclarus
449 1491 511 1525 ille
527 1490 687 1525 Cromeri
704 1490 795 1524 liber
818 1488 890 1532 „De
909 1488 1045 1533 origine
1064 1490 1100 1522 et
1116 1488 1225 1522 rebus
1243 1488 1356 1532 gestis
1370 1487 1606 1522 Pol01iorun1“
1629 1488 1784 1533 primum
1798 1501 1829 1523 a.

58 1545 161 1587 1555,
188 1544 316 1579 deinde
343 1556 372 1579 a.
395 1545 486 1579 1558
505 1546 541 1578 et
560 1544 651 1579 1568
671 1556 716 1578 ex
734 1543 978 1589 typographia
996 1542 1140 1576 Ioannis
1159 1541 1306 1587 Oporini
1326 1541 1528 1585 (Herbster,
1555 1541 1710 1583 Herbst3
1739 1542 1829 1577 1507

56 1598 101 1633 ad
118 1598 237 1642 1568),
254 1598 476 1644 typographi
489 1597 713 1639 basileensis,
732 1597 769 1631 in
786 1597 905 1630 lucem
923 1595 1054 1641 prodiit
1075 1595 1286 1639 (Eicmzorn,
1305 1594 1457 1628 Kronier
1473 1594 1497 1628 l.
1513 1606 1542 1629 c.
1562 1607 1595 1640 p.
1614 1595 1829 1638 loo—105).

177 1652 191 1673 ²
216 1651 546 1697 Archiepiscopalis
573 1651 677 1685 sedes
703 1650 912 1696 pragensis,
948 1661 1041 1694 quae
1068 1661 1113 1683 ex
1139 1660 1170 1683 a.
1201 1648 1288 1682 1421
1317 1650 1533 1689 vacaverat,
1570 1660 1591 1682 a
1616 1648 1681 1682 Pio
1706 1648 1768 1683 IV.
1795 1649 1832 1682 in

56 1705 269 1741 consistorio
296 1706 431 1740 Romae
466 1706 497 1740 5.
526 1704 748 1750 Septembris
786 1704 874 1738 1561
912 1703 1035 1737 habito
1071 1702 1226 1736 Antonio
1262 1702 1355 1735 Brus
1390 1701 1433 1735 de
1458 1701 1611 1744 Muglitz
1649 1700 1832 1746 (episcopo

56 1759 354 1803 vindobonensi),
390 1771 411 1793 a
437 1758 663 1793 Ferdinando
689 1758 716 1793 I.
744 1769 890 1792 caesare
922 1756 1214 1802 „praesentato“‚
1251 1755 1383 1789 collata
1418 1757 1496 1789 erat
1524 1755 1727 1798 (Steinherz
1752 1754 1774 1789 1.
1802 1767 1832 1790 0.

57 1825 90 1859 p.
119 1813 318 1848 302—306.
370 1814 455 1847 Ant.
482 1813 616 1857 Frind,
641 1812 709 1846 Die
736 1810 954 1846 Geschichte
989 1811 1052 1844 der
1078 1809 1247 1844 Bischofe
1272 1809 1345 1842 und
1371 1808 1604 1843 Erzbisch'ofe
1639 1821 1710 1842 von
1736 1808 1833 1852 Prag

59 1866 170 1912 [Prag
198 1866 303 1911 1873]
330 1879 363 1912 p.
392 1866 608 1910 180—181).

179 1921 192 1941 ³
219 1920 253 1955 S.
279 1920 519 1963 Adalbertus,
556 1919 747 1965 episcopus
772 1917 981 1964 pragensis,
1018 1929 1100 1952 cum
1140 1918 1264 1951 contra
1290 1927 1512 1961 paganorum
1540 1927 1679 1950 errores
1705 1916 1742 1949 in
1768 1916 1833 1949 Bo-

57 1974 177 2009 hemia
203 1976 240 2008 et
263 1974 453 2017 Hungaria
478 1975 625 2008 strenue
650 1973 870 2018 pugnasset,
907 1983 937 2006 a.
966 1972 1034 2006 997
1062 1971 1098 2005 in
1124 1969 1316 2011 Borussia‚
1351 1970 1412 2004 ubi
1451 1969 1680 2013 evangelium
1706 1981 1834 2014 propa-

58 2028 180 2072 gabat,
207 2039 229 2062 a
254 2027 407 2073 paganis
434 2028 574 2062 occisus
601 2029 666 2061 est.
720 2026 753 2061 S.
783 2025 996 2067 Stanislaus,
1033 2025 1223 2070 episcopus
1249 2023 1502 2064 cracoviensis,
1530 2035 1560 2057 a.
1590 2023 1680 2057 1079
1708 2023 1834 2057 Craco·

57 2081 151 2123 viae,
178 2081 261 2116 dum
289 2083 414 2115 contra
439 2080 597 2115 Boleslai
623 2080 667 2114 Π.
696 2079 913 2113 Polonorum
939 2079 1037 2122 regis
1062 2077 1247 2112 libidinem
1274 2077 1433 2111 officium
1458 2076 1601 2110 fortiter
1626 2078 1759 2118 tuetur,
1790 2076 1834 2110 ab

56 2135 126 2170 hoc
151 2135 229 2180 ipso
253 2135 457 2169 trucidatus
483 2136 549 2168 est.

179 2191 193 2209 4
218 2187 377 2223 Michael
402 2187 579 2232 Helding,
620 2187 810 2232 episcopus
843 2185 1155 2230 merseburgensis
1193 2185 1251 2229 (de
1287 2196 1357 2229 quo
1385 2185 1471 2218 Can.
1500 2183 1588 2228 Epp.
1617 2183 1632 2217 I
1643 2211 1652 2228 7
1690 2183 1753 2223 393
1789 2183 1834 2224 II,

61 2242 129 2278 789
157 2241 264 2285 eta),
301 2241 379 2287 ipso
413 2241 481 2276 hoc
516 2253 609 2276 anno
637 2240 725 2275 1561
763 2239 913 2275 consilio
939 2239 1080 2285 imperii
1115 2238 1232 2273 aulico
1270 2236 1631 2282 („Reichshofrath“)
1668 2248 1689 2270 a
1715 2236 1834 2270 Ferdi-

59 2296 179 2330 nando
205 2295 231 2330 Ι.
259 2295 486 2341 praefectus,
522 2295 577 2330 30.
606 2293 828 2339 Septembris
866 2293 954 2328 1561
982 2292 1216 2327 Vindobonae
1249 2293 1413 2326 mortuus
1447 2293 1525 2325 erat
1562 2291 1656 2335 (Nic.
1684 2291 1833 2334 Paulus,

59 2349 217 2384 Michael
242 2349 411 2393 Helding,
438 2349 475 2383 in
505 2349 597 2391 „Der
622 2347 817 2382 Katholik“
850 2348 906 2382 74.
933 2346 1060 2391 Jahrg.
1087 2346 1222 2390 [Mainz
1250 2344 1355 2389 1894]
1383 2345 1427 2386 Π,
1454 2343 1674 2387 493—494).

181 2404 194 2424 ⁵
219 2402 286 2437 Die
321 2403 354 2438 9.
391 2402 612 2448 Septembris
651 2402 738 2436 1561
776 2400 939 2435 Possiaci
977 2400 1142 2445 (Poissy‚
1178 2411 1288 2445 prope
1322 2399 1460 2433 Fanum
1497 2397 1669 2433 Germani
1706 2396 1834 2441 [Saint-

62 2456 294 2492 Germain—en
319 2456 431 2501 Laye]
459 2455 678 2500 colloquium
713 2455 756 2489 de
790 2454 965 2498 religione
999 2454 1094 2488 inter
1129 2453 1327 2487 catholicos
1362 2454 1399 2487 et
1432 2453 1677 2497 protestantes
1711 2449 1836 2484 haberi

61 2513 229 2556 coeptum
259 2512 356 2551 erat;
393 2510 452 2544 cui
479 2509 628 2544 Carolus
654 2508 714 2543 IX.
742 2520 808 2542 rex
842 2507 991 2553 imperio
1025 2507 1184 2542 nondum
1208 2508 1392 2550 maturus,
1430 2505 1625 2541 Catharina
1650 2504 1836 2538 Medicaea

61 2566 178 2599 mater
204 2564 299 2606 eius,
338 2574 430 2608 quae
454 2574 607 2607 regnum
633 2562 928 2603 administrabat,
965 2561 1166 2596 cardinales
1201 2560 1421 2605 complures,
1458 2558 1634 2605 episcopi,
1669 2568 1836 2603 proceres

60 2618 175 2663 regni,
202 2618 366 2652 doctores
392 2616 595 2652 sorbonnici
620 2616 727 2650 multi
752 2615 972 2657 intererant3
1008 2626 1050 2650 ac
1084 2616 1230 2660 praeter
1258 2615 1298 2648 11
1326 2614 1403 2647 fere
1428 2612 1708 2658 protestantium
1733 2610 1835 2644 mini—

62 2673 157 2706 stros
182 2671 299 2715 gallos
327 2670 495 2715 (quorum
521 2670 634 2714 aliqui
659 2670 704 2704 ab
730 2669 915 2704 ordinibus
937 2668 1119 2713 religiosis
1144 2668 1204 2702 vel
1222 2679 1243 2701 a
1260 2666 1462 2701 sacerdotio
1480 2664 1703 2708 defecerant)
1723 2663 1836 2698 Theo-

62 2725 170 2760 dorus
195 2725 309 2765 Beza,
345 2724 559 2769 praecipuus
594 2723 656 2758 ille
683 2723 825 2758 Calvini
851 2722 1070 2768 discipulus,
1105 2721 1252 2756 Antonii
1286 2720 1383 2764 regis
1409 2719 1566 2754 Navarri
1601 2721 1637 2753 et
1662 2716 1835 2752 Ludovici

61 2778 236 2825 principis
262 2777 419 2813 Condaei
443 2777 602 2812 invitatu
629 2777 788 2818 Geneva,
825 2778 861 2811 et
886 2776 1019 2810 Petrus
1044 2776 1187 2820 Martyr
1211 2774 1409 2818 Vermigli,
1449 2775 1485 2807 et
1518 2773 1596 2817 ipse
1631 2771 1835 2813 calvinista,

64 2831 260 2867 Oatharina
284 2830 471 2865 Medicaea
496 2833 643 2876 petente
663 2830 798 2874 Tiguro
816 2829 1028 2864 Possiacum
1054 2829 1241 2863 venerant.
1276 2827 1397 2871 Atque
1423 2826 1500 2871 ipso
1526 2825 1641 2870 primo
1668 2823 1836 2868 colloquii

63 2885 120 2920 die
146 2885 242 2919 Beza
266 2886 411 2930 praeter
437 2884 509 2919 alia
535 2883 710 2926 asseruit,
745 2894 875 2929 corpus
902 2883 1037 2917 Christi
1061 2884 1205 2916 tantum
1240 2892 1261 2914 a
1295 2891 1388 2925 pane
1412 2879 1569 2923 vinoque
1596 2877 1836 2912 eucharistico

63 2939 210 2980 abesse,
249 2940 424 2983 quantum
462 2938 681 2972 altissimum
716 2936 855 2971 eoelum
890 2948 911 2970 a
945 2938 1043 2970 terra
1069 2935 1221 2969 distaret
1248 2933 1479 2978 (Raynamus
1503 2932 1526 2966 1.
1554 2943 1584 2966 c.
1610 2931 1647 2965 in
1683 2943 1713 2966 a.
1744 2931 1833 2966 1561

62 3004 98 3027 n.
124 2992 300 3027 89—100.
339 2993 411 3026 Iac.
430 2993 523 3035 Auy.
552 2992 736 3034 Thuanus,
762 2989 1007 3024 Historiarum
1033 2989 1089 3023 sui
1114 2988 1287 3032 temporis
1312 2987 1373 3020 lib.
1400 2985 1566 3020 XXVIII.
1595 2984 1836 3028 [Francofurti

64 3046 130 3080 sub
148 3057 179 3080 a.
202 3045 319 3090 1610],
344 3057 378 3090 p.
399 3044 598 3080 537—542.
632 3046 675 3079 R.
695 3046 760 3078 Fr.
779 3043 1022 3086 Rohrbacher,
1048 3041 1207 3075 Histoire
1232 3039 1452 3074 universelle
1478 3039 1522 3073 de
1546 3038 1688 3082 l’eglise
1715 3038 1836 3073 catho-

63 3099 161 3144 lique
186 3098 210 3133 1.
236 3098 425 3140 LXXXV„
451 3110 485 3133 n.
513 3098 534 3132 5
562 3097 630 3143 [ed.
662 3098 867 3132 Guillaume
892 3096 932 3130 Τ.
958 3095 1003 3130 X.
1029 3095 1131 3140 Lyon
1159 3093 1276 3137 1872]‚
1302 3105 1335 3138 p.
1364 3091 1581 3136 300-302).

186 3153 199 3173 ⁶
224 3152 469 3187 Tertullianus
494 3152 532 3186 in
555 3151 647 3186 libro
677 3150 750 3194 „De
774 3148 1120 3195 praescriptionibus
1140 3147 1326 3181 adversus
1352 3145 1591 3188 haereticos“,
1617 3145 1773 3180 maxime
1799 3145 1836 3180 in

134 3217 444 3248 Braunsberger,
464 3217 577 3242 Canisii
589 3216 749 3247 Epistulae
763 3216 792 3239 et
806 3215 890 3240 Acta.
912 3215 966 3239 111.
1515 3208 1555 3239 17
