2093 3444
256 209 340 248 594
409 205 564 238 Menum.
595 201 828 247 (augustana)
857 203 936 237 232.
967 203 1013 245 (A
1039 214 1083 237 m.
1111 203 1241 237 Martio
1269 202 1359 236 1559
1385 203 1429 236 ad
1456 215 1500 236 m.
1528 203 1662 237 Maium
1689 215 1719 238 a.
1750 204 1867 247 1561.)

256 321 393 364 crucis
416 321 640 374 trophaea,
673 323 829 373 parata
852 333 1003 361 recens
1026 320 1237 362 altaribus
1265 323 1519 362 ornamenta
1534 323 1562 369 ¹,
1597 323 1726 372 atque
1749 323 1796 362 vt
1822 321 2011 363 Sanctis-

255 388 407 429 simum
441 385 740 427 Eucharistiae
773 385 1101 426 Sacramentum
1135 386 1302 427 colatur
1334 384 1594 437 religiosius,
1627 385 1830 434 illustris,
1865 388 1908 427 et
1941 386 2011 439 qui

254 452 483 507 populares
516 451 660 492 oculos
693 452 868 492 moueat
899 452 1099 503 spectatu
1133 450 1287 503 dignus
1320 453 1557 503 apparatus
1589 449 1773 492 accessit
1788 451 1816 491 2.
1874 450 2011 492 Multo

254 532 358 559 sane
381 517 538 570 plures,
574 515 644 568 qui
667 514 806 556 adhuc
838 515 993 556 uelut
1026 529 1154 556 oues
1177 515 1294 556 sine
1318 515 1579 557 Pastore3
1602 514 1756 556 misere
1779 517 2010 567 vagantur,

252 583 295 624 in
318 582 433 624 viam
457 580 704 623 Catholicae
727 579 926 621 veritatis
959 579 1171 628 redire11t;
1206 582 1460 633 patremque
1493 579 1642 620 audire
1675 582 1880 633 cuperent
1903 595 1912 621 :
1937 580 2011 621 sed

252 647 410 701 partim
444 646 607 700 pudore
641 643 825 694 auocati,
859 644 1019 697 partim
1051 644 1211 698 priuati
1244 644 1452 697 commodj
1487 644 1655 686 ratione
1687 644 1893 698 impediti,
1927 659 2010 686 non

254 713 416 754 audent
449 710 567 763 vulgi
600 710 809 751 aduersus
842 723 887 750 se
921 709 1087 751 animos
1120 709 1338 751 concitare
1373 744 1380 751 .
1414 710 1479 750 De
1505 709 1637 750 verbo
1661 710 1739 763 Dej
1772 712 2009 752 tractatum

253 779 320 819 est
361 775 508 818 multis
541 789 567 816 a
598 775 730 816 Patre
764 773 1040 815 concionibus
1074 789 1083 815 :
1117 788 1166 815 eo
1210 774 1319 815 enim
1355 773 1537 827 Sectarij
1571 774 1801 827 plurimum
1833 773 2011 826 gloriari

253 843 394 884 solent
428 876 435 884 .
470 840 589 883 ,Jllud
632 843 777 882 autem
815 839 991 880 habitae
1024 839 1259 880 Conciones
1300 853 1377 892 per
1409 839 1488 892 Dej
1531 838 1716 891 gratiam
1760 840 2009 889 effecerunt,

254 911 301 950 vt
334 907 463 948 etiam
498 905 676 958 hereticj
710 918 824 945 nunc
855 904 1085 958 plurimum
1120 904 1365 957 ambigant,
1409 904 1466 945 sit
1497 904 1577 945 1100
1619 918 1671 945 110
1704 904 1782 957 Dej
1816 905 2008 954 verbum,

253 973 366 1026 quod
399 985 421 1013 e
453 970 632 1013 Lutheri
665 969 806 1023 biblijs
839 969 1088 1022 deprauatis
1120 970 1331 1011 hactenus
1362 968 1623 1010 imbiberunt
1635 970 1664 1012 4.
1722 969 1779 1011 Et
1810 969 2009 1012 laborant

253 1038 392 1080 adhuc
433 1035 695 1088 aduersarij,
738 1037 787 1076 vt
825 1034 1057 1076 multorum
1096 1034 1261 1075 animos
1293 1034 1374 1075 hac
1415 1033 1585 1076 ratione
1627 1033 1839 1076 alienatos
1880 1037 2011 1087 atque

252 1116 484 1156 suspensos
507 1101 559 1142 ad
584 1115 630 1142 se
651 1103 869 1150 reuocent,
903 1100 1016 1152 quod
1038 1113 1169 1152 aegre
1192 1099 1362 1151 quidem
1386 1099 1684 1152 praestabunt,
1719 1113 1813 1140 cum
1841 1099 2010 1141 illorum

252 1168 428 1210 fraudes
473 1170 516 1208 et
561 1164 850 1207 dissensiones
893 1167 1069 1206 mutuae
1113 1165 1257 1218 palam
1303 1164 1501 1206 detectae
1544 1164 1587 1205 in
1633 1164 1820 1205 omnium
1864 1165 2011 1206 oculos

253 1233 392 1286 magis
433 1246 483 1273 ac
515 1230 655 1284 magis
693 1230 917 1271 incurrant
951 1265 958 1272 .
993 1230 1145 1282 ltaque
1178 1243 1338 1281 magna
1369 1229 1539 1270 illorum
1581 1243 1675 1270 esse
1707 1243 1809 1283 pars
1841 1228 2009 1279 dicitur,

253 1298 323 1351 qui
364 1311 504 1350 neque
536 1295 769 1338 Catholicis
810 1308 856 1336 se
898 1294 1041 1336 ausint
1073 1294 1242 1348 publice
1283 1293 1538 1347 adiungere,
1581 1308 1721 1347 neque
1752 1294 2011 1336 Lutheranis

251 1363 387 1405 uelint
419 1362 552 1404 fidere
584 1360 865 1410 Doctoribus,
909 1374 935 1401 a
968 1373 1147 1411 quorum
1181 1359 1312 1401 etiam
1346 1359 1620 1400 concionibus
1652 1359 1874 1413 plaerique
1913 1360 2010 1401 abs-

250 1429 391 1471 tinent
426 1463 433 1470 .
468 1428 570 1469 Cum
611 1426 663 1467 de
703 1424 983 1478 indulgentijs
1022 1424 1197 1466 doceret
1230 1424 1402 1474 Pater-5,
1447 1425 1559 1476 quod
1601 1427 1903 1477 argumentum
1944 1426 2011 1466 est

251 1493 345 1536 istis
387 1493 667 1534 vehementer
710 1490 917 1539 inuisum,
963 1489 1072 1531 mira
1114 1490 1325 1542 quaedam
1371 1492 1414 1530 et
1455 1489 1630 1531 insolita
1669 1489 1815 1543 populi
1855 1489 2008 1543 pietas,

250 1572 361 1611 quae
402 1572 503 1599 mox
545 1558 778 1598 consecuta
820 1558 907 1603 est,
954 1568 1155 1607 magnam
1195 1555 1276 1608 pijs
1316 1554 1464 1597 attulit
1506 1555 1866 1605 consolationem,
1914 1568 2010 1596 cum

250 1625 402 1677 ingens
435 1622 566 1664 fuerit
598 1620 817 1662 hominum
856 1620 1087 1662 multitudo
1128 1623 1218 1661 tum
1262 1620 1302 1660 111
1337 1620 1510 1674 templis
1543 1620 1779 1671 orantium,
1822 1623 1914 1662 tum
1956 1620 2010 1662 ad

251 1691 429 1731 Sacram
481 1686 803 1729 Confessionem
862 1689 906 1727 et
958 1685 1308 1727 Communionem
1367 1699 1462 1727 0000
1521 1685 1833 1728 conferentium
1853 1686 1880 1727 ⁶.
1953 1685 2009 1727 Jn

250 1753 591 1807 Quadragesima
614 1751 813 1805 proxima
845 1753 1150 1804 praeterquam
1175 1750 1287 1803 quod
1321 1749 1549 1803 ordinarijs
1581 1749 1856 1791 concionibus
1878 1750 2011 1792 Pater

250 1832 426 1873 operam
460 1817 600 1867 dedit,
644 1816 785 1870 coepit
818 1815 948 1857 etiam
982 1815 1298 1858 Catechismum
1339 1815 1578 1869 explicare,
1621 1818 1671 1857 vt
1702 1817 1803 1857 ante
1836 1817 1880 1857 et
1911 1817 2009 1869 post

249 1883 479 1937 prandium
510 1882 554 1923 in
575 1880 847 1923 hebdomada
880 1880 1052 1933 saepius
1076 1879 1406 1921 concionaretur
1438 1916 1446 1923 .
1481 1880 1650 1922 Placuit
1682 1880 1717 1921 10
1750 1879 1858 1921 liber
1879 1879 2009 1921 vehe-

250 1951 417 1990 menter
451 1946 588 1989 doctis
621 1949 664 1989 et
696 1945 902 1995 indoctis,
946 1959 1235 1998 magnumque
1273 1945 1371 1986 inde
1402 1945 1593 1987 fructum
1634 1945 1689 1986 ad
1720 1945 1880 1988 multos
1911 1959 2009 1999 per-

248 2013 418 2056 uenisse
441 2011 799 2067 deprehendimus
813 2011 841 2053 7.
868 2046 875 2052 .
903 2045 910 2052 .
937 2045 944 2051 .
990 2009 1084 2051 Nec
1107 2009 1262 2052 desunt
1285 2010 1410 2051 modo
1444 2023 1467 2051 e
1498 2009 1777 2051 nobilioribus
1799 2009 2009 2052 matronis

248 2093 303 2120 ex
326 2077 569 2133 praecipuis
591 2076 780 2130 familijS,
816 2088 927 2128 quae
959 2075 1139 2127 singulis
1162 2074 1393 2125 mensibus,
1428 2074 1470 2116 id
1493 2075 1605 2128 quod
1638 2075 1717 2116 hoc
1739 2075 1832 2116 loco
1865 2074 2009 2117 fuerat

248 2144 526 2193 inusitatum,
569 2146 741 2184 sacram‘
773 2140 981 2194 Synaxim
1024 2140 1225 2182 adeantS.
1290 2140 1441 2181 Comes
1481 2154 1591 2181 unus
1632 2140 1675 2181 in
1712 2139 2009 2194 spiritualibus

248 2210 409 2251 nostris
441 2207 796 2250 meditationibus
838 2219 912 2247 eos
944 2205 1049 2247 fecit
1080 2218 1360 2258 progressus,
1401 2208 1451 2247 vt
1489 2205 1659 2247 abiecta
1692 2205 1862 2247 demum
1896 2205 2009 2246 omni

248 2274 428 2329 perfidia
469 2276 601 2326 atque
642 2270 934 2314 haesitatione
977 2284 1031 2311 ex
1072 2270 1320 2312 Lutherano
1358 2269 1605 2312 Catholicus
1646 2272 1765 2312 totus
1807 2269 2007 2322 euaserit,

250 2339 320 2392 qui
352 2343 502 2382 nostra
525 2337 658 2380 etiam
684 2350 817 2391 opera
839 2335 1022 2390 primum
1054 2335 1098 2376 in
1121 2335 1413 2377 Sacramentis
1436 2334 1720 2389 suscipiendis
1742 2335 1807 2377 vti
1838 2334 1975 2377 uoluit
1999 2370 2007 2378 .

371 2497 380 2516 ¹
407 2495 473 2528 His
499 2493 666 2539 parandis
692 2492 866 2538 imprimis
894 2491 1031 2536 Sibylla
1066 2494 1102 2525 et
1128 2491 1258 2525 Ursula
1285 2491 1471 2535 Fuggerae
1508 2502 1651 2536 operam
1687 2491 1889 2532 navabant;
1927 2491 2008 2525 vide

248 2549 350 2590 infra,
378 2559 532 2582 monum.
560 2546 638 2581 233.
666 2545 745 2581 288.
773 2545 852 2580 304.
881 2545 958 2579 344.

367 2603 380 2622 ²
407 2601 566 2645 Sibyllae
591 2600 779 2643 Fuggerae
805 2609 913 2643 opera
938 2598 974 2631 id
999 2598 1136 2631 factum
1164 2600 1238 2638 est;
1265 2598 1309 2631 cf.
1338 2598 1443 2639 infra,
1469 2609 1623 2632 monum.
1651 2597 1731 2631 269.

368 2657 381 2675 ³
406 2654 510 2688 Num.
538 2653 593 2694 27,
623 2653 676 2686 17.
719 2651 849 2686 Matth.
877 2652 909 2692 9,
936 2651 980 2685 36
1007 2654 1074 2685 etc.

367 2711 379 2728 4
405 2708 457 2742 De
483 2717 587 2741 sacra
613 2704 798 2750 Scriptura
825 2716 887 2749 per
913 2703 1060 2738 Lutheri
1087 2703 1289 2737 versionem
1315 2703 1476 2747 aliasque
1512 2703 1702 2737 bibliorum
1738 2703 1911 2737 editiones
1949 2703 2008 2737 ad-

247 2762 403 2796 ulterata
431 2760 595 2795 Canisius
619 2759 655 2792 in
681 2758 768 2792 aede
793 2757 953 2791 maxima
988 2757 1129 2790 dixerat
1158 2757 1185 2790 1.
1212 2756 1421 2790 Decembris
1451 2757 1539 2791 1560
1568 2756 1673 2799 (Can.
1702 2756 1788 2801 Epp.
1823 2756 1874 2796 11,
1901 2760 2006 2799 XL11).

369 2816 381 2835 ⁵
406 2814 530 2848 Mense
555 2811 743 2846 Decembri
769 2822 800 2845 a.
829 2811 920 2845 1560
946 2821 987 2844 ac
1013 2810 1167 2844 fortasse
1194 2810 1302 2843 etiam
1336 2821 1381 2843 m.
1410 2809 1572 2843 ianuario
1607 2822 1639 2843 a.
1667 2810 1754 2843 1561
1785 2810 1890 2852 (Can.
1918 2809 2005 2854 Epp.

249 2869 291 2910 11,
319 2879 422 2902 xL111.
451 2867 551 2902 781⁵.
577 2865 669 2900 845³
695 2867 731 2898 et
755 2875 865 2908 supra
890 2875 923 2908 p.
950 2864 981 2897 3.
1010 2863 1054 2896 23
1080 2864 1188 2906 atque
1214 2863 1317 2904 infra,
1345 2874 1499 2896 monum.
1527 2862 1626 2905 248).

369 2922 381 2939 ’ἶ
409 2920 462 2954 Cf.
489 2930 597 2964 supra
622 2930 656 2963 p.
683 2919 715 2953 3.
744 2917 798 2951 12.
825 2916 882 2950 23.

368 2975 380 2994 ⁷
406 2973 498 3008 Vide
532 2982 641 3016 supra
674 2983 707 3015 p.
735 2971 791 3004 21.
841 2968 1006 3003 Canisius
1039 2968 1150 3011 igitur
1184 2969 1220 3002 in
1254 2968 1310 3003 his
1345 2968 1611 3008 catechesibus,
1651 2979 1740 3012 quas
1771 2969 1826 3001 ter
1851 2967 2004 3011 singulis

248 3026 480 3062 hebdomadis
513 3025 670 3059 habebat
702 3023 798 3067 (vide
833 3033 940 3067 supra
966 3033 998 3066 p.
1027 3021 1109 3064 72),
1145 3021 1401 3056 catechismum
1435 3033 1539 3056 suum
1576 3020 1804 3064 (SummamP
1846 3021 2006 3054 Parvum

249 3080 507 3115 catechismum
534 3076 844 3119 Catholicorum'?)
875 3075 1089 3119 explicabat.

370 3134 382 3152 ⁵³
407 3132 435 3167 E
470 3131 596 3166 harum
631 3141 777 3164 numero
802 3128 934 3163 Ursula
969 3129 1005 3161 et
1031 3126 1167 3172 Sibylla
1194 3127 1379 3170 Fuggerae
1411 3127 1524 3161 fuisse
1558 3126 1743 3167 videntum
1779 3126 1860 3160 vide
1895 3137 2003 3171 supra

251 3199 283 3231 p.
311 3185 558 3220 :34.55.156.
