2093 3444
210 170 295 211 310
403 167 481 201 635.
518 166 684 201 Canisius
709 165 817 211 Alph.
845 165 1055 200 Salmeroni.
1100 165 1193 207 Aug.
1221 164 1327 198 Vind.
1356 164 1412 198 30.
1439 163 1655 198 Novembris
1684 164 1783 198 1561.

208 299 341 338 quem>
369 298 482 326 nunc
514 284 684 337 Pragae
716 285 936 325 mortuum
969 281 1284 325 existimamus.
1348 281 1448 324 Non
1487 282 1794 324 commendabo
1828 281 1985 324 iterum

209 350 557 404 Oenipontanum
599 349 680 391 hoc
724 348 974 401 collegium,
1018 347 1072 390 ad
1116 347 1228 400 quod
1271 360 1497 401 speramus
1535 346 1815 390 Rhetoricum
1857 346 1986 390 isthic

207 415 499 470 professorem
532 429 619 457 una
652 429 747 456 cum
782 412 1009 456 Germanis
1052 411 1218 465 aliquot
1249 411 1364 454 mitti
1396 426 1545 466 posse,
1589 412 1703 455 inter
1736 426 1842 465 quos
1874 426 1987 454 unus

210 481 374 523 Graece
419 479 615 535 profiteri
658 479 785 522 norit.
859 478 968 520 Tum
1011 478 1117 520 duos
1159 477 1404 531 Theologos
1445 477 1728 519 vehementer
1769 480 1986 531 optamus,

209 560 316 600 quos
348 546 556 600 grauibus
599 546 650 587 de
684 544 826 587 causis
868 543 955 585 illic
988 556 1119 597 saepe
1161 541 1307 596 rogari
1340 542 1563 596 continget
1596 543 1649 584 ob
1691 541 1985 597 praesentiam

209 610 371 654 excelsi
403 610 656 664 Regiminis,
691 609 1053 663 quemadmodum
1085 611 1466 662 praemonuerunt,

327 677 391 718 De
414 675 598 731 pecunia
630 675 802 718 nomine
825 674 1024 717 Caesaris
1056 673 1124 715 hic
1148 672 1441 726 conquirenda
1474 673 1632 715 curabo
1650 674 1678 724 1,
1713 675 1757 716 et
1784 671 1985 726 quicquid

208 741 455 796 Moguntini
496 741 715 791 miserint,
761 754 848 782 vna
893 754 989 782 cnm
1030 738 1228 794 portione
1272 740 1424 780 nostra
1466 752 1594 792 quam
1637 738 1822 793 primum
1863 737 1988 780 11011ει

208 807 371 862 poterit
403 807 647 857 extrudam,
681 809 730 849 111
762 806 904 848 13111110
938 804 1184 860 perueniat,
1220 804 1339 846 Jllud
1373 807 1519 846 autem
1552 803 1672 846 uenit
1703 803 1746 846 in
1778 805 1984 854 mentem,

207 872 322 915 forte
354 876 527 927 tempus
569 886 686 922 esse,
731 874 780 914 vt
812 870 963 913 Boemi
1005 870 1178 924 quidam
1211 869 1504 923 pragensibus
1542 869 1772 920 darentur,
1815 868 1929 922 quod
1962 882 1987 911 e

209 937 390 980 multis2
424 952 555 980 vnum
589 938 820 980 dumtaxat
854 935 1151 989 Volfangumss
1193 935 1247 977 ad
1285 948 1436 986 sacros
1470 934 1642 977 ordines
1674 933 1906 977 inhabilem
1941 936 1988 977 et

208 1003 490 1057 languentem
514 1003 763 1058 acceperint
785 1002 1008 1044 hactenus.
1053 1001 1134 1044 Est
1156 1000 1284 1043 isthic
1307 999 1600 1042 Adelbertus4
1632 1002 1676 1042 01
1699 999 1771 1054 alij
1795 999 1984 1053 quidam,

208 1069 252 1111 in
275 1068 479 1111 Boemica
512 1083 652 1111 messe
685 1068 812 1110 ualde
835 1067 964 1109 Vtiles
995 1066 1131 1109 futuri
1165 1066 1363 1121 operarij.
1408 1065 1535 1108 Nunc
1568 1068 1636 1108 tot
1665 1065 1789 1108 annis
1822 1065 1987 1118 absque

209 1135 371 1177 Boemo
415 1135 714 1177 contionatore
756 1133 798 1175 in
841 1132 980 1174 media
1015 1145 1242 1174 versamur
1274 1131 1473 1181 Boeinia,
1518 1145 1628 1184 quae
1660 1130 1833 1174 interim
1869 1129 1986 1172 haud

209 1214 362 1255 parum
386 1200 553 1242 afflicta
576 1202 620 1242 01
652 1198 936 1242 sectariorum
959 1197 1114 1252 studijs
1138 1210 1346 1252 oppressa
1368 1197 1683 1250 quodammodo
1715 1196 1829 1239 iacet
1853 1230 1861 1238 .
1885 1209 1985 1250 per-

209 1269 384 1319 gratum
419 1268 535 1308 esset
558 1264 734 1308 Caesari
758 1267 800 1307 et
823 1263 995 1305 Boemis
1025 1263 1139 1305 haud
1163 1262 1301 1312 dubie,
1337 1276 1467 1303 vnum
1492 1262 1527 1304 si
1549 1262 1748 1304 uiderent
1781 1276 1803 1304 e
1836 1260 1986 1303 multis

210 1331 281 1384 qui
314 1332 504 1381 aluntur,
539 1345 634 1373 cum
668 1330 811 1372 fructu
844 1332 887 1371 et
920 1329 1048 1371 laude
1082 1328 1236 1370 docere
1269 1328 1452 1381 Pragae.
1511 1327 1594 1370 Sed
1627 1327 1788 1370 rectius
1820 1326 1985 1369 iudica-

209 1397 317 1440 bunt
351 1396 595 1439 Reuerendi
628 1396 781 1438 Patres
814 1394 920 1445 mei,
963 1409 1143 1448 quorum
1177 1393 1400 1447 sacrificijs
1433 1396 1477 1436 et
1509 1393 1707 1448 precibus
1749 1392 1874 1447 cupio
1914 1405 1986 1434 me

211 1465 255 1505 et
298 1462 560 1517 prouintiam
613 1462 723 1504 1111110
774 1474 942 1502 0111110111
989 1459 1173 1502 Domino
1219 1458 1532 1509 commendari,
1585 1458 1655 1512 qui
1699 1472 1822 1500 suam
1860 1456 1985 1499 nobis

210 1528 400 1581 gratiam
442 1529 624 1582 augeat,
669 1529 717 1569 ut
758 1525 838 1580 ipsi
883 1539 985 1568 uere
1017 1525 1279 1580 placeamus.
1343 1524 1571 1578 Augustae
1603 1523 1740 1578 pridie
1772 1522 1987 1565 Kalend.b

210 1593 414 1637 Decemb.
452 1595 560 1636 1561

1159 1673 1319 1716 Seruus
1352 1672 1395 1714 in
1429 1672 1597 1715 Christo
1631 1671 1677 1715 P.
1712 1670 1920 1713 Canisius.

331 1783 358 1833 †
390 1781 446 1823 Al
478 1781 612 1824 molto
635 1780 891 1823 Reuerendo
918 1780 961 1822 in
984 1779 1154 1822 Christo
1178 1779 1330 1830 Padre,
1364 1779 1400 1820 Il
1422 1779 1564 1821 Padre
1586 1778 1779 1820 Maestro
1802 1778 1986 1820 Jacomo

211 1848 384 1902 Laynez
417 1846 671 1901 Praeposito
706 1846 918 1889 Generale
952 1846 1065 1888 della
1098 1844 1364 1899 Compagnia
1397 1843 1438 1886 di
1469 1844 1575 1886 Jesv
1609 1846 1689 1886 etc.

1686 1932 1735 1974 In
1768 1932 1922 1975 Roma.

331 2011 514 2045 Salmeron
540 2010 727 2055 rescripsit
752 2009 807 2045 20.
834 2008 1043 2044 Decembris
1072 2009 1172 2044 1561.

331 2188 344 2202 ³
370 2181 454 2215 freri
482 2182 525 2214 A.
625 2180 639 2199 b
666 2180 814 2215 Ralend.
843 2182 887 2214 A.

335 2340 344 2360 ¹
370 2339 461 2373 Vide
487 2350 598 2384 supra
623 2350 656 2384 p.
683 2339 764 2373 286.
791 2338 871 2373 299.

332 2393 345 2412 ²
370 2392 422 2426 De
450 2391 641 2426 Societatis
667 2392 858 2426 iuvenibus
884 2390 1064 2433 bohemis,
1103 2391 1163 2434 qui
1189 2389 1224 2424 in
1251 2389 1403 2432 collegio
1429 2399 1575 2423 romano
1610 2387 1655 2422 ad
1680 2387 1822 2422 litteras
1849 2389 1885 2422 et
1909 2387 1983 2433 pie-

212 2447 325 2480 tatem
351 2445 644 2486 instituebantur,
671 2445 754 2479 vide
785 2446 871 2479 Can.
898 2444 987 2489 Epp.
1014 2444 1058 2486 11,
1086 2444 1153 2479 307
1164 2443 1187 2477 ².
1214 2443 1282 2477 449
1296 2444 1316 2477 ¹.
1343 2442 1410 2476 531
1423 2442 1446 2477 ⁸.

333 2499 346 2518 3
371 2498 634 2542 VVolfgangum
660 2498 812 2532 Mariam
839 2498 1077 2538 Thinensem;
1105 2496 1188 2531 vide
1214 2507 1324 2541 supra
1350 2507 1383 2540 p.
1414 2494 1610 2530 186—187.
1640 2493 1717 2528 197.

332 2553 345 2572 ⁴
371 2552 411 2586 ln
438 2551 579 2595 collegii
606 2551 743 2586 romani
779 2550 945 2594 catalogo
980 2551 1046 2585 sub
1084 2550 1191 2584 finem
1218 2549 1305 2583 Maii
1332 2560 1363 2583 a.
1392 2548 1481 2582 1561
1509 2546 1713 2592 conscripto
1743 2545 1985 2589 „Adalbertus

212 2605 393 2640 Bohemus
419 2604 608 2639 Professor
633 2604 931 2639 Mathematicae“
970 2604 1065 2638 inter
1101 2603 1282 2638 auditores
1317 2601 1462 2636 scholae
1497 2599 1764 2646 metaphysices
1799 2602 1984 2645 comparet

216 2659 502 2704 (SommervoyeZ,
537 2658 606 2692 Les
633 2658 792 2692 Jesuites
818 2660 885 2692 etc.
912 2657 936 2691 f.
963 2657 992 2691 B
1011 2656 1082 2701 3³).
1134 2656 1168 2690 13
1204 2657 1282 2690 erat
1307 2654 1526 2689 Adalbertus
1561 2653 1621 2688 ille
1648 2652 1814 2694 Bauzek,
1850 2653 1911 2697 qui
1937 2653 1982 2687 ad

214 2713 430 2748 Societatem
456 2711 633 2756 singulari
660 2723 806 2756 prorsus
832 2711 970 2745 ratione
997 2722 1018 2745 a
1044 2710 1117 2744 Deo
1144 2711 1307 2750 vocatus,
1342 2710 1467 2754 postea
1493 2708 1530 2742 in
1555 2705 1813 2741 vindobonensi
1839 2706 1983 2741 univer-

213 2766 322 2801 sitate
346 2765 566 2809 theologiam
591 2764 751 2805 tradidit,
778 2765 814 2798 in
831 2764 968 2809 synodo
986 2763 1205 2798 olomucensi
1235 2762 1359 2807 (1568)
1390 2760 1600 2807 disputavit,
1626 2760 1662 2794 in
1681 2759 1832 2802 collegio
1857 2759 1982 2794 vindo-

213 2819 362 2854 bonensi
388 2830 469 2853 cum
494 2818 642 2853 virtutis
667 2817 773 2851 laude
800 2829 831 2851 a.
854 2818 942 2851 1571
963 2817 1040 2851 vita
1063 2817 1173 2852 cessit
1202 2816 1404 2860 (polemeus,
1432 2813 1630 2849 Chronicon
1649 2812 1708 2855 VI,
1736 2812 1814 2847 388.
1852 2813 1985 2847 Socher

212 2873 236 2908 l.
264 2884 294 2908 0.
320 2885 355 2918 p.
393 2873 469 2907 105.
509 2871 704 2906 176—177.
757 2871 915 2905 Schmicll
948 2870 971 2905 l.
1008 2882 1037 2905 0.
1064 2871 1099 2912 Ι,
1135 2869 1334 2904 261—264.
1386 2869 1552 2912 Wappler
1585 2865 1608 2900 1.
1635 2877 1665 2900 0.
1700 2877 1733 2910 p.
1761 2865 1841 2900 377.
1891 2867 1982 2900 Βοὴ.

214 2927 389 2960 Balbinus
415 2924 449 2959 S.
477 2926 520 2967 J.‚
547 2924 781 2959 Miscellanea
806 2923 979 2959 historica
1004 2923 1106 2967 regni
1133 2922 1335 2964 Bohemiae,
1362 2921 1447 2956 Dec.
1474 2921 1499 2963 I,
1526 2920 1586 2955 lib.
1613 2919 1664 2954 IV
1689 2917 1843 2963 [Pragae
1865 2917 1983 2964 1682J,

214 2979 255 3014 P.
282 2979 323 3021 2,
361 2991 394 3024 p.
434 2978 585 3013 93-94.
637 2979 748 3012 Math.
791 2979 936 3011 Tanner
970 2976 1003 3012 S.
1041 2977 1095 3017 J„
1134 2976 1296 3011 Societas
1334 2975 1422 3010 Jesu
1459 2972 1714 3020 Apostolorum
1750 2971 1927 3006 imitatrix
1966 2972 1982 3006 1

214 3031 370 3076 [Pragae
398 3031 514 3076 1694],
543 3032 759 3075 116—119).
