2093 3444
196 169 252 210 48
727 166 807 200 520.
843 165 995 200 Ioannes
1021 165 1064 199 de
1090 164 1245 200 Polanco
1273 165 1426 200 Canisio.

314 283 501 327 Authori
534 284 728 326 Heretici
760 298 846 326 non
879 283 916 325 si
947 284 1161 337 leggano⁸
1193 298 1314 326 come
1345 284 1553 335 Melanto‚
1587 287 1632 327 et
1664 284 1793 327 simili
1810 287 1838 328 1.

316 349 359 392 Si
393 352 415 391 e
448 349 707 391 cominciata
740 363 765 391 a
796 351 988 391 trattare
1029 349 1073 390 la
1114 348 1425 391 reformatione
1458 349 1500 392 di
1542 350 1673 403 quelli
1704 349 1834 392 indici
1866 350 1968 393 delli

195 414 294 456 libri
325 415 529 469 prohibitj
572 414 616 456 in
658 414 999 468 congregatione
1041 414 1094 456 de
1138 414 1262 456 molti
1294 414 1512 457 Cardinali
1545 418 1590 458 et
1622 415 1784 458 dottori
1816 415 1968 458 auanti

195 479 225 521 il
257 480 407 534 Papa2
441 515 448 523 .
484 480 553 521 del
585 493 786 522 successo
820 481 921 521 sara
954 478 1124 522 auisato
1158 480 1200 521 la
1233 480 1498 522 Reuerentia
1529 480 1582 523 V.

315 564 363 605 P.
399 563 677 604 Hermsmrms
709 561 983 618 [Thyraeus]
1019 577 1165 618 reapse
1196 565 1423 605 treverensi
1464 565 1628 619 colleyc'o
1672 565 1791 606 valde
1832 579 1967 607 neces-

195 629 341 670 sarius
374 642 460 670 esse
490 629 668 670 videtur.
736 628 866 670 Cuius
900 628 1090 670 absentia
1120 628 1304 681 fortasse
1337 630 1600 683 compensari
1626 634 1770 684 potest,
1810 631 1968 685 aliquot

197 694 415 736 Societatis
447 693 666 735 iuvenibus
702 694 874 735 Colonia
914 695 959 734 in
994 693 1274 735 Germaniam
1307 695 1564 749 superiorem
1599 695 1751 738 missis.

318 771 438 811 Recte
469 771 653 811 valemus
687 775 721 811 et
753 770 1017 812 orationibus
1060 771 1207 812 vestris
1250 785 1323 811 nos
1365 771 1702 812 commendamus
1740 805 1747 813 .
1794 771 1965 824 quando

197 835 390 877 scriuera
422 835 465 876 la
497 835 764 877 Reuerentia
786 835 838 877 V.
872 835 914 876 in
948 834 1226 888 Jngolstadio
1259 837 1388 889 potra
1420 834 1591 878 anisare
1624 836 1666 877 al
1698 835 1839 878 Padre
1861 836 1967 880 Ret-

197 901 327 943 tore3
368 900 409 941 di
443 900 513 942 noi
556 901 634 942 che
676 902 805 955 potra
845 901 1052 942 mandare
1098 900 1196 953 quel
1239 900 1425 954 giouane
1456 915 1535 955 per
1574 901 1604 942 il
1637 901 1826 955 Collegio
1860 901 1967 944 Ger-

196 965 365 1008 manico
404 966 445 1007 al
485 966 612 1019 quale
649 966 805 1008 scrisse
839 965 959 1019 quasi
994 965 1029 1007 si
1063 965 1123 1017 gli
1157 979 1231 1007 era
1262 980 1498 1020 promeSSO.
1533 966 1741 1009 chiamasi
1773 967 1966 1009 Christo-

196 1031 374 1085 phoro4.
421 1031 463 1073 al
494 1033 612 1073 resto
656 1031 696 1073 di
738 1045 817 1073 sua
849 1031 1009 1074 lettera
1054 1031 1090 1072 si
1131 1031 1225 1073 fece
1266 1031 1339 1085 gia
1370 1031 1572 1086 risposta.
1636 1031 1690 1073 Di
1722 1032 1861 1076 Roma
1893 1033 1968 1076 alli

199 1098 282 1140 .15.
317 1096 369 1138 de
401 1096 591 1138 Febraro
627 1098 768 1139 .1561.

315 1162 387 1215 qui
420 1162 455 1203 si
487 1162 645 1204 manda
677 1162 703 1203 l'
724 1161 860 1204 offitio
895 1161 962 1203 del
992 1162 1174 1204 R-ettore
1189 1162 1218 1212 5,
1253 1162 1296 1203 la
1328 1161 1564 1205 settimana
1596 1162 1802 1217 passatab
1835 1161 1896 1218 [P]
1931 1163 1967 1206 si

196 1228 489 1270 manderanno
514 1229 567 1270 ,2.
600 1228 722 1282 copie
755 1241 832 1282 per
864 1227 965 1269 altri
998 1227 1067 1269 doi
1100 1227 1269 1282 collegij
1304 1229 1349 1269 et
1381 1227 1422 1269 al
1446 1227 1603 1270 Rettor
1635 1228 1675 1270 di
1697 1228 1900 1271 Vienna6
1931 1229 1967 1271 si

196 1293 356 1335 manda
386 1293 518 1346 hoggi
552 1307 629 1347 per
660 1293 700 1334 la
735 1296 875 1347 posta.

316 1358 360 1401 Si
394 1360 416 1400 e
450 1358 565 1401 satta
596 1372 682 1400 uua
716 1358 910 1400 dotti-ina
941 1358 1110 1412 piccola
1141 1372 1219 1412 per
1251 1358 1278 1399 l’
1301 1357 1523 1412 incipienti
1551 1358 1595 1400 in
1628 1361 1780 1412 queste
1811 1359 1965 1404 bande.

315 1516 496 1550 Haeretici
523 1519 698 1557 auctores,
726 1515 826 1550 velut
851 1515 1107 1550 Melanchthon
1133 1518 1168 1549 et
1194 1515 1341 1556 similos,
1368 1526 1412 1549 ne
1439 1515 1606 1559 legantur
1623 1516 1644 1550 ¹.

316 1569 366 1603 De
394 1570 570 1604 indicibus
603 1570 675 1604 illis
709 1569 881 1604 librorum
917 1569 1174 1614 prohibitorum
1210 1568 1448 1602 reformandis
1473 1569 1508 1602 in
1536 1569 1813 1614 congregatione
1838 1570 1965 1605 multo-

195 1634 273 1657 rum
301 1623 536 1657 cardinalium
565 1626 600 1657 et
627 1623 810 1657 doctorum
847 1634 966 1657 coram
1002 1634 1141 1656 summo
1177 1622 1343 1668 pontifice
1370 1634 1477 1666 agere
1513 1623 1752 1668 coeperunt²;
1788 1635 1881 1668 quae
1906 1635 1965 1659 res

197 1677 372 1721 quomodo
399 1677 579 1717 succedat,
606 1677 847 1711 reverentiam
875 1678 1033 1710 vestram
1061 1676 1250 1710 certiorem
1276 1676 1477 1711 reddemus.

316 1749 354 1782 P.
381 1749 614 1782 Hermamzus
638 1749 732 1792 lete„
761 1753 796 1781 ut
821 1748 966 1792 supraJ.

314 1814 416 1847 Recte
441 1814 542 1857 [etc.,
576 1818 615 1847 ut
640 1813 784 1857 supra]
837 1812 925 1846 Cum
959 1812 1164 1846 reverentia
1191 1814 1314 1846 vestra
1340 1811 1600 1855 Ingolstadium
1635 1812 1788 1854 scribet,
1823 1814 1963 1858 patrem

194 1868 370 1900 rectorem
386 1867 399 1887 ³
432 1869 554 1901 nostro
580 1866 723 1900 nomine
750 1866 939 1901 certiorem
965 1865 1095 1906 faciat,
1131 1876 1285 1909 quaeSO,
1321 1876 1400 1899 eum
1427 1865 1463 1899 in
1498 1865 1692 1910 collegium
1717 1866 1964 1909 germanicum

194 1920 359 1954 iuvenem
379 1920 479 1954 illum
506 1921 648 1953 mittere
675 1932 791 1965 posse,
818 1920 874 1954 cui
901 1919 935 1953 id
962 1919 1036 1952 fere
1062 1918 1278 1964 promissum
1304 1929 1384 1953 esse
1410 1918 1574 1964 scripsit;
1604 1918 1907 1964 Christophorus⁴
1933 1919 1964 1954 is

195 1976 357 2008 vocatur.
392 1974 447 2008 Ad
474 1973 650 2017 reliquam
677 1974 753 2008 eius
780 1972 971 2018 epistulam
999 1972 1214 2017 rescriptum
1242 1972 1311 2005 iam
1339 1974 1404 2006 est.
1440 1972 1553 2006 Roma
1582 1972 1635 2006 15.
1654 1972 1839 2007 Februarii
1860 1973 1962 2008 1561.

314 2027 492 2061 Mittimus
518 2028 668 2061 rectoris
695 2027 853 2061 officium
869 2027 891 2068 ⁵,
928 2026 1030 2060 cuius
1056 2025 1222 2070 exempla
1248 2025 1316 2059 duo
1343 2025 1506 2070 proxima
1533 2025 1754 2060 hebdomade
1785 2026 1822 2060 in
1856 2038 1961 2061 usum

195 2079 345 2114 duorum
363 2080 513 2115 aliorum
533 2081 766 2124 collegiorum
785 2081 979 2121 mittemus,
1007 2079 1159 2113 alterum
1179 2078 1283 2113 hodie
1301 2079 1431 2113 rectori
1450 2079 1707 2114 vindobonensi
1723 2080 1736 2100 ⁶
1762 2091 1825 2125 per
1850 2079 1962 2115 tabel-

194 2133 324 2168 larium
350 2134 532 2180 publicum
557 2134 745 2168 mittimus.

314 2187 522 2222 Docti-inam
558 2198 708 2233 parvam
744 2187 870 2221 harum
906 2186 1093 2230 regionum
1128 2185 1304 2220 tironibus
1339 2185 1628 2231 conscripsimus.
1679 2186 1721 2221 R.
1747 2185 1791 2221 V.
1830 2186 1961 2228 videat,

312 2322 327 2337 ³
352 2315 506 2359 leggono
533 2328 615 2360 ap.;
641 2320 678 2349 at
704 2317 952 2350 correctionem
979 2320 1137 2349 nostram
1163 2316 1241 2359 ipsa
1268 2326 1325 2348 res
1350 2316 1494 2348 omnino
1519 2316 1660 2350 videtur
1685 2317 1830 2360 exiyere.

313 2370 328 2389 ¹³
354 2371 416 2404 Sic
441 2381 523 2413 ap.,·
547 2370 607 2403 secl
632 2370 811 2413 Zeyendum
838 2370 998 2403 videtur.-
1022 2371 1222 2412 segueute,·
1247 2370 1323 2402 vide
1350 2369 1453 2411 infra
1473 2380 1511 2412 J).
1540 2371 1596 2402 57.

316 2504 324 2523 ¹
352 2502 516 2537 Lainium
541 2501 598 2536 his
624 2502 745 2538 verbis
770 2502 880 2537 libros
905 2501 1195 2536 Melanchthonis
1220 2500 1474 2543 scholasticos,
1501 2501 1603 2536 velut
1627 2503 1884 2546 grammaticas
1909 2502 1958 2537 la-

193 2556 307 2590 tinam
333 2558 369 2590 et
395 2567 581 2600 graecam,
619 2555 655 2589 in
682 2556 872 2590 Societatis
897 2555 1031 2590 scholis
1057 2555 1223 2600 usurpari
1250 2555 1429 2596 vetuisse,
1456 2555 1586 2597 verba,
1613 2566 1705 2600 quae
1731 2556 1959 2599 antecedunt,

193 2612 252 2644 sat
277 2609 373 2644 clare
398 2609 601 2644 ostendunt.
653 2611 831 2644 Polaticus
858 2609 1012 2644 Antonio
1038 2608 1176 2650 Vinck,
1212 2608 1343 2643 rectori
1369 2608 1589 2651 treverensi,
1615 2608 1728 2643 Roma
1757 2609 1810 2644 10.
1837 2609 1959 2644 Martii

195 2663 305 2698 1561:
359 2662 428 2706 „La
473 2663 672 2706 gramatica
707 2675 751 2697 ne
786 2662 954 2697 dialetica
989 2662 1022 2696 di
1059 2662 1264 2696 Melantone
1298 2674 1368 2696 non
1403 2662 1438 2696 la
1473 2661 1627 2706 leggano
1661 2662 1686 2696 li
1721 2662 1854 2697 nostri“
1896 2662 1958 2706 (ex

193 2716 433 2761 *apographo
459 2716 617 2750 eiusdem
643 2716 826 2761 temporis.
871 2716 956 2751 Cod.
988 2715 1126 2758 „Germ.
1157 2716 1265 2750 1559“
1295 2715 1320 2749 f.
1349 2715 1467 2759 310³).

313 2770 326 2790 2
351 2769 390 2804 P.
418 2769 539 2803 Natali
566 2770 743 2803 Pozancns
768 2769 882 2803 Roma
910 2770 964 2803 16.
991 2768 1175 2803 Februarii
1205 2769 1291 2803 1561
1331 2767 1496 2813 scripsit,
1532 2767 1694 2802 Lainium
1730 2768 1767 2802 in
1801 2779 1844 2803 ea
1878 2779 1958 2804 con-

193 2823 404 2866 gregatione
430 2834 562 2866 magna
588 2834 669 2857 cum
695 2823 800 2856 laude
827 2822 963 2857 dixisse
993 2821 1193 2867 (Epistolae
1219 2821 1258 2856 P.
1286 2822 1409 2856 Nadal
1434 2821 1460 2863 I,
1487 2821 1567 2863 388,
1592 2833 1627 2856 n.
1653 2821 1702 2865 2).

314 2877 327 2896 ³
351 2876 538 2910 Nicolaum
565 2876 750 2910 Lanoium.

313 2931 325 2949 ⁴
351 2928 417 2963 Die
443 2929 500 2963 23.
525 2929 741 2963 Novembris
770 2929 860 2963 1561
887 2928 924 2963 in
950 2927 1142 2972 collegium
1167 2927 1415 2971 germanicum
1449 2929 1632 2972 receptum
1668 2938 1748 2962 esse
1777 2926 1956 2970 „Christo-

192 2982 344 3027 phorum
362 2982 602 3027 Rastperger“
634 2980 917 3026 [brixinensemL
943 2981 979 3015 in
1006 2980 1255 3025 antiquissimo
1281 2980 1388 3014 huius
1415 2980 1593 3024 collegii*
1611 2981 1775 3024 Cataloqo
1792 2982 1956 3015 notatum

193 3037 250 3069 est
277 3034 378 3078 (cod.
405 3047 492 3070 rom.
524 3035 612 3078 „All.
641 3035 720 3070 coll.
750 3034 888 3070 Germ.“
920 3047 953 3080 p.
984 3035 1055 3078 16).

313 3089 326 3108 ⁵
351 3088 452 3130 Vide,
479 3100 571 3133 quae
597 3089 663 3123 sub
689 3089 805 3134 ipsam
830 3088 923 3123 hanc
949 3087 1142 3133 epistulam
1167 3086 1340 3121 dicentur.

313 3141 326 3161 θ
351 3141 390 3175 Ρ.
417 3141 541 3176 Ioanni
567 3141 610 3176 de
635 3142 808 3176 Victoria.
