2093 3444
563 180 731 225 Augusta
757 181 1027 216 Vindelicorum
1057 182 1109 216 10.
1137 181 1225 215 Maii
1254 181 1355 215 1561.
1765 184 1844 223 141

67 301 149 342 hac
185 299 444 342 Germanica
485 299 662 341 natione
704 299 943 350 uersantis,
987 299 1224 342 facultates
1267 298 1477 351 quasdam
1521 313 1576 340 ex
1617 299 1763 352 gratia
1805 301 1850 341 et

68 365 300 408 clementia
331 364 508 419 speciali
542 365 778 415 concessit,
822 365 1022 406 nimirum
1056 367 1105 407 ut
1141 363 1208 405 his
1249 363 1385 406 ueluti
1418 364 1647 418 praesidijs
1679 364 1846 414 muniti,

67 430 311 473 uberiorem
344 430 584 472 animarum
627 433 888 484 prouentum
921 430 977 472 ad
1018 444 1231 472 summam
1273 429 1428 470 summi
1462 429 1542 470 Dei
1575 429 1760 482 gloriam
1794 443 1849 471 ex

65 496 147 539 hac
179 496 275 550 ipsa
306 509 448 537 messe
483 495 748 537 commodius
781 496 1152 550 reportaren1us1.
1217 495 1444 537 Coeterum
1488 494 1568 536 hoc
1607 509 1736 536 unum
1772 495 1848 536 ad-

68 562 169 604 dere
202 562 353 612 liceat,
389 561 434 602 in
467 561 594 604 dictis
626 561 911 603 facultatibus
945 561 1097 603 deesse
1130 561 1358 610 nonnulla,
1403 560 1455 602 de
1489 560 1642 613 quibus
1676 560 1730 601 ad
1763 560 1848 601 Re-

68 627 303 670 uerendum
337 627 512 669 Patrem
547 626 851 681 Praepositum
885 630 1082 669 nostrum
1117 626 1375 668 Generalem
1409 625 1679 680 scripsimus,
1714 628 1762 667 ut
1795 626 1849 667 ad

66 693 307 736 tollendum
341 706 510 734 omnem
544 693 815 746 scrupulum,
852 695 1009 734 cuncta
1042 692 1165 733 nobis
1198 691 1510 746 explicatiora,
1552 693 1596 733 et
1627 691 1694 732 his
1727 691 1846 740 locis,

68 761 144 801 aut
175 758 320 813 potius
353 758 538 800 Christia
575 757 727 800 ouibus
770 758 832 799 ad
867 757 1161 799 Ecclesiae
1204 757 1703 799 aedificationem2
1746 771 1848 798 con-

67 823 340 866 uenientiora
363 826 522 866 essent.
568 823 711 873 Quare
733 823 942 865 maiorem
975 823 1018 864 in
1051 823 1238 873 modum,
1274 825 1318 864 et
1341 837 1426 876 qua
1450 822 1575 865 decet
1601 822 1849 864 reuerentia

68 889 260 932 maxima
302 903 532 944 precamur
572 888 810 943 supplices,
855 891 904 930 ut
946 888 1159 930 sanctitas
1197 891 1348 930 vestra
1390 888 1526 929 eidem
1562 888 1683 930 Patri
1717 888 1849 929 Prae-

68 955 210 1010 posito
245 969 420 997 causam
445 957 638 997 nostram
675 954 823 1008 agenti
856 954 1008 996 faciles
1032 953 1099 1007 (ut
1132 953 1262 1007 solet)
1287 968 1414 996 aures
1448 954 1670 1007 praebeat,
1704 952 1850 994 nobis-

69 1035 152 1074 que
194 1021 246 1062 de
288 1020 586 1075 spiritualibus
626 1019 872 1062 huiusmodi
911 1020 1114 1074 subsidijs
1159 1020 1214 1061 ad
1258 1020 1444 1062 salutem
1488 1018 1730 1061 animarum
1774 1033 1850 1072 op-

68 1086 267 1141 portunis
313 1086 543 1141 prouidere
591 1100 669 1140 pro
715 1099 793 1127 sua
839 1086 1011 1138 quidem
1056 1084 1380 1136 laudatissima,
1433 1087 1475 1127 et
1523 1098 1629 1138 erga
1675 1087 1850 1126 nostros

68 1152 410 1206 propensissima
441 1152 608 1206 pietate
642 1151 859 1205 dignetur.

188 1223 397 1277 Quicquid
432 1226 578 1266 autem
613 1223 696 1266 erit
719 1222 928 1277 beneficij,
964 1223 1077 1276 quod
1110 1222 1153 1264 in
1183 1236 1262 1264 nos
1285 1222 1492 1264 collatum
1515 1220 1661 1271 fuerit,
1696 1221 1739 1262 id
1771 1235 1849 1263 nos

69 1289 124 1331 ad
157 1290 294 1331 solam
318 1289 395 1331 Dei
422 1288 521 1343 Opt.
545 1288 727 1330 Maximi
762 1288 959 1342 gloriam,
995 1290 1038 1330 et
1062 1288 1115 1330 ad
1139 1287 1366 1342 spirituale
1398 1287 1565 1329 lucrum
1593 1286 1847 1338 animarum,

70 1358 278 1408 quantum
304 1354 384 1397 Dei
416 1354 589 1397 bonitas
621 1354 745 1396 nobis
779 1354 1019 1405 donauerit,
1055 1354 1207 1407 gratis,
1242 1368 1293 1395 ac
1316 1367 1511 1407 syncere,
1546 1355 1594 1394 ut
1626 1351 1850 1394 societatis

69 1423 247 1463 nostrae
288 1420 537 1463 institutum
583 1420 742 1474 exigit,
791 1419 1076 1462 conferemus.
1150 1420 1406 1469 Precamur,
1453 1432 1711 1472 semperque
1752 1431 1850 1471 pre-

70 1486 264 1528 cabimur
305 1500 330 1528 a
362 1487 454 1528 Deo
489 1486 588 1541 Opt.
623 1485 819 1528 Maximo
858 1485 1069 1539 gratiam,
1113 1487 1162 1528 ut
1203 1499 1255 1526 ea
1297 1484 1404 1526 duce
1446 1483 1658 1526 sanctitas
1700 1485 1851 1525 vestra

71 1551 365 1594 concreditum
399 1551 480 1594 sibi
512 1565 737 1605 gregem
771 1550 1095 1593 dominicum
1130 1550 1213 1592 rite
1245 1551 1491 1605 pascat3,
1529 1552 1573 1592 et
1605 1548 1850 1603 profligatis

70 1617 205 1659 semel
233 1617 439 1660 monstris
469 1632 683 1668 errorum,
724 1617 779 1659 ad
808 1620 986 1659 sanctae
1016 1616 1198 1659 unitatis
1228 1618 1505 1669 aeternaeque
1534 1614 1651 1657 uitae
1687 1628 1849 1669 pascua

70 1683 186 1725 laete
218 1683 442 1737 perducat.
506 1682 764 1737 Augustaeb
796 1683 850 1724 X⁰
883 1682 1000 1736 Maij.
1064 1682 1192 1724 Anno
1225 1682 1282 1724 M.
1318 1682 1368 1724 D.
1403 1680 1499 1722 in⁰

743 1771 963 1815 Beatitud.
1002 1771 1185 1813 Vestrae

1266 1859 1471 1901 Seruulus
1504 1858 1706 1911 indignus

1247 1947 1405 1989 Petrus
1439 1946 1635 1988 Canisius
1669 1946 1721 1988 de

1184 2036 1396 2078 societate
1428 2036 1536 2077 Jesv
1569 2035 1788 2079 sacerdos.

947 2134 974 2185 †

192 2218 454 2261 Beatissimo
486 2218 531 2260 in
564 2218 797 2260 CHRISTO
822 2216 942 2258 Patri
965 2216 1042 2258 Pio
1076 2215 1164 2269 111j⁰
1191 2215 1232 2258 S.
1256 2215 1481 2256 Romanae
1513 2214 1642 2265 sedis,
1677 2217 1722 2256 et
1753 2214 1849 2255 vni-

73 2284 257 2326 uersalis
289 2284 516 2326 Ecclesiae
549 2283 750 2326 Pontifici
781 2281 987 2324 Maximo.

194 2377 378 2412 Canisium
404 2377 470 2412 has
496 2377 639 2411 litteras
674 2387 743 2410 non
780 2375 825 2409 ad
852 2374 1058 2419 pontificem
1084 2374 1221 2419 ipsum,
1261 2374 1323 2408 sed
1361 2374 1405 2407 ad
1433 2372 1599 2407 Lainium
1625 2371 1767 2406 misisse
1803 2383 1849 2405 ex

73 2431 188 2476 ipsius
214 2430 370 2476 epistula
397 2431 521 2465 eodem
548 2430 604 2464 die
633 2429 688 2464 10.
715 2428 802 2463 Maii
831 2428 919 2462 1561
950 2427 993 2461 ad
1012 2427 1178 2461 Lainium
1205 2427 1290 2461 data
1316 2426 1559 2470 intellegitur;
1586 2425 1622 2459 in
1649 2437 1720 2470 qua
1748 2424 1850 2459 Cani-

73 2485 149 2519 sius
175 2484 353 2519 affirmat:
390 2483 548 2518 Litteras
574 2483 684 2518 hasce
711 2483 755 2516 ad
782 2481 987 2527 pontificem
1014 2481 1120 2515 datas
1151 2480 1239 2523 „sibi
1264 2492 1335 2515 non
1362 2480 1619 2519 satisfacere“;
1650 2479 1738 2521 „hoc
1763 2478 1849 2513 scri-

73 2538 179 2574 bendi
205 2549 320 2582 genus
346 2549 432 2572 suas
457 2537 555 2572 vires
583 2537 800 2576 excedere“;
842 2547 899 2578 „se
926 2534 1035 2569 etiam
1062 2538 1171 2579 atque
1198 2534 1306 2568 etiam
1333 2535 1496 2578 1·ogare“‚
1532 2535 1572 2567 ut
1596 2532 1740 2566 litterae
1766 2532 1849 2566 illae

79 2595 281 2634 „correctae
307 2603 349 2625 ac
375 2590 485 2625 etiam
511 2591 542 2625 si
567 2590 661 2624 forte
688 2601 776 2634 opus
803 2591 858 2623 est
882 2588 1098 2633 rescripta&
1130 2587 1291 2632 pontifici
1322 2587 1571 2629 „offerantur“.

193 2652 246 2685 Ac
271 2651 419 2685 Lainius
444 2651 501 2685 24.
528 2650 617 2684 Maii
645 2650 732 2684 1561
763 2649 795 2682 ei
832 2647 1039 2692 rescripsit,
1075 2647 1218 2681 litteras
1244 2647 1345 2688 illas,
1383 2647 1550 2691 quamvis
1576 2646 1690 2680 bonae
1717 2646 1848 2686 essent,

74 2704 240 2746 fortasse,
268 2706 462 2748 antequam
487 2703 647 2749 pontifici
673 2702 913 2743 traderentur,
949 2702 984 2735 in
1010 2700 1215 2735 breviorem
1240 2701 1393 2734 formam
1418 2700 1603 2734 redactum
1629 2698 1683 2732 iri.
1734 2697 1847 2740 Quam

74 2757 226 2792 formam
251 2757 456 2792 breviorem
481 2757 546 2792 Pio
572 2756 633 2791 IV.
661 2756 832 2790 traditam
860 2766 938 2789 esse
965 2766 1011 2788 ex
1037 2766 1077 2788 eo
1104 2754 1267 2789 conicere
1293 2753 1389 2795 licet,
1417 2753 1509 2798 quod
1536 2753 1604 2787 hae
1632 2751 1767 2786 canisii
1792 2751 1848 2785 lit-

73 2813 173 2845 terae
199 2810 420 2856 archetypae
446 2811 513 2846 sub
539 2811 657 2856 ipsum
684 2821 715 2843 a.
745 2809 855 2850 1860,
891 2819 961 2852 quo
986 2809 1102 2842 Boero
1137 2818 1199 2842 eas
1224 2806 1517 2841 transcribendas
1544 2805 1702 2847 curavit,
1739 2816 1848 2850 penes

76 2863 198 2899 Socios
224 2866 336 2899 erant.

193 3029 208 3043 ἃ
236 3023 295 3056 Sic
320 3023 398 3056 AB
406 3035 420 3064 ;
448 3022 483 3056 S.
511 3032 576 3055 om.
605 3019 750 3054 Christi.
849 3019 864 3039 b
889 3019 1054 3061 Agustae
1081 3019 1125 3052 A.

199 3180 209 3200 ¹
235 3179 280 3214 V.
307 3190 416 3224 supra
441 3190 475 3224 p.
503 3176 653 3212 69—70.
754 3176 767 3197 ²
796 3177 810 3210 1
842 3175 920 3211 Cor.
949 3176 1003 3217 14,
1033 3175 1086 3209 12.
1187 3176 1199 3195 ³
1228 3175 1245 3208 1
1273 3174 1370 3208 Petr.
1398 3174 1429 3215 5,
1458 3173 1488 3207 2.
