2093 3444
140 208 182 242 V.
212 207 380 242 Codices:
410 207 440 241 1.
468 209 612 251 august.
639 207 672 241 2.
700 206 812 241 colon.
841 207 872 241 3.
900 217 1041 241 cracov.
1068 207 1101 240 4.
1128 208 1276 251 eystett.
1303 207 1335 241 5.
1362 206 1513 251 friburg.
1540 208 1571 241 6.
1600 207 1698 251 goth.
1768 223 1846 251 LIX

72 325 185 368 heim
204 326 245 368 S.
264 325 376 379 J.?):
406 324 632 375 „Continet
654 325 734 368 hoc
748 325 962 367 Volumen
981 341 1228 381 αυτογραᾳα
1245 325 1727 368 Praestantissimorum
1749 328 1845 368 tota

71 391 248 445 Europa
270 390 480 433 Doctrina
513 392 557 432 et
579 390 744 433 virtute
761 390 964 432 Virorum
999 390 1069 444 qui
1103 404 1200 432 cum
1223 390 1380 433 Rhetio
1404 390 1714 433 Commercium
1741 391 1844 445 Epi-

71 456 283 498 stolarum
314 455 572 498 habuerunt.
636 455 800 498 Rarum
833 469 941 510 opus
983 458 1028 498 et
1059 454 1281 498 Historiae
1313 455 1556 498 litterariae
1589 455 1715 509 hujus
1748 470 1844 498 sae-

72 521 155 563 culi
176 520 466 576 perficiendae
490 520 939 575 opportunissimum.“
997 520 1062 569 20;
1097 521 1139 562 ff.
1165 522 1272 571 356;
1307 520 1406 562 olim
1431 520 1631 562 foliorum
1654 521 1842 574 signatio

70 589 241 629 tantum
275 599 411 639 usque
443 586 497 627 ad
530 600 594 628 nr.
631 587 714 628 170
746 586 958 640 perducta
990 599 1129 639 neque
1163 588 1281 628 certo
1315 585 1464 627 ordine
1496 585 1616 628 facta
1648 588 1757 629 erat.

189 651 391 694 Continet
423 650 633 705 epistulas
665 651 929 705 archetypas
962 651 1017 693 ad
1040 651 1085 693 P.
1110 651 1317 693 Ioannem
1340 650 1544 693 Rethium
1576 651 1616 694 S.
1640 651 1680 694 J.
1715 651 1842 694 datas

71 730 97 758 a
129 716 267 759 Beato
300 717 431 759 Petro
464 715 656 767 Canisio‚
702 715 904 758 Gabriele
945 716 1167 758 cardinale
1198 716 1422 767 Paleotto‚
1465 716 1702 759 Benedicto
1734 716 1842 759 Aria

70 781 291 833 Montano,
325 781 553 823 Edmundo
576 780 780 835 Augerio‚
817 781 1012 836 Gaspare
1035 781 1220 823 Cardillo
1244 781 1536 836 Villalpando‚
1570 781 1700 824 Petro
1731 782 1840 825 Maf-

69 846 168 898 feio,
202 847 429 889 Leonardo
462 847 642 888 Rubeno
675 849 758 888 etc.
813 846 974 895 Quibus
1006 846 1122 888 haud
1153 861 1294 901 pauca
1325 846 1472 889 Rethii
1503 846 1637 901 ipsius
1670 847 1840 898 iudicia,

69 912 295 966 epistulae,
320 911 617 955 commentarii
640 914 722 954 etc.
746 913 790 954 et
812 911 950 954 multa
972 911 1059 954 alia
1082 914 1362 954 monumenta
1385 912 1440 954 ad
1462 911 1602 954 Rheni
1624 912 1840 955 inferioris

67 977 293 1021 historiam
317 992 413 1020 cum
434 977 683 1031 religiosam
709 979 803 1019 tum
826 977 1133 1019 scholasticam
1155 977 1422 1032 pertinentia
1445 976 1501 1030 (a.
1530 978 1789 1020 1553—157
1796 978 1840 1031 4)

67 1042 233 1089 inserta
265 1046 379 1093 sunt,
413 1042 527 1085 inter
559 1056 669 1096 quae
701 1042 864 1084 multae
897 1042 1088 1084 eminent
1120 1042 1295 1085 litterae
1325 1057 1364 1086 a.
1391 1044 1504 1085 1570
1527 1056 1554 1084 a
1576 1043 1840 1085 Coloniensi-

68 1107 147 1150 bus
188 1108 242 1150 ad
284 1108 435 1150 ducem
468 1108 607 1150 Albae
649 1110 693 1151 et
733 1108 787 1149 ab
819 1107 900 1149 hoc
934 1108 988 1150 ad
1020 1107 1118 1149 illos
1152 1108 1294 1151 datae.
1359 1107 1516 1150 Omnia
1549 1108 1697 1151 ordine
1729 1111 1840 1151 tem-

67 1187 220 1227 porum
253 1173 425 1227 digesta
456 1176 570 1216 sunt.
619 1172 855 1216 Antecedit
887 1173 1187 1228 apographum
1211 1173 1425 1228 epistulae
1447 1174 1501 1215 ab
1524 1172 1708 1216 Erasmo
1732 1173 1839 1217 Rot-

66 1239 291 1281 terodamo
323 1238 498 1281 Basilea
532 1240 569 1283 1.
605 1238 805 1281 Octobris
841 1239 953 1280 1528
993 1239 1048 1280 ad
1080 1238 1285 1281 Ioannem
1318 1239 1547 1291 Rethium,
1591 1242 1838 1282 senatorem

68 1304 356 1346 coloniensem
390 1307 435 1347 et
465 1304 512 1347 P.
547 1304 722 1346 Ioannis
755 1303 902 1347 Rethii
935 1304 976 1347 S.
1010 1304 1051 1347 J.
1085 1307 1269 1358 patrem,
1304 1304 1447 1347 datae.

185 1395 307 1431 Codex
332 1408 446 1441 usque
472 1396 516 1431 ad
540 1407 570 1431 a.
592 1396 693 1437 1773,
721 1407 790 1440 quo
809 1395 968 1430 Societas
994 1396 1076 1430 Iesu
1103 1407 1124 1430 a
1143 1396 1326 1430 Clemente
1345 1395 1440 1430 XIV.
1468 1396 1649 1431 exstincta
1675 1398 1740 1438 est,
1768 1396 1836 1430 col-

65 1449 150 1493 legii
179 1449 212 1484 S.
240 1450 272 1485 J.
300 1450 514 1484 coloniensis
540 1449 620 1484 fuit.
662 1451 737 1484 JOS.
764 1450 911 1483 Hansen
937 1448 973 1482 in
999 1449 1090 1483 libro
1120 1448 1358 1491 „Rheinische
1384 1449 1505 1484 Akten
1532 1461 1594 1483 zur
1621 1449 1837 1484 Geschichte

66 1503 129 1537 des
149 1503 445 1538 Jesuitenordens
465 1503 718 1538 lam—1582*
745 1502 987 1547 (Bonn1896)
1018 1503 1176 1537 codicem
1203 1502 1394 1548 descripsit
1421 1503 1470 1548 (p.
1489 1503 1628 1546 xxvm)
1658 1514 1837 1548 saepeque

67 1568 107 1591 eo
132 1568 221 1591 usus
247 1558 313 1591 est.
352 1557 493 1591 Erasmi
520 1556 712 1602 epistulam
739 1568 783 1590 ex
810 1556 934 1590 eodem
960 1556 1058 1601 typis
1082 1556 1353 1601 exscripserunt
1370 1558 1415 1591 K.
1436 1561 1466 1590 et
1483 1558 1534 1590 W.
1552 1557 1690 1600 Krafft,
1717 1556 1836 1590 Briefe

65 1610 137 1645 und
163 1609 385 1645 Documente
411 1622 477 1645 aus
502 1610 565 1645 der
590 1610 667 1644 Zeit
692 1610 754 1644 der
780 1609 1027 1644 Reformation
1057 1609 1255 1653 (Elberfeld
1282 1621 1310 1644 s.
1338 1614 1385 1652 a.)
1415 1622 1447 1654 p.
1478 1610 1673 1645 164—165.

646 1732 687 1778 3.
729 1732 886 1776 Codex
920 1733 1253 1776 cracoviensis.

184 1832 419 1875 Cracoviae
450 1832 494 1874 in
525 1832 787 1875 bibliotheca
819 1831 1117 1874 universitatis
1150 1831 1448 1886 iagellonicae.

185 1903 404 1957 „Cromeri
438 1903 611 1960 epistt.“
674 1903 931 1958 Descriptus
963 1903 1007 1944 in
1040 1903 1124 1946 vol.
1158 1903 1190 1955 I,
1224 1917 1323 1958 pag.
1359 1917 1569 1946 LIV—LV.

644 2030 690 2074 4.
735 2029 891 2074 Codex
925 2031 1248 2084 eystettensis.

183 2131 384 2186 Eystadii
416 2131 675 2186 (Eichstatt)
708 2131 751 2173 in
784 2131 961 2174 archivo
995 2131 1140 2174 curiae
1173 2131 1443 2186 episcopalis.

184 2203 322 2256 „Hist.
359 2202 455 2246 coll.
488 2202 612 2258 Ing.“
675 2202 931 2257 Descriptus
962 2202 1006 2244 in
1038 2203 1123 2245 vol.
1157 2202 1211 2253 II,
1245 2217 1344 2257 pag.
1380 2217 1437 2245 LI.

640 2332 682 2377 5.
725 2332 883 2375 Codex
915 2331 1255 2385 friburgensis.

182 2433 382 2488 Friburgi
413 2433 714 2477 Helvetiorum
746 2432 790 2475 in
831 2432 1094 2475 bibliotheca
1134 2431 1397 2486 reipublicae
1435 2435 1478 2475 et
1519 2431 1829 2475 universitatis.

184 2504 319 2558 „Hist.
355 2504 451 2548 coll.
483 2504 625 2560 Aug.“
688 2503 943 2558 Descriptus
975 2503 1019 2546 in
1050 2504 1135 2547 vol.
1169 2503 1222 2555 ΙΙ,
1256 2517 1356 2558 pag.
1389 2517 1575 2546 LI—LII.

683 2630 726 2673 6.
771 2629 929 2674 Codex
961 2629 1216 2684 gothanus.

183 2732 353 2775 Gothae
384 2731 428 2773 in
458 2731 721 2774 bibliotheca
750 2731 905 2773 ducum
937 2730 1373 2784 saxo-gothanorum.

183 2801 256 2856 „E
278 2802 327 2845 H.
351 2800 417 2844 2.“
432 2803 447 2830 1
487 2801 716 2856 Inscriptio
739 2815 890 2843 recens
912 2801 956 2843 in
979 2802 1128 2843 dorso:
1168 2800 1503 2851 „Commercium
1528 2800 1797 2854 epistolicam
1824 2798 1826 2855 j

63 2867 183 2911 Stan.
207 2867 331 2910 Hosii
351 2865 354 2923 l
375 2868 499 2910 Card.
527 2864 529 2906 Ι
555 2867 634 2911 ΙΙ.“
672 2866 908 2921 Signatura
930 2880 1104 2909 recens:
1145 2866 1246 2916 „Nn
1272 2867 1394 2908 382.“
1436 2866 1503 2916 20;
1527 2867 1570 2908 ff.
1594 2865 1703 2919 sign.
1732 2866 1828 2916 187,

63 2947 114 2975 ac
145 2936 377 2988 praeterea
407 2932 452 2975 in
480 2932 602 2974 initio
626 2933 667 2975 ff.
692 2933 719 2973 4
742 2946 827 2974 non
849 2931 959 2985 sign.
984 2931 1046 2984 (in
1072 2934 1110 2974 3.
1135 2934 1180 2974 et
1202 2933 1242 2974 4.
1266 2930 1477 2973 indiculus
1501 2929 1829 2983 chronologicus

62 2997 378 3053 epistularum),
412 3001 457 3041 et
481 2998 525 3040 in
547 3000 744 3040 extremo
769 2997 915 3039 codice
938 2997 1161 3051 complura
1181 2996 1224 3039 ff.
1248 3010 1333 3038 non
1357 2995 1481 3049 sign,
1515 3009 1651 3049 eaque
1673 3008 1825 3037 vacua.

185 3143 194 3163 ¹
221 3142 261 3176 P.
289 3141 357 3177 319
383 3153 479 3176 vers.
506 3142 526 3176 6
554 3142 590 3175 et
615 3152 648 3186 p.
676 3140 745 3175 324
771 3151 864 3174 vers.
892 3140 937 3174 29
971 3151 1035 3184 pro
1066 3138 1124 3180 ,Ε.
1152 3138 1196 3173 Η.
1224 3139 1276 3173 2.“
1311 3138 1501 3182 legendum
1538 3140 1593 3172 est
1624 3137 1682 3180 7Ε.
1709 3138 1753 3172 H.
1783 3139 1821 3172 1“

66 3196 127 3237 (Ξ
153 3194 237 3230 Cod.
269 3195 350 3238 „Nn
377 3195 463 3230 381“
495 3194 633 3229 ducalis
659 3192 897 3228 bibliothecae
924 3193 1132 3237 gothanae).
