2093 3444
208 178 294 219 304
376 175 455 210 632.
492 174 671 210 Henricus
695 175 893 221 Dionysius
921 174 1075 210 canisio.
1119 175 1266 210 Colonia
1292 177 1359 211 sub
1386 177 1442 211 26.
1469 176 1686 212 Novembris
1714 178 1816 213 1561.

327 293 625 347 Expectamus
670 293 832 347 aliquid
877 293 985 335 certi
1029 293 1172 347 nuncij
1218 293 1271 335 de
1314 296 1500 336 uenturo
1544 295 1773 338 uisitatore
1812 295 1904 338 siue
1946 297 1984 339 is

206 358 489 400 Reuerendus
521 358 655 401 Pater
688 358 927 409 Generalis,
961 358 1054 400 siue
1086 358 1132 400 P.
1167 358 1343 401 Natalis
1374 359 1547 402 futurus
1580 360 1650 404 sit.

326 423 408 466 Est
447 423 516 465 hic
560 423 733 477 quidam
775 423 1072 477 Jureperitus,
1119 423 1192 477 qui
1236 423 1355 478 cupit
1398 425 1567 467 filiuml
1607 440 1721 468 nunc
1762 426 1983 469 Bononiae

206 491 456 531 uersantem
496 489 540 530 in
574 489 830 531 Germanico
872 488 1001 531 isthic
1044 488 1227 541 collegio
1269 489 1325 531 ali
1359 489 1448 531 suis
1486 492 1741 545 sumptibus.
1805 492 1983 541 Quaerit
2048 504 2051 528 ῑ

205 553 340 607 igitur
373 556 581 607 quantum
623 556 875 596 numeretur
915 554 959 595 in
1001 554 1194 607 singulos
1235 569 1407 597 menses
1447 570 1525 610 pro
1558 556 1813 611 sumptibus.
1878 557 1982 599 Cum

205 618 319 661 idem
353 619 410 662 sit
449 621 600 661 noster
632 620 796 661 amicus
829 622 874 661 et
904 620 1014 661 bene
1053 619 1312 671 catholicus,
1356 620 1408 663 R.
1442 621 1490 663 T.
1525 636 1623 671 oro,
1665 624 1714 664 ut
1752 622 1815 664 illi
1847 622 1981 675 grati·

205 685 383 727 ficemur
415 687 459 727 et
490 684 625 726 filium
661 684 889 726 Germanis
923 684 1222 736 adiungamus.

326 749 685 792 Commendamus
718 764 796 791 nos
830 764 958 802 quam
990 749 1082 791 fieri
1114 749 1305 792 maxime
1336 753 1503 805 potest,
1545 751 1769 806 sacrificijs
1801 766 1852 794 ac
1882 765 1981 806 pre·
2036 802 2039 803 ⁷

207 814 326 857 cibus
359 816 409 857 R.
445 815 491 857 T.
525 815 569 856 in
602 815 772 858 Christo
800 815 984 857 Domino
1017 817 1179 866 nostro,
1215 815 1286 869 qui
1319 817 1508 870 gratiam
1542 816 1665 859 nobis
1697 831 1821 860 suam
1853 831 1981 872 prae-

206 880 358 923 sertim
390 880 590 934 sequenti
622 880 735 922 sacri
762 880 990 923 Aduentus
1022 883 1218 934 tempore
1251 881 1465 935 largiatur
1479 888 1503 924 ³.
1549 882 1779 936 Augustae
1811 885 1866 924 22
1889 882 1980 925 No-

207 946 397 988 uembris
432 947 559 988 1561.

1159 1005 1319 1048 Seruus
1350 1006 1393 1048 in
1426 1007 1594 1050 Christo
1628 1007 1674 1050 P.
1709 1007 1918 1051 Canisius.

326 1101 354 1152 †
387 1101 439 1142 A]
483 1101 617 1143 molto
655 1100 910 1142 Reuerendo
952 1099 994 1141 in
1036 1100 1206 1142 Christo
1248 1101 1410 1150 Padre,
1454 1102 1487 1142 Il
1531 1102 1672 1144 Padre
1709 1102 1767 1145 M.
1800 1102 1979 1144 Jacomo

207 1165 381 1219 Laynez
414 1165 641 1220 Preposito
675 1165 886 1207 Generale
919 1165 1033 1207 della
1066 1165 1333 1220 Compagnia
1365 1167 1407 1208 di
1439 1166 1592 1211 JESV.

1677 1232 1735 1274 Jn
1767 1232 1918 1276 Roma.

329 1288 513 1323 Salmeron
540 1289 725 1334 rescripsit
751 1289 781 1323 6.
810 1288 1018 1323 Decembris
1046 1289 1146 1323 1561.

1029 1418 1160 1460 (332.

545 1508 605 1550 P.
639 1506 1009 1551 HENRICUS
1042 1508 1443 1552 DIONYSIIJS
1478 1509 1534 1551 S.
1568 1509 1644 1562 J„

590 1589 888 1635 metropolitanae
915 1590 1090 1624 ecclesiae
1117 1590 1335 1625 coloniensis
1361 1591 1598 1633 contionator,

955 1673 1229 1721 CANISIO.

753 1781 901 1818 Colonia
927 1782 992 1818 sub
1020 1782 1076 1818 26.
1103 1781 1318 1818 Novembris
1346 1781 1431 1817 1561.

325 1864 380 1899 Ex
407 1866 613 1910 apographo
636 1865 839 1900 litterarum
858 1866 1024 1906 Kesselii,
1051 1866 1095 1900 ab
1122 1866 1199 1911 ipso
1217 1867 1374 1900 Kesselio
1401 1866 1545 1911 scripto.
1587 1865 1672 1900 Cod.
1694 1866 1806 1902 colon.
1830 1867 1974 1909 „Kess.“

206 1918 242 1952 in
269 1929 300 1953 a.
331 1919 417 1953 1561
447 1920 471 1953 f.
497 1919 575 1954 40³.

326 1996 371 2029 Se
404 1997 451 2028 acl
476 1997 623 2030 Eric-mn
660 1998 780 2031 (lucem
807 1998 1082 2031 brnnscicensem
1116 1998 1241 2041 populi?
1275 1999 1322 2030 scd
1356 1998 1531 2031 ecclesiam
1562 1998 1755 2031 reducendi
1789 2002 1818 2031 et
1844 1999 1979 2042 colleqii

205 2050 415 2083 instituendi
436 2051 557 2093 qratia
585 2053 685 2084 mitti.

326 2140 374 2182 P.
416 2139 673 2182 Leonem-dus
718 2141 865 2183 Kessel
907 2142 949 2184 S.
988 2142 1046 2195 J.,
1096 2143 1254 2197 cclleqe'i
1300 2143 1547 2184 coloniensis
1592 2147 1750 2196 rector,
1806 2142 1978 2184 Colonia

208 2206 292 2256 „526
325 2205 589 2247 nouembris“
616 2208 728 2248 1561
771 2208 853 2257 „(ch
879 2222 923 2262 p.
956 2206 1289 2262 p›·cm'72cialem“
1320 2209 1564 2263 provinciae
1585 2208 1629 2250 S.
1652 2208 1695 2250 J.
1720 2208 1978 2249 Germaniae

205 2269 425 2323 inferioris
457 2270 749 2322 (Ererardmn
773 2273 1117 2325 Marem-ianam)
1150 2273 1263 2326 haec,
1290 2277 1466 2328 praeter
1499 2274 1600 2326 alia,
1634 2274 1828 2328 scripsit:
1864 2272 1977 2325 „Ab-

203 2335 318 2376 unde
349 2338 453 2377 satis
478 2342 582 2391 puto
614 2337 668 2379 D.
703 2338 982 2379 Francisczcm
1017 2338 1229 2379 Costerum
1272 2339 1331 2379 (ch
1362 2339 1414 2380 R.
1449 2339 1493 2380 Γ.
1528 2339 1670 2380 omnia
1705 2338 1975 2393 perscribere,

205 2405 239 2440 et
270 2400 327 2442 D.
361 2401 596 2442 Hen·›·ic1mi
637 2400 943 2457 [Dionysium]
986 2404 1044 2444 acl
1082 2418 1124 2458 p.
1166 2403 1387 2445 Canisium
1427 2417 1535 2458 quae
1575 2403 1801 2445 scribenda
1842 2407 1974 2456 erant,

202 2466 262 2507 sic
293 2466 367 2506 illa
403 2480 484 2507 non
518 2472 666 2521 repeto,
699 2467 774 2509 sed
805 2469 1008 2509 mittimus
1040 2469 1307 2522 Mccquntinis
1334 2467 1533 2524 patribus
1567 2470 1623 2509 10
1651 2467 1793 2524 pileab
1824 2469 1976 2510 Sacer-

205 2530 405 2572 dotalia.“

322 2621 378 2655 Ex
397 2621 531 2656 Canisii
556 2622 690 2657 litteris
715 2623 748 2657 4.
767 2621 976 2658 Decembris
997 2624 1085 2658 1561
1114 2623 1159 2658 ad
1177 2622 1329 2658 Hosium
1347 2623 1442 2657 datis
1461 2623 1623 2658 conicere
1640 2622 1736 2665 licet,
1761 2622 1975 2669 Dionysium

205 2673 364 2719 (praeter
390 2675 477 2719 alia)
506 2675 550 2710 ad
575 2675 757 2710 Canisium
785 2688 826 2710 ea
852 2677 1053 2722 scripsisse,
1079 2688 1171 2721 quae
1197 2676 1236 2711 P.
1257 2678 1435 2711 Hem-icus
1454 2677 1633 2711 Somalius
1658 2676 1693 2711 S.
1711 2676 1743 2711 J.
1769 2676 1805 2712 in
1832 2677 1975 2721 collegii

203 2727 418 2763 coloniensis
449 2728 602 2771 „litteris
628 2730 840 2764 menstrui&
872 2730 927 2765 31.
955 2729 1122 2765 Octobris
1149 2730 1238 2765 1561
1266 2730 1361 2764 datis
1386 2729 1549 2764 rettulit:
1582 2729 1729 2764 Ericum
1753 2729 1817 2772 IL,
1849 2730 1975 2764 ducem

202 2781 753 2827 brunsvico-calembergensem,
780 2795 801 2817 a
828 2783 958 2817 Ioanne
982 2783 1173 2819 Gebhardo
1200 2783 1243 2818 de
1260 2783 1451 2824 Mansfeld,
1478 2783 1745 2828 archiepiscopo
1771 2782 1974 2820 coloniensi,

202 2834 359 2879 aliquem
377 2835 437 2870 vel
454 2836 594 2880 aliquos
611 2836 746 2882 petisse
764 2837 873 2877 Vil'OS,
903 2848 1076 2881 „quorum
1102 2848 1210 2882 opera
1228 2838 1392 2871 uteretur
1416 2836 1454 2871 in
1471 2837 1642 2881 erigenda
1658 2836 1728 2871 fide
1753 2835 1949 2871 0311101101),α
1966 2849 1974 2877 ;

201 2888 458 2923 Mansfeldium
492 2889 605 2933 igitur
631 2889 751 2924 Socios
778 2889 1000 2925 colonienses
1024 2901 1192 2934 rogasse,
1228 2891 1270 2924 ut
1293 2889 1507 2935 Dionysium
1537 2889 1582 2924 ad
1608 2889 1751 2924 Ericum
1777 2889 1974 2930 mitterent,

320 3028 335 3043 ³
359 3022 537 3067 lorgiatur
562 3026 607 3058 Α.
705 3025 720 3045 ¹³
746 3024 834 3070 pilia
860 3026 906 3059 K.

323 3157 333 3176 ¹
361 3156 582 3191 Everardum
608 3156 710 3191 illum
739 3156 887 3200 (Vehlin
897 3156 933 3201 5²)
961 3157 1080 3191 dicere
1104 3156 1260 3198 videtur,
1291 3156 1334 3190 de
1361 3167 1430 3200 quo
1456 3166 1567 3200 supra
1592 3166 1627 3200 p.
1652 3154 1722 3190 206
1732 3156 1756 3189 ³.
