2093 3444
484 198 652 243 Augusta
677 198 948 232 Vindelicorum
975 199 1007 233 9.
1033 197 1219 232 Februarii
1249 198 1350 232 1562.
1719 200 1802 241 371

153 318 209 353 Ex
244 316 441 362 archetypo
477 315 670 361 epistulam
702 316 839 360 primus
872 314 1062 358 evulgavit
1091 314 1354 359 Cyprianus'l.
1382 326 1411 348 c.
1440 326 1471 358 p.
1500 314 1698 348 214—216.
1750 313 1806 347 Ex

31 384 103 418 quo
128 370 326 417 particulas
353 369 625 415 exscripserunt
651 370 967 413 Layomarsinsins,
994 368 1145 412 Pogiani
1172 367 1355 413 Epistolae
1382 367 1445 408 ΙΙΙ,
1475 367 1567 409 154ῑ,
1595 369 1632 401 et
1657 368 1805 411 Reusch,

33 426 147 461 Index
173 425 199 467 Ι,
227 425 323 459 329¹.
376 423 510 457 Eadem
537 422 693 468 epistula
718 433 806 456 usus
834 423 890 455 est
915 423 1016 455 Riess
1040 421 1063 456 1.
1091 433 1120 456 e.
1149 433 1181 466 p.
1210 421 1290 456 300.

0 544 1 547 Ἴ
159 502 308 541 Gaudet,
336 501 640 542 arclziepiscopmn
663 510 871 542 prayensem
897 500 1054 542 aliosque
1080 499 1127 531 ad
1154 500 1343 532 concilium
1369 498 1558 531 advenisse.
1612 498 1809 531 Conventus

0 554 1 558 ¹
32 557 212 591 ulmensis.
257 554 359 588 Nihil
395 554 508 587 bellici
542 554 713 586 taunucus
744 553 945 586 timendum.
986 553 1103 595 „La'gya
1123 550 1339 596 pctffl'ste‘caf‘
1382 552 1429 585 Ec
1456 552 1620 585 catholici
1646 556 1675 584 et
1701 551 1809 583 luthe-

35 610 125 644 rani
143 620 250 642 carne
266 619 331 651 per
349 607 663 650 Quadrayesimam
682 607 770 639 vesci
787 607 882 638 vetiti
900 616 969 639 ess-e
984 607 1166 648 feruntur.
1193 605 1393 639 Rauscheri
1411 605 1543 638 librum
1559 607 1650 648 „100
1668 605 1808 637 mencla-

34 665 176 697 ciorum
194 658 478 704 papisticorecm“
496 679 543 682 —
562 671 661 703 quem
689 661 761 702 iffae
787 670 802 691 e
828 663 988 701 sugmestzt
1017 660 1185 701 refutarit
1204 678 1247 681 ——
1267 663 1297 691 et
1320 656 1624 700 7700ωορδ-3ιόηεφη,ζ(
1644 658 1809 700 ὒθῖῃίεαηι

37 717 153 750 mittit.
197 715 402 758 Staphylus.
450 714 564 757 Optat,
590 718 628 746 ut
655 710 890 756 „Centuriaff
919 713 1132 754 'rescatentmn
1182 713 1319 755 Reliffio
1344 713 1385 745 in
1415 712 1611 746 Germania
1640 712 1811 753 inferiore

37 771 163 803 misere
187 770 300 810 iace&
327 768 407 801 noni
432 768 585 810 episcopi
605 767 652 799 ibe·
680 767 716 798 ἰιι
734 766 869 798 sedium
889 766 1142 808 possessionem
1160 766 1362 799 inducendi.
1404 765 1567 808 Theolofflss
1584 766 1810 798 lovanienses.

37 823 260 857 Facultatem
278 823 379 865 petit,
405 822 609 854 litterarum
626 820 803 861 stmliosis,
830 820 949 862 serris,
976 819 1117 852 ancillis·
1141 830 1286 852 ovorum
1310 820 1432 853 saltem
1460 830 1561 852 usum
1580 818 1812 862 permittendi

35 877 78 910 in
107 877 412 918 Quadrupesc'ma;
457 885 545 918 qnae
580 875 684 907 etlam
719 884 741 905 (ι
775 873 1016 905 sacerdotibus
1054 873 1258 916 ueste-(sitim
1313 873 1652 915 Confoederatorum
1693 872 1812 904 lands-

38 931 259 973 hemensium
295 933 481 962 conventus
518 927 747 962 monacensis.
805 926 991 959 Temmltus
1025 927 1064 959 in
1099 926 1260 959 Helvetia
1295 930 1325 959 et
1363 926 1498 960 Gallia.
1553 926 1740 959 Orationes
1773 925 1813 958 in

37 984 187 1018 concilio
214 983 363 1016 habitae.

254 1134 376 1176 Paxa
408 1132 567 1175 Christi
598 1131 821 1174 nobiscum
853 1130 1158 1174 Jllustrissime
1192 1131 1374 1173 Domine
1405 1131 1610 1173 Patrone.

162 1222 347 1265 Diuinae
378 1221 565 1264 bonitati
597 1221 766 1275 gratias
799 1220 990 1273 agimus,
1034 1234 1144 1273 quae
1176 1234 1218 1261 s:
1261 1219 1474 1273 synodum
1505 1219 1644 1261 indies
1678 1218 1817 1272 magis

40 1304 96 1332 ac
127 1289 268 1342 magis
301 1290 429 1330 ornat
460 1301 716 1341 magnorum
750 1286 969 1328 hominum
995 1285 1255 1336 accessione,
1288 1285 1403 1327 inter
1425 1299 1532 1338 quos
1564 1285 1681 1327 laete
1715 1298 1817 1326 con-

42 1355 307 1409 templamur
336 1352 761 1396 Reuerendissimum
784 1353 836 1394 D.
861 1351 1247 1406 Archiepiscopum
1269 1351 1536 1404 Pragensem
1553 1352 1579 1401 1,
1615 1350 1687 1403 qui
1711 1349 1818 1392 Ger-

42 1421 185 1463 manis
218 1420 389 1474 quidem
411 1418 638 1474 Episcopis
671 1421 715 1461 et
737 1417 1086 1471 Archiepiscopis
1114 1417 1305 1471 palmam
1336 1415 1588 1471 praeripuit,
1621 1430 1672 1458 ac
1704 1415 1819 1457 forte

43 1487 164 1529 solus
197 1500 253 1528 ex
285 1484 482 1527 omnibus
522 1484 609 1526 illis
642 1483 840 1527 accessit.
903 1483 969 1524 De
1011 1485 1230 1524 conventu
1262 1481 1458 1524 Vlmensi
1499 1496 1593 1523 cum
1633 1481 1820 1523 certiora

43 1565 291 1605 cognouero
324 1550 511 1592 scribam
525 1550 557 1593 2.
599 1549 656 1592 Jn
689 1562 820 1591 causa
852 1547 1074 1601 religionis
1106 1547 1213 1589 nihil
1243 1550 1459 1590 mutatum
1489 1550 1607 1600 puto,
1643 1549 1687 1588 et
1719 1560 1821 1587 con—

44 1618 221 1659 firmata
261 1617 472 1658 bonorum
514 1629 614 1669 spes
652 1617 740 1665 est,
785 1614 889 1655 nihil
930 1613 1053 1655 nobis
1094 1614 1175 1654 hoc
1216 1627 1329 1654 anno
1369 1612 1648 1654 metuendum
1681 1610 1822 1664 bellicj

45 1683 260 1725 tumultus
292 1682 337 1723 in
370 1681 616 1731 Germania,
652 1680 732 1722 etsi
760 1680 969 1721 Proceres
1003 1678 1177 1732 quidam
1198 1678 1433 1733 Lutheranj
1467 1692 1554 1720 non
1585 1676 1725 1731 dubijs
1756 1676 1822 1718 in-

46 1748 173 1802 dicijs
215 1747 501 1798 declararint,
547 1746 629 1788 sibi
668 1744 886 1800 uoluptati
927 1745 1042 1795 fore,
1083 1744 1284 1786 bellicam
1325 1743 1668 1798 expeditionem,
1712 1755 1823 1796 quae

47 1814 260 1856 aduersus
292 1813 426 1867 ligam
459 1811 526 1864 (ut
556 1811 640 1866 ipsi
671 1814 832 1853 uocant
854 1813 898 1853 et
930 1809 1166 1862 somniant)
1191 1808 1454 1864 Papisticam
1486 1808 1778 1862 susciperetur
1793 1808 1822 1850 3.

47 1880 265 1922 Constans
297 1893 444 1920 rumor
485 1880 553 1920 est
584 1892 744 1919 nouum
776 1876 864 1918 illic
897 1875 1086 1918 edictum
1124 1874 1334 1925 exiuisse,
1377 1874 1453 1917 utb
1487 1872 1549 1929 [P]
1584 1874 1750 1916 duobus
1781 1872 1825 1914 in

48 1944 322 1987 hebdomada
354 1943 503 1986 diebus
535 1945 771 1985 uescantur
813 1941 1013 1984 carnibus
1045 1940 1137 1983 siue
1169 1939 1380 1994 Catholicj
1418 1939 1509 1982 siue
1541 1939 1777 1993 Lutheranj
1794 1939 1824 1990 4,

49 2024 161 2064 quas
192 2024 332 2063 neque
363 2009 532 2064 publice
564 2008 753 2051 uendere
785 2008 929 2049 liceat.

172 2076 300 2118 Mitto
333 2089 446 2117 nunc
478 2074 658 2117 scurrile
700 2076 744 2116 et
776 2072 1076 2127 blasphemum
1112 2072 1322 2125 scriptum
1353 2069 1684 2124 Neuburgensis
1717 2069 1828 2111 Con-

52 2140 308 2190 cionatoriS,
353 2140 424 2194 qui
465 2140 593 2182 ualde
626 2140 884 2194 Staphylum
926 2138 1112 2179 honorat
1151 2136 1368 2191 petulanti
1409 2138 1454 2178 et
1493 2135 1663 2190 impura
1694 2135 1828 2177 Prae-

176 2303 190 2318 a
217 2298 293 2332 Hoc
318 2309 346 2332 v.
374 2301 404 2331 et
431 2299 451 2330 5
476 2308 549 2341 sqq.
576 2308 598 2330 a
628 2297 735 2340 Cypr.
763 2296 892 2330 omissa
917 2298 1009 2328 sunt.

176 2351 191 2371 b
219 2352 300 2391 Sim
324 2352 384 2385 sed
405 2351 591 2385 Canis-ium
616 2351 666 2384 vel
692 2351 731 2383 ut
758 2361 802 2382 ne
827 2349 878 2382 vel
903 2359 947 2381 ne
972 2348 1125 2381 scribere
1149 2347 1298 2381 voluisse
1322 2351 1432 2390 puto;
1457 2346 1534 2379 vide
1550 2346 1666 2389 infra,
1693 2346 1776 2378 adn.
1797 2346 1828 2378 4.

181 2498 192 2519 ¹
217 2497 414 2532 Antonium
444 2497 537 2531 Brus
572 2497 615 2531 de
641 2495 814 2539 Muglitz,
851 2495 906 2529 31.
934 2493 1090 2528 Ianuarii
1116 2493 1328 2527 Tridentum
1363 2492 1555 2527 advectum
1593 2491 1832 2537 (Ραῑῑαυίοἱηο

56 2551 81 2587 1.
108 2563 138 2587 ο.
165 2551 188 2585 l.
218 2551 272 2593 15,
299 2563 329 2586 c.
356 2550 431 2594 20).

180 2605 194 2625 ²
220 2605 364 2649 Imperii
393 2604 571 2647 „circulus
596 2602 783 2638 suebicus“
813 2613 859 2635 m.
887 2600 1053 2634 Ianuario
1080 2611 1111 2634 a.
1140 2599 1230 2634 1562
1257 2599 1386 2633 Ulmae
1413 2599 1632 2633 conventum
1657 2598 1835 2633 habuerat

60 2657 256 2703 (Hdberlz'n
282 2658 304 2692 l.
332 2670 361 2692 c.
389 2657 450 2700 IV,
476 2657 576 2700 454).

182 2712 195 2732 ³
222 2711 388 2746 canisius
422 2711 598 2756 imprimis
626 2708 923 2753 Christophorum
958 2710 994 2741 et
1019 2706 1280 2750 Wolfgangum
1317 2706 1426 2740 duces
1451 2705 1834 2748 wurttembergensem

58 2766 99 2799 et
132 2765 417 2808 neoburgensem
452 2764 658 2807 significare
692 2761 837 2796 videtur
865 2760 1008 2805 (Turba
1033 2759 1056 2795 l.
1083 2771 1112 2795 c.
1140 2759 1210 2801 III,
1237 2759 1317 2794 204.
1369 2759 1504 2803 Sickel,
1543 2757 1668 2791 Trient
1693 2770 1726 2802 p.
1754 2758 1834 2793 277.

63 2821 185 2863 Goetz,
212 2819 381 2862 Beitrage
406 2830 440 2863 p.
465 2818 533 2852 ‘235
544 2819 568 2852 3.
594 2816 694 2859 242).

183 2875 195 2893 ⁴
226 2873 349 2915 „Anno
389 2871 525 2906 Christi
562 2869 763 2905 MDLXIV.
802 2869 1040 2912 Augustanus
1078 2866 1234 2901 Senatus
1271 2865 1414 2911 publico
1452 2864 1569 2899 edicto
1606 2864 1836 2909 promulgato

60 2925 218 2961 inhibuit
243 2938 287 2960 ne
315 2926 413 2960 ciues
439 2924 565 2959 diebus
590 2923 743 2958 Veneris
770 2934 812 2956 ac
838 2922 1002 2963 Sabbati,
1029 2919 1138 2955 sicuti
1163 2920 1272 2954 etiam
1298 2931 1362 2964 per
1388 2918 1730 2961 Quadragesimam,
1761 2929 1837 2953 car-

63 2979 170 3014 nibus
195 2981 402 3013 vescantur.
452 2978 552 3012 Idem
578 2989 599 3011 a
625 2976 781 3011 statibus
809 2974 960 3009 Sueuiae
986 2974 1116 3009 Vlmae
1141 2976 1248 3008 antea
1284 2984 1424 3017 quoque
1464 2971 1714 3006 factitatum“:
1753 2972 1836 3005 Car.

64 3034 263 3077 Stenyelius
287 3032 310 3067 l.
339 3045 368 3067 c.
394 3044 428 3077 p.
456 3032 537 3066 307.
571 3030 613 3064 Id
639 3030 733 3074 quod
759 3040 779 3063 a
806 3028 933 3063 Suebis
965 3029 1129 3073 „propter
1155 3027 1261 3061 boum
1289 3028 1326 3060 et
1350 3025 1569 3069 reliquorum
1595 3026 1838 3059 armentorum

65 3086 314 3132 pecudumque
341 3085 543 3119 defectum“
573 3083 810 3117 constitutum
837 3093 917 3116 esse
943 3081 1102 3116 affirmat
1127 3081 1214 3114 Aah.
1240 3081 1348 3114 Pirm.
1371 3080 1514 3122 Gasser,
1540 3077 1702 3112 medicus
1727 3089 1838 3122 augu-

62 3141 194 3174 stanus
228 3139 332 3183 isque
366 3138 581 3172 lutheranus
616 3138 652 3170 et
690 3147 812 3170 eorum
849 3137 1052 3180 temporum
1089 3133 1252 3178 aequalis
1291 3131 1508 3178 („Annales“
1551 3131 1764 3174 augustani,
1803 3132 1840 3166 in

67 3192 293 3238 „Scriptores
319 3192 453 3226 Rerum
480 3189 810 3231 Germanica1·um“,
838 3189 892 3224 ed.
919 3190 949 3223 I.
975 3190 1016 3223 B.
1045 3189 1285 3231 Menckenius,
1312 3186 1328 3220 Ι
1355 3185 1511 3230 [Lipsiae
1540 3183 1656 3229 1728J,
1686 3183 1807 3230 1905).

1491 3242 1561 3276 24*
