2093 3444
317 183 396 217 684.
434 182 599 216 Canisius
625 182 808 227 Alphonso
836 182 1044 218 Salineroni.
1085 183 1283 228 Oeniponte
1310 183 1341 218 8.
1370 184 1456 218 Maii
1486 185 1585 219 1562.
1749 189 1834 229 43⁶5

65 301 189 336 multis
216 300 409 335 exstiterat
434 311 545 334 causa
570 301 791 345 perditionis,
819 313 1016 336 conversus
1043 313 1127 336 vero
1155 302 1218 335 Dei
1247 301 1375 345 gratia,
1403 304 1541 336 tantam
1569 304 1664 347 cepit
1691 305 1733 338 de
1763 305 1836 338 vita

66 354 263 401 praeterita
288 353 491 388 molestiam
519 355 556 387 et
580 356 768 399 tantopere
796 354 910 388 doluit
937 355 979 389 de
1006 355 1059 395 iis,
1089 367 1177 399 quos
1205 367 1225 389 a
1250 355 1319 389 fide
1348 355 1535 390 Catholica
1561 356 1771 399 abduxerat,
1799 362 1839 393 ut

64 408 213 443 tristitia
238 407 384 441 tandem
411 407 602 451 absorptus
629 407 813 441 cerebrum
841 408 995 442 laeserit.
1033 408 1191 442 Cernens
1218 420 1303 451 ergo
1326 408 1662 445 Reverendissimus
1689 411 1728 444 D.
1750 412 1835 447 Otto

65 461 264 496 Truxesius
291 459 491 494 Cardinalis
518 460 754 504 Augustanus
783 461 897 495 virum
926 462 1071 496 cerebro
1098 461 1277 496 debilitari
1304 463 1340 495 et
1366 462 1432 506 ipsi
1458 462 1644 497 imminere
1671 465 1835 500 delirium

67 514 240 559 (habebat
275 513 368 548 enim
405 525 486 547 eum
512 513 611 547 laute
646 514 682 547 in
717 526 782 548 sua
810 514 982 558 familia),
1019 515 1158 549 remisit
1189 515 1290 549 illum
1327 515 1363 548 in
1391 514 1638 557 Germaniam,
1678 519 1707 551 si
1743 519 1835 553 forte

65 568 218 603 mutatio
245 567 338 602 a'e‘ris
365 567 527 601 morbum
553 567 819 612 impendentem
838 570 990 609 curaret,
1018 580 1088 602 non
1115 568 1208 602 enim
1236 570 1313 602 erat
1340 569 1457 603 adhuc
1483 570 1667 604 cerebrum
1695 573 1834 607 omnino

65 621 260 662 turbatum.
311 620 421 654 Venit
459 621 489 654 is
527 619 722 654 Lauretum
761 633 841 654 cum
879 621 1011 655 litteris
1050 622 1256 666 patentibus
1295 622 1334 656 P.
1372 622 1619 667 Christophori
1657 624 1836 662 Madridii.

157 674 286 719 quibus
313 673 412 707 illum
440 673 542 708 nobis
575 674 848 708 commendabat
882 676 918 707 et
952 677 992 708 ut
1023 676 1058 708 in
1086 675 1245 719 Collegio
1272 675 1467 721 hospitium
1495 676 1653 711 haberet.
1705 678 1740 712 Is
1766 680 1837 713 fuit

66 728 110 762 ad
135 730 210 762 tres
238 728 313 761 dies
338 727 534 768 nobiscum,
562 728 624 761 sed
651 728 775 761 maiori
803 740 847 761 ex
866 730 967 772 parte
994 727 1155 762 intentus
1181 729 1333 762 orationi
1360 731 1396 762 et
1421 729 1645 764 meditationi
1672 731 1707 765 in
1733 743 1835 766 sacro

66 781 107 815 B.
126 781 289 824 Virginis
315 780 465 821 sacello,
491 781 585 814 unde
612 781 715 814 auxit
740 780 873 814 malum
900 792 1015 815 suum.
1068 781 1154 815 Cum
1184 782 1345 816 venisset
1369 782 1552 816 Anconam
1580 785 1616 817 et
1641 795 1834 819 conscensa

65 835 151 869 navi
175 834 360 869 traiiceret
378 833 562 873 Venetias,
590 834 709 868 subita
728 834 996 878 perturbatione
1023 835 1159 869 cerebri
1185 835 1354 880 percitus,
1381 836 1509 870 insiliit
1534 836 1568 870 in
1595 836 1712 882 ipsum
1737 850 1836 873 mare

67 892 103 922 et
127 888 259 923 misere
284 888 495 922 submersus
522 889 595 929 est,
631 899 697 921 nec
723 887 839 921 voluit
864 887 1023 932 arripere
1050 889 1191 932 funem,
1228 889 1287 932 qui
1315 889 1495 934 proiectus
1528 890 1572 924 ad
1600 902 1679 925 eum
1707 892 1836 933 fuerat,

66 945 105 976 ut
131 953 170 976 se
196 941 385 983 liberaret,
422 942 484 975 sed
512 943 632 986 spreto
660 940 874 975 adminiculo
909 953 948 975 se
974 942 1090 985 magis
1123 942 1378 985 immergebat,
1416 943 1537 983 salvo,
1573 947 1613 978 ut
1639 956 1835 990 speramus

65 995 206 1040 spiritu.
258 994 347 1036 Quia
383 994 650 1039 imaginabatur
678 994 860 1028 Christum
900 997 1045 1039 propter
1080 995 1228 1030 crimina
1265 996 1422 1030 admissa
1460 996 1527 1031 hoc
1562 1009 1676 1040 genus
1711 1001 1837 1034 mortis

65 1049 133 1083 sibi
160 1049 357 1094 imperare,
384 1048 489 1083 sicuti
518 1060 599 1082 cum
625 1059 663 1082 se
690 1047 725 1081 in
752 1059 850 1081 mare
877 1048 1066 1086 obiiceret,
1095 1049 1213 1093 palam
1241 1049 1412 1083 dicebat.“
1468 1050 1571 1084 Haud
1600 1054 1697 1085 recte
1725 1053 1836 1096 igitur

66 1105 142 1147 Iyn.
170 1103 342 1146 Agyricola,
369 1101 402 1136 S.
432 1102 463 1136 J.
495 1101 531 1145 (l.
560 1113 589 1135 c.
618 1102 642 1141 I,
669 1100 753 1135 Dec.
782 1102 821 1141 2,
858 1113 891 1135 n.
922 1101 1002 1143 100)
1033 1104 1067 1136 eft
1094 1103 1198 1137 Floss
1226 1103 1547 1145 (Kirchenlexikon
1574 1105 1608 1145 I,
1641 1106 1724 1149 1363)
1754 1119 1832 1141 eum

65 1156 101 1190 in
126 1156 344 1190 monasterio
371 1156 524 1199 quodam
553 1167 571 1188 e
598 1155 675 1189 vita
702 1155 900 1197 emigrasse
926 1156 1097 1189 scribunt.

886 1279 1017 1320 (384.

800 1371 1097 1419 CANISIUS

510 1477 606 1518 AL
614 1476 908 1519 PHGNSO
943 1476 1387 1528 SALMERONI,

622 1564 756 1598 vicario
782 1563 943 1607 generali
971 1564 1161 1598 Societatis
1187 1564 1279 1598 Iesu.

707 1650 907 1698 Oeniponte
933 1651 965 1686 8.
992 1650 1075 1686 Maii
1101 1650 1196 1687 1562.

185 1734 240 1768 Ex
258 1733 475 1779 apographo,
504 1734 596 1778 quod
615 1734 681 1768 sub
708 1746 739 1768 a.
761 1734 863 1774 1886,
891 1733 1067 1767 scribendi
1096 1736 1132 1768 et
1158 1734 1435 1778 interpungendi
1461 1735 1599 1769 ratione
1626 1736 1669 1769 ad
1693 1741 1836 1771 nostrae

66 1787 197 1822 aetatis
223 1799 358 1822 morem
386 1787 672 1828 accommodata,
708 1787 884 1832 exscripsi
920 1799 964 1821 ex
992 1786 1188 1832 archetypo
1215 1787 1338 1821 multis
1364 1787 1478 1822 modis
1506 1788 1622 1823 lacero
1650 1792 1685 1823 et
1711 1802 1836 1825 manco

68 1841 139 1885 (20;
167 1841 187 1875 3
206 1841 304 1886 pp.);
331 1841 425 1886 quod
443 1840 529 1875 mihi
549 1841 619 1874 iam
638 1843 782 1886 praesto
802 1852 870 1875 non
890 1844 954 1875 est.
993 1840 1160 1874 Canisius
1177 1852 1243 1874 sua
1262 1851 1368 1874 manu
1386 1853 1513 1875 nomen
1535 1842 1728 1885 („Servus“
1751 1846 1834 1887 ete.)

65 1895 298 1940 subscripsit,
334 1894 603 1940 inscriptionem
630 1895 768 1940 posuit,
805 1895 841 1928 in
866 1894 945 1939 ipsa
981 1893 1136 1938 epistula
1163 1894 1346 1939 complura
1372 1894 1520 1929 addidit.
1571 1895 1692 1930 Tertia
1718 1909 1835 1939 manu,

66 1960 179 1992 eaque
206 1949 364 1992 antiqua,
391 1948 427 1982 in
453 1960 486 1993 p.
506 1949 537 1982 4.
565 1950 728 1982 notatum
756 1950 830 1982 est:
862 1948 984 1990 „1562
1019 1946 1219 1992 Oeniponto
1238 1947 1353 1981 Padre
1373 1947 1515 1982 Canisio
1542 1949 1574 1983 8.
1602 1949 1635 1983 di
1654 1950 1831 1994 Maggio.“

184 2001 372 2047 Epistulae
399 2002 596 2046 particulas
623 2002 741 2047 posuit
770 2000 1005 2045 (germanice)
1036 2002 1150 2034 Kross
1175 2001 1197 2034 1.
1225 2013 1254 2035 c.
1281 2013 1314 2046 p.
1345 2001 1421 2036 148.

187 2085 371 2128 Oanisc‘us,
400 2085 599 2127 Auyccstam
624 2085 824 2127 rediturus,
852 2084 895 2116 ab
923 2084 1033 2116 Hosio
1058 2083 1237 2126 pontificis
1262 2084 1471 2116 auctoritate
1497 2088 1654 2118 (moratus
1679 2090 1727 2118 est
1756 2087 1836 2119 Tri-

65 2139 218 2172 dentum.
272 2139 358 2181 Quo,
386 2140 457 2171 νιὶεἰ
482 2139 596 2181 ipsius
621 2139 831 2171 admiserint
857 2139 1125 2178 eoecnsatessonem,
1145 2136 1402 2179 proficiscetur.
1454 2137 1577 2171 Preces
1596 2139 1695 2181 petit.
1741 2140 1837 2173 Socii

66 2193 223 2236 Prayam
249 2196 279 2225 et
306 2192 562 2234 Inyolstadassmn
588 2192 706 2235 missi,
741 2192 824 2224 inde
853 2191 1077 2234 Oeuipontem
1102 2191 1260 2233 venturi,
1297 2201 1339 2223 eoe
1366 2190 1473 2223 Italia
1499 2191 1594 2225 breve?
1619 2193 1733 2226 eodem
1758 2195 1836 2226 ‘mit-

65 2246 172 2279 tendi.
224 2245 344 2278 Socios
369 2246 521 2289 Romae,
548 2249 732 2288 antequam
761 2246 797 2277 in
830 2245 1062 2277 Germaniam
1088 2244 1292 2287 mittantur,
1328 2245 1365 2276 in
1394 2245 1547 2278 docendo
1574 2248 1730 2279 exerceri
1756 2258 1836 2280 eon-

67 2300 167 2333 venit.
210 2299 353 2342 Colleyii
379 2300 609 2342 oem'pontani
626 2299 787 2340 aedificia
816 2299 971 2330 illustria
982 2310 995 2339 ,·
1021 2297 1271 2330 commendatio
1291 2308 1361 2339 per
1387 2308 1563 2331 caesarem
1586 2299 1708 2341 faeth
1731 2301 1837 2342 favor

67 2353 340 2395 nvzaqistratuum
367 2362 622 2385 caesareormu.

935 2422 962 2472 †

308 2505 403 2548 Pax
435 2505 594 2547 Christi
625 2505 860 2555 nobiscum,
894 2503 1124 2545 admodum
1157 2503 1411 2546 Reverende
1442 2505 1587 2548 Pater.

186 2586 464 2642 Spe[rabam]
499 2587 626 2630 hodie
667 2587 838 2640 quidem
879 2586 963 2628 iter
998 2588 1247 2639 Augustam
1283 2587 1473 2640 ingredi,
1516 2587 1724 2631 confectis
1755 2589 1836 2632 hoc

65 2653 159 2695 loco
192 2653 378 2707 negotiis
418 2653 634 2696 foeliciter
675 2651 830 2702 satis&
875 2665 985 2704 quae
1017 2651 1072 2693 ad
1104 2651 1285 2702 fratres,
1330 2652 1524 2704 domum,
1567 2654 1759 2696 scholam
1793 2657 1837 2696 et

66 2721 331 2761 structuram
363 2721 577 2773 spectant.
641 2718 732 2759 Deo
766 2716 823 2758 sit
854 2717 949 2758 laus
982 2720 1026 2759 et
1057 2716 1210 2770 gloria.
1272 2717 1331 2759 Et
1364 2731 1464 2759 ecce
1497 2718 1649 2761 scribit
1680 2719 1735 2760 ad
1767 2734 1835 2761 me

66 2783 117 2826 D.
152 2783 413 2826 Couillonius
445 2783 706 2832 Trident01‚
749 2781 1092 2824 Illustrissimum
1127 2782 1177 2824 D.
1213 2782 1482 2824 Cardinalem
1516 2783 1833 2826 Warmiensem

185 2934 199 2948 ἢ
224 2930 246 2961 8
273 2940 319 2963 vv.
346 2940 418 2973 sqq.
446 2940 468 2962 α
497 2929 533 2962 C.
562 2930 599 2960 in
628 2938 739 2969 marq.
766 2927 923 2969 ascripta
948 2930 1042 2960 secm‘.

187 3063 198 3085 ¹
225 3065 399 3108 Knb'pfler
426 3062 465 3106 (l.
493 3074 522 3097 0.
549 3073 583 3106 p.
610 3061 670 3103 99)
699 3059 868 3101 affirmat,
903 3059 942 3094 P.
969 3059 1140 3094 Ioannem
1166 3060 1407 3095 Cuvilloniuni
1435 3060 1468 3095 S.
1497 3061 1530 3096 J.
1562 3063 1599 3095 et
1623 3060 1684 3096 Dr.
1711 3062 1832 3106 Augu-

66 3116 201 3151 stinum
219 3117 484 3160 Paumgartner
512 3115 617 3160 (quos
634 3113 806 3148 Albertus
823 3112 866 3147 V.
895 3113 968 3147 dux
994 3113 1037 3147 ad
1065 3113 1253 3148 concilium
1270 3113 1439 3155 miserat3
1467 3114 1550 3148 vide
1568 3126 1677 3160 supra
1694 3127 1727 3160 p.
1745 3116 1830 3157 408)

69 3169 124 3204 30.
150 3170 286 3216 Aprilis
311 3169 521 3204 Tridentum
547 3167 749 3202 advenisse.
785 3165 881 3208 Quos
912 3167 1072 3201 Torellus
1098 3167 1209 3201 Phoza
1237 3168 1268 3202 1.
1295 3167 1392 3208 Maii,
1420 3169 1600 3202 Antonius
1619 3170 1834 3204 Mz‘lledonne

137 3233 448 3264 Braunsberger,
468 3232 579 3258 Canisii
592 3231 749 3262 Epistulae
765 3231 796 3254 et
810 3230 893 3255 Acta.
912 3231 964 3255 ΙΙΙ.
1510 3229 1554 3260 28
