2093 3444
241 187 325 228 378
480 184 559 218 665.
596 182 800 217 Stanislaus
825 182 960 217 Hosius
987 182 1141 218 Canisio.
1180 183 1349 217 Tridento
1378 184 1431 218 10.
1459 183 1643 219 Februarii
1671 185 1772 220 1562.

239 317 334 344 cum
368 301 526 355 quiete,
560 303 605 343 et
635 301 955 354 tranquillitate
985 306 1181 342 sacruma
1203 301 1438 343 Concilium
1460 301 1576 344 istud
1600 302 1810 344 celebrari
1831 303 1970 357 possit
1983 305 2010 347 1.

239 367 358 417 Quae
383 366 640 409 Germanica
672 366 825 408 misisti
843 367 873 416 2,
908 365 1111 419 quoniam
1143 368 1275 408 antea
1306 366 1500 419 legeram
1531 366 1574 408 in
1606 366 1789 409 latinam
1819 368 2012 422 linguam

238 432 458 474 translata
497 446 610 473 nunc
650 432 797 484 legere
830 445 915 473 non
954 430 1091 473 libuit.
1156 431 1225 472 Ex
1257 431 1587 473 Lutheranismo
1628 446 1908 486 progressum
1948 433 2013 475 ui-

240 498 389 539 demus
421 497 476 540 ad
498 496 820 546 Caluinismum,
856 495 927 549 qui
957 496 1110 538 nobisb
1141 496 1361 550 pariturus
1383 496 1555 539 uidetur
1577 495 1862 541 Atheismum.
1907 498 2013 540 Cum

239 562 418 604 fuissem
451 563 494 604 in
528 563 627 604 aula
650 561 881 604 Caesaris3
913 561 1216 604 renunciatum
1249 564 1317 604 est
1339 561 1442 603 mihi
1475 562 1588 615 quod
1609 562 1817 605 Albertus
1840 562 2014 617 quidam

240 642 365 681 quem
397 628 461 670 ita
493 627 689 680 grauiter
722 630 946 680 oppugnat
978 626 1274 677 Heshusius4,
1317 641 1412 668 cum
1446 630 1599 669 contra
1632 627 1790 670 Christi
1822 628 2013 683 corporis

240 696 284 736 et
317 693 540 747 sanguinis
572 691 867 746 praesentiam
900 691 944 733 in
976 691 1280 734 Eucharistiae
1313 691 1594 734 Sacramento
1628 692 1672 734 in
1705 693 2012 736 Conuenticulo

239 758 576 800 Brunsuicensi5
608 758 746 799 multa
779 757 942 799 diceret
974 756 1016 798 in
1049 757 1160 798 hanc
1192 757 1368 799 tandem
1395 757 1708 811 blasphemiam
1730 759 2012 813 proruperit&

239 823 459 873 Quomodo
500 825 647 877 potest
687 822 731 863 in
768 822 1049 864 Sao-ramento
1090 822 1171 864 hoc
1213 822 1334 864 essed
1366 822 1549 864 Christi⁰
1591 836 1692 865 caro
1735 826 1780 865 et
1819 824 2012 877 sanguis,

239 903 335 930 cum
368 889 532 930 nullam
564 902 738 930 carnem
772 902 826 928 ex
859 887 998 929 Maria
1030 887 1210 940 Virgine
1241 887 1436 929 Christus
1469 888 1740 942 susceperit?
1783 889 1867 932 Sed
1899 889 2014 931 haud

238 953 368 996 aliter
400 956 531 1006 atque
566 953 637 995 Sol
669 966 747 1007 per
779 966 957 1005 aquam,
1000 952 1118 994 nullo
1151 966 1205 994 ex
1247 966 1299 994 ea
1339 953 1518 995 humore
1557 955 1805 1005 contracto,
1844 954 1910 1000 ,sic
1940 954 2014 996 ille

238 1033 317 1073 per
357 1022 528 1061 uterum
572 1017 752 1071 virginis
796 1017 1094 1071 pertransiuit.
1165 1018 1279 1060 Ecce
1327 1032 1529 1071 quorsum
1570 1019 1755 1061 tandem
1798 1033 1868 1061 res
1914 1033 2014 1074 pro-

238 1084 382 1127 uenits
402 1083 487 1139 [?]!
532 1083 732 1137 Negatur
765 1097 860 1125 esse
892 1097 1042 1124 uerum
1072 1097 1122 1125 eo
1155 1096 1285 1125 sensu
1325 1089 1434 1137 quog
1466 1082 1528 1138 [Ρ]
1562 1086 1629 1127 tot
1661 1084 1818 1126 seculis
1850 1084 2015 1139 recepit

239 1150 458 1200 Ecclesia,
502 1149 615 1202 quod
649 1148 844 1190 Christus
877 1148 1009 1198 dixit,
1045 1149 1157 1190 Hoc
1199 1151 1285 1191 est
1327 1163 1527 1203 corpus
1566 1163 1737 1191 meum
1753 1150 1782 1192 ⁶.
1846 1150 2012 1192 Eadem

239 1215 423 1257 audacia
454 1214 607 1268 negari
648 1216 793 1268 potest
827 1214 939 1267 quod
973 1213 1131 1256 Christi
1170 1214 1404 1268 discipulus
1438 1214 1569 1265 dixit,
1613 1215 1851 1257 Verbum
1884 1229 2012 1257 caro

238 1280 259 1322 f
270 1283 407 1322 actu
422 1295 464 1321 m
509 1279 646 1322 est7.
724 1279 766 1321 Si
810 1278 1069 1333 praesertim
1122 1278 1190 1321 fas
1243 1279 1326 1321 erit
1375 1279 1604 1333 unicuique
1656 1280 1699 1321 in
1747 1280 2014 1334 exponendis

238 1345 467 1398 Euangelij
511 1344 655 1386 uerbis
696 1358 721 1386 a
764 1344 978 1386 communi
1019 1358 1149 1386 sensu
1191 1347 1235 1386 et
1277 1358 1489 1386 consensu
1531 1344 1763 1388 discedere.
1828 1345 1887 1387 Et
1926 1345 2014 1388 iam

238 1410 319 1452 hoc
362 1410 528 1452 factum
573 1411 627 1452 ab
671 1410 853 1452 Alberto
899 1424 994 1451 cum
1039 1409 1234 1452 Viennae
1278 1409 1459 1451 fuissem
1504 1410 1648 1452 audiui
1692 1445 1700 1453 .
1743 1410 1850 1464 Legi
1894 1410 2013 1454 Petri

238 1475 447 1529 Martyris
470 1475 661 1517 libellum
695 1489 820 1528 quem
854 1489 991 1528 nuper
1017 1474 1120 1516 mihi
1152 1475 1351 1517 1111513118.
1395 1476 1452 1517 Jn
1476 1489 1526 1517 eo
1560 1475 1660 1516 dum
1694 1489 1822 1529 quam
1855 1475 2015 1518 asserit

238 1541 443 1582 Brentius
488 1540 775 1593 vbiquitatem
820 1539 979 1582 Christi
1023 1540 1237 1594 corpori&
1287 1543 1533 1594 oppugnat,
1581 1554 1691 1593 quae
1734 1542 1882 1583 tamen
1926 1555 2013 1583 uox

239 1605 470 1648 Catholicis
504 1608 570 1648 est
602 1605 766 1659 ignota,
801 1605 932 1648 audet
964 1609 1116 1660 aperte
1148 1619 1309 1659 negare
1343 1606 1456 1659 quod
1488 1619 1566 1660 per
1598 1606 1793 1647 clausum
1819 1605 2012 1660 Virginis

239 1674 410 1714 uterum
459 1671 654 1714 Christus
702 1670 977 1722 transiuerit,
1028 1671 1142 1724 quod
1189 1671 1334 1713 clauso
1383 1673 1661 1714 monumento
1708 1671 2009 1723 resurrexerit,

239 1737 438 1790 quodque
472 1736 767 1779 disertissimis
799 1736 944 1778 uerbis
977 1736 1184 1791 scriptum
1219 1739 1286 1778 est
1317 1736 1361 1778 in
1393 1735 1688 1790 Euangelio9,
1723 1750 1820 1778 eum
1853 1737 2012 1779 clausis

359 1876 373 1890 ³
398 1869 432 1904 S.
459 1871 501 1904 B.

359 1923 374 1944 b
400 1923 502 1957 vobis
528 1924 586 1957 ΒΟ.
642 1924 711 1965 Qui
745 1927 859 1956 tamen
896 1924 930 1955 ἱιι
968 1924 1096 1956 litteris
1121 1923 1227 1956 Hosii
1262 1923 1379 1955 eodem
1413 1923 1470 1955 dle
1500 1923 1548 1955 ad
1582 1923 1802 1955 cardinalmn
1833 1922 2009 1956 Estensem

242 1978 336 2011 datis
356 1980 501 2021 posuit:
528 1977 797 2021 „Caluinz'smus
822 1977 880 2009 Iee'c
906 1976 1007 2010 breui
1031 1976 1132 2009 nobis
1154 1977 1272 2019 pariet
1298 1973 1538 2009 Athez'smnnz“
1568 1977 1610 2017 (l.
1639 1987 1664 2009 c.
1686 1987 1726 2019 p.
1756 1976 1853 2017 194).

363 2037 374 2051 ⁰
399 2030 563 2075 prorupit
588 2031 646 2063 R0.
746 2030 761 2049 ‘¹
786 2031 906 2074 potest
933 2040 1012 2063 esse
1039 2028 1074 2062 in
1102 2028 1334 2063 Sacramento
1360 2027 1437 2069 hoc,
1463 2029 1522 2062 ΕΟ.

362 2090 373 2104 ⁰
399 2085 447 2117 ΕΟ
474 2095 539 2117 om.
568 2083 714 2117 Christi.
814 2083 824 2103 ¹⁴
848 2083 1012 2128 peruenit
1038 2084 1078 2117 B.
1178 2088 1191 2107 ἕ
1217 2093 1322 2126 quem
1348 2083 1448 2116 ΒΕ).

362 2211 371 2230 ¹
398 2210 492 2244 Brus
518 2211 554 2243 et
572 2209 823 2244 Drascovitius
842 2209 873 2244 6.
892 2209 1078 2243 Februarii
1098 2209 1188 2244 1562
1214 2209 1437 2243 sollemniter
1462 2209 1497 2243 in
1525 2210 1714 2244 concilium
1739 2209 1886 2244 admissi
1909 2212 2011 2244 erant

242 2263 479 2307 (Pallavicino
504 2262 527 2296 l.
555 2274 583 2297 0.
612 2263 633 2297 l.
665 2263 716 2303 15,
744 2274 774 2297 0.
801 2262 856 2304 20,
883 2274 917 2296 11.
944 2263 977 2296 4.
1021 2263 1072 2297 Le
1098 2263 1179 2296 Pzat
1205 2262 1227 2296 l.
1256 2274 1284 2297 c.
1311 2262 1354 2304 V,
1384 2262 1551 2306 18—22).

359 2317 372 2337 2
397 2315 555 2350 Libellos
581 2316 764 2360 quosdam,
793 2316 923 2360 quibus
950 2315 1193 2350 Calvinismus
1219 2316 1554 2357 eommendabatur3
1582 2316 1664 2351 vide
1689 2327 1798 2361 supra
1823 2327 1858 2361 p.
1885 2315 1963 2351 362.

360 2371 372 2390 ³
398 2369 532 2403 Hosius
566 2369 617 2403 ibi
651 2369 818 2403 nuntium
853 2369 1090 2414 apostolieum
1127 2369 1202 2413 egit
1233 2381 1254 2403 a
1280 2381 1324 2403 m.
1352 2369 1468 2414 Aprili
1495 2381 1526 2403 a.
1556 2369 1647 2404 1560
1679 2369 1723 2404 ad
1749 2381 1795 2404 m.
1821 2369 1951 2403 Iulium
1978 2381 2009 2404 a.

242 2423 332 2457 1562
361 2423 563 2467 (Steinherz
587 2423 610 2457 l.
638 2434 666 2457 0.
695 2435 728 2467 p.
755 2433 855 2457 XLIV.
883 2422 972 2466 cv1).

358 2478 371 2496 4
398 2475 486 2509 Cum
513 2475 685 2510 Albertus
712 2475 875 2517 Rizaeus,
903 2475 1012 2519 vulgo
1043 2475 1319 2519 „Hardenberg“
1353 2474 1633 2519 (1510—1574),
1660 2475 1862 2518 bollandus,
1890 2476 2009 2510 cathe-

239 2529 350 2563 dralis
377 2528 552 2563 ecclesiae
577 2529 777 2563 bremensis
804 2528 1028 2562 contionator
1054 2528 1297 2569 calvinianus,
1324 2539 1447 2562 veram
1474 2529 1633 2573 corporis
1660 2528 1793 2563 Christi
1819 2529 1855 2563 in
1881 2529 2009 2564 eueha-

238 2582 342 2617 ristia
376 2582 617 2627 praesentiam
652 2581 843 2616 admittere
877 2581 1005 2624 nollet,
1045 2593 1137 2616 anno
1175 2581 1266 2616 1560
1292 2581 1502 2616 Tilmannus
1527 2581 1731 2616 Heshusius
1759 2581 2006 2626 (Hesshusem

243 2634 493 2678 1527-1588)
522 2635 766 2678 Heidelberga
792 2635 959 2669 Bremam
985 2637 1133 2669 senatus
1160 2634 1317 2668 invitatu
1353 2635 1528 2669 advectus
1563 2647 1581 2669 e
1615 2637 1792 2679 suggestu
1827 2646 1936 2680 saepe
1973 2638 2010 2670 et

239 2689 473 2723 vehementer
507 2688 684 2722 adversus
719 2699 801 2722 eum
836 2687 1064 2722 declamavit.
1116 2687 1183 2730 Qui
1219 2688 1328 2721 etiam
1362 2688 1469 2733 paulo
1503 2690 1586 2733 post
1611 2688 1850 2732 Magdeburgi
1878 2688 2009 2723 librum

245 2742 374 2785 „wider
408 2742 477 2776 den
502 2740 733 2784 Rottengeist
766 2753 809 2775 zu
839 2741 1012 2775 Bremen“
1051 2741 1163 2775 edidit
1199 2740 1254 2784 (C.
1283 2742 1327 2775 A.
1354 2742 1528 2786 We‘lkens,
1564 2741 1751 2776 Tilemann
1785 2742 2009 2777 Hesshusius

241 2795 403 2841 [Leipzig
422 2794 528 2838 1860]
545 2807 579 2840 p.
599 2794 751 2829 66-83.
785 2795 833 2828 K.
851 2806 880 2829 v.
901 2796 1064 2838 Helmolt,
1090 2794 1277 2828 Tilemann
1295 2793 1461 2829 Hesshus
1481 2793 1642 2840 [Leipzig
1662 2794 1766 2839 1859]
1784 2806 1817 2840 p.
1836 2794 2007 2840 46—49).

360 2849 374 2869 ⁵
398 2847 695 2892 Hardenbergius
719 2848 757 2881 in
783 2850 963 2882 conventu
986 2847 1147 2882 ordinum
1171 2847 1314 2890 „circuli
1333 2847 1511 2882 Saxoniae
1527 2848 1727 2882 inferioris“
1749 2859 1795 2882 m.
1813 2848 2007 2883 Februario

243 2903 330 2936 1561
359 2901 552 2936 Brunsvici
578 2901 700 2935 habito
731 2900 921 2935 damnatus
956 2902 1012 2935 est
1040 2901 1148 2944 (Phil.
1175 2902 1243 2934 Iul.
1271 2902 1487 2945 Rehtmeyer,
1522 2901 1705 2936 Historiae
1731 2900 2006 2936 Eeclesiasticae

238 2954 399 2999 inclytae
419 2954 517 2988 urbis
536 2953 762 2997 Brunsvigae
781 2953 871 2987 Pars
890 2953 941 2987 III
963 2953 1204 2997 (Bi-unsvigae
1225 2953 1344 2997 1710),
1371 2965 1405 2998 p.
1425 2953 1622 2988 238—243.
1658 2955 1695 2988 J.
1713 2954 1760 2988 K.
1780 2955 1822 2988 F.
1843 2955 2006 2998 Sclzleqez,

240 3007 413 3042 Kirchen-
438 3008 512 3041 und
537 3006 1015 3050 Reformationsgesehichte
1040 3018 1111 3040 von
1129 3006 1465 3041 Norddeutschland
1484 3007 1517 3040 II
1536 3006 1745 3050 [Hannover
1765 3006 1879 3051 1829]‚
1906 3006 2006 3050 416).

361 3061 375 3081 ⁶
399 3060 530 3094 Matth.
557 3060 613 3101 26,
640 3060 696 3095 26.
738 3060 850 3094 Marc.
881 3061 934 3100 14,
961 3060 1006 3094 22
1033 3062 1100 3094 etc.
1200 3060 1212 3079 ⁷
1239 3060 1286 3094 Ιο.
1316 3060 1346 3101 1,
1375 3060 1428 3094 14.

362 3114 375 3134 ⁸
404 3113 616 3157 „Dialogum
642 3113 685 3147 de
710 3115 864 3157 utraque
892 3112 1025 3147 Christi
1051 3114 1225 3154 natura“;
1251 3112 1295 3147 de
1321 3124 1390 3157 quo
1416 3124 1527 3158 supra
1552 3124 1585 3158 p.
1613 3113 1692 3147 363.

363 3167 376 3186 ⁹
401 3167 450 3201 Io.
477 3167 532 3208 20,
561 3167 616 3201 19.
643 3167 699 3200 26.
