2093 3444
228 230 385 264 Menum.
416 229 648 273 (augustana)
678 229 755 263 2:38.
787 230 833 272 (A
860 241 981 264 mense
1009 229 1104 274 Sept.
1133 241 1163 264 a.
1194 229 1279 264 1561
1310 229 1354 263 ad
1380 241 1426 268 111,
1453 230 1527 263 Ian.
1558 229 1672 272 1562.)
1746 231 1830 272 603

69 346 249 401 phytos,
285 345 357 398 qui
389 359 443 387 ex
476 345 666 399 ipsorum
701 346 934 399 Synagoga
967 347 1025 389 ad
1054 361 1203 388 ueram
1236 346 1392 399 Christj
1428 346 1653 387 ecclesiam
1686 348 1831 388 trans-

18 429 21 431 *
68 411 176 454 itum
218 413 376 465 parant
420 410 582 453 ,Vnde
624 424 717 451 cum
761 410 912 452 horum
951 411 1137 454 fortunis
1179 413 1222 453 et
1261 411 1493 453 commodis
1535 411 1683 452 eodeni
1725 411 1830 461 zelo,

69 490 152 529 quo
198 475 351 518 Saulus
398 474 559 529 primos
604 474 870 517 Christianos
917 476 1265 527 insectabaturl,
1315 475 1419 516 nihil
1468 490 1550 517 non
1600 476 1832 518 detrahant

69 541 220 583 damus
261 540 347 582 illis
388 554 563 594 operam
605 540 647 581 in
689 540 771 582 fide
814 541 1137 591 confirmandis,
1185 544 1228 583 et
1270 541 1494 582 collectam
1539 555 1564 582 a
1605 541 1831 583 ditioribus

68 605 296 660 pecuniam
328 604 371 646 in
406 619 478 646 eos
511 605 583 658 qui
617 608 717 647 sunt
748 606 956 647 tenuioris
984 606 1184 648 fortunae
1217 620 1347 660 saepe
1381 605 1653 648 conferimus.
1699 607 1832 648 Trac-

67 673 165 713 tata
206 673 273 712 est
313 684 390 724 pro
425 670 628 712 concione
670 670 854 713 materia
897 670 948 711 de
981 671 1274 725 Jndulgentijs
1316 674 1360 712 et
1400 671 1550 713 iuditio
1593 674 1788 713 extremo
1802 672 1830 712 2.

68 735 232 777 Ferunt
265 738 439 777 centum
472 735 525 776 ab
552 734 650 776 hinc
683 734 807 777 annis
839 734 1045 777 maiorem
1078 736 1224 790 populi
1256 736 1462 790 pietatem
1496 736 1569 777 uix
1603 750 1697 778 6556
1730 750 1831 778 6611-

70 803 263 855 spectaui
296 800 339 841 in
373 800 672 854 amplectendo
696 800 1068 853 Indulgentiarum
1101 801 1306 843 beneficio
1321 802 1349 851 3,
1385 802 1496 854 quod
1530 801 1668 855 magis
1701 802 1830 843 etiam

69 868 279 908 ornarunt
311 865 651 919 supplicationes
673 865 753 906 hoc
775 865 868 906 loco
892 865 1060 918 publice
1094 879 1118 907 a
1141 866 1491 919 frequentissimo
1514 866 1831 908 Catholicorum

69 933 195 973 coetu
228 930 473 972 celebratae
487 931 516 973 4.
580 930 792 972 Fatentur
823 929 949 972 multi
991 933 1034 972 et
1066 945 1134 972 res
1167 931 1260 984 ipsa
1294 931 1488 973 declarat
1521 931 1748 974 conciones
1781 932 1832 973 de

69 999 265 1038 extremo
297 995 454 1037 iudicio
488 995 700 1045 efficaces,
735 997 779 1037 et
805 994 1071 1037 audientium
1094 996 1246 1037 animis
1278 996 1494 1038 salutares
1516 996 1662 1040 fuisse.
1712 997 1833 1046 Quod

68 1063 199 1102 antea
240 1063 335 1102 erat
366 1060 604 1110 insuetum,
647 1074 759 1101 nunc
799 1059 843 1100 in
875 1060 1003 1101 laude
1034 1061 1230 1114 ponitur,
1276 1075 1427 1103 sacrae
1467 1061 1748 1103 confessionis
1789 1066 1832 1104 et

69 1124 380 1168 communionis
420 1139 545 1166 usum
589 1124 861 1178 frequentem
904 1125 1158 1167 adhibere5:
1205 1139 1340 1179 eaque
1384 1126 1547 1180 pietate
1588 1127 1832 1169 Catholicos

68 1189 223 1232 mirum
255 1190 298 1231 in
321 1190 494 1231 modum
526 1190 569 1231 in
603 1189 745 1231 officio
770 1190 992 1244 continerj,
1028 1193 1158 1243 atque
1191 1191 1246 1232 ad
1278 1191 1458 1233 meliora
1483 1192 1662 1245 prouehi
1695 1192 1832 1234 cerni-

68 1270 176 1300 mus,
240 1255 448 1297 Maiorem
491 1255 787 1298 confitentium
830 1269 880 1297 ac
924 1256 1237 1309 poenitentium
1279 1256 1570 1310 frequentiam
1614 1258 1833 1310 hucusque

69 1335 152 1363 non
185 1335 333 1363 sumus
367 1320 550 1375 experti,
584 1320 738 1374 quibus
769 1320 964 1374 integros
999 1321 1107 1371 dies,
1142 1325 1186 1364 et
1219 1321 1406 1374 aliquam
1439 1322 1629 1364 noctium
1662 1326 1832 1376 partem

69 1386 174 1428 dare
206 1386 443 1434 debuimus,
477 1385 707 1440 presertim
731 1386 843 1439 quod
876 1400 960 1427 non
993 1386 1118 1440 paucj
1147 1386 1283 1429 totius
1314 1387 1433 1430 uitae
1465 1387 1678 1429 rationem
1711 1388 1833 1430 nobis

69 1451 264 1503 reddere,
299 1455 343 1494 et
365 1451 606 1504 generales,
640 1453 689 1493 ut
711 1454 883 1502 uocant,
918 1451 1212 1494 confessiones
1235 1452 1362 1494 edere
1383 1466 1541 1505 magno
1572 1467 1667 1494 cum
1689 1453 1834 1495 fructu

69 1516 341 1559 decreuerint
354 1517 381 1559 6.
409 1551 450 1559 ..
504 1516 691 1559 Jacebat
722 1516 791 1557 1116
824 1517 1049 1570 neglectus
1088 1531 1137 1558 ac
1170 1531 1278 1571 pene
1312 1520 1585 1572 contemptus
1618 1517 1833 1571 uirginum

69 1585 233 1633 status,
278 1581 323 1623 in
365 1596 447 1635 quo
489 1581 693 1634 erigendo
726 1584 898 1624 tantum
931 1582 1100 1625 Christo
1143 1596 1290 1624 earum
1331 1597 1486 1637 sponso
1519 1583 1697 1625 fauente
1734 1597 1833 1637 pro-

69 1647 271 1698 fecimus,
317 1649 366 1689 ut
397 1647 658 1701 plaeraeque
699 1661 812 1688 nunc
852 1650 1108 1701 perpetuum
1151 1647 1362 1701 elegerint
1403 1648 1656 1698 celibatum,
1703 1662 1834 1702 seque

69 1716 172 1755 uoto
206 1712 541 1763 obstrinxerint,
584 1714 633 1754 ut
667 1726 764 1754 cum
795 1712 964 1766 virgine
996 1712 1211 1766 virginum
1244 1713 1384 1754 Maria
1417 1713 1541 1755 simul
1581 1727 1744 1755 carne
1783 1716 1836 1756 et

70 1777 278 1832 spiritu
325 1778 589 1820 sanctae⁷
635 1781 920 1831 perseuerent
954 1813 961 1820 .
996 1777 1242 1820 Nonnullae
1290 1780 1333 1820 et
1380 1778 1494 1821 inter
1540 1778 1618 1820 has
1666 1792 1835 1832 quoque

70 1843 235 1885 nobiles
277 1857 328 1885 ac
362 1843 518 1886 diuites
550 1843 722 1897 puellae
756 1843 990 1896 quaedam,
1033 1846 1081 1885 ut
1121 1843 1260 1896 magis
1303 1843 1434 1885 etiam
1466 1843 1634 1886 Christo
1676 1857 1834 1898 sponso

70 1909 308 1963 placerent,
342 1908 386 1950 in
417 1908 684 1951 monasticae
716 1908 834 1950 uitae
867 1922 918 1950 ac
950 1908 1170 1961 religionis
1194 1911 1366 1962 portum
1399 1909 1632 1962 confugere
1667 1944 1674 1951 .
1708 1909 1835 1950 Nunc

69 1973 349 2028 impatienter
396 1976 631 2028 expectant
679 1973 812 2024 aliae,
862 1976 909 2016 ut
956 1973 1178 2016 relictis
1226 1977 1270 2016 et
1316 1974 1436 2028 ipsae
1484 1974 1763 2016 omnibusS
1810 1989 1835 2016 a

69 2039 228 2081 mundo
261 2039 317 2080 ad
349 2038 586 2090 Christum,
630 2053 656 2080 a
688 2052 818 2080 carne
851 2039 906 2080 ad
938 2038 1137 2093 spiritum
1169 2053 1215 2081 se
1247 2053 1424 2093 prorsus
1455 2039 1747 2090 transferant,
1781 2039 1836 2080 ad

70 2103 207 2146 uitam
247 2103 532 2146 monasticam
572 2104 746 2158 penitus
788 2103 1047 2158 aspirantes,
1111 2104 1205 2146 Hoc
1246 2118 1346 2146 uere
1389 2104 1608 2146 affirmare
1645 2118 1834 2158 possum,

70 2168 281 2222 grandem
315 2171 358 2210 et
390 2168 619 2211 iucundam
653 2182 748 2210 esse
779 2182 923 2210 rerum
956 2169 1037 2210 hoc
1063 2169 1155 2210 loco
1187 2168 1485 2219 mutationem,
1520 2168 1556 2210 si
1579 2168 1673 2222 quis
1705 2172 1836 2211 antea

70 2233 180 2276 uidit
210 2232 478 2287 Augustam,
520 2236 564 2276 et
596 2248 709 2275 nunc
740 2236 988 2288 presentem
1020 2233 1134 2276 forte
1167 2237 1337 2288 spectat
1374 2233 1418 2275 in
1449 2234 1623 2288 templis
1654 2247 1836 2288 precan-

70 2298 179 2342 tium
211 2299 525 2352 frequentiam,
558 2299 836 2350 modestiam,
870 2298 1098 2353 pietatem,
1133 2313 1242 2352 quae
1275 2299 1350 2340 uix
1381 2299 1423 2341 in
1457 2299 1545 2341 ulla
1579 2298 1837 2341 Germaniae

73 2364 250 2407 ciuitate
281 2364 419 2406 maior
451 2367 646 2419 apparet,
679 2367 729 2407 ut
752 2365 891 2419 exterj
924 2364 1082 2406 idcirco
1115 2364 1339 2416 mirentur,
1374 2379 1468 2406 cum
1491 2365 1572 2406 hac
1604 2364 1835 2417 aliquando

195 2523 205 2542 ¹
232 2520 285 2554 Cf.
312 2521 392 2555 Act.
420 2522 451 2563 9,
481 2521 582 2555 1—2.
626 2521 705 2555 Gal.
735 2523 765 2562 1,
794 2522 848 2556 13.

193 2573 206 2594 ²
230 2573 283 2608 De
309 2573 366 2608 1115
392 2573 527 2609 Canisii
553 2575 778 2609 sermonibus
804 2574 887 2608 vide
912 2574 1016 2612 infra,
1043 2585 1198 2608 monum.
1226 2574 1305 2607 ⁴248.

193 2628 206 2647 ³
237 2626 474 2669 „Iubilaeum“
506 2626 594 2660 illud
621 2638 642 2661 61
669 2627 733 2661 Ρ16
759 2627 822 2661 IV.
849 2627 892 2662 ad
919 2639 1129 2673 prosperum
1157 2625 1297 2661 concilii
1323 2625 1509 2660 tridentini
1535 2638 1743 2661 successum
1779 2627 1836 2661 ob-

72 2679 256 2714 tinendum
286 2681 340 2714 15.
366 2680 582 2715 Novembris
610 2681 697 2715 1561
727 2692 956 2722 concessum,
993 2682 1179 2723 Augustae
1205 2691 1235 2713 a.
1265 2680 1318 2713 14.
1355 2679 1399 2713 ad
1426 2679 1482 2715 28.
1509 2679 1718 2714 Decembris
1747 2680 1833 2715 1561

74 2735 194 2768 actum
221 2735 316 2774 erat3
343 2733 425 2767 vide
451 2744 561 2778 supra
586 2745 620 2778 p.
647 2734 727 2768 601.
873 2735 887 2754 4
913 2733 967 2768 Cf.
995 2744 1103 2778 supra
1130 2745 1163 2777 p.
1191 2733 1269 2766 346.
1299 2732 1378 2766 352.

194 2787 206 2806 5
235 2787 402 2821 canisius
426 2786 463 2820 in
498 2786 752 2821 commentario
788 2787 991 2821 *contionis
1018 2787 1073 2820 21.
1100 2785 1307 2820 Decembris
1336 2785 1423 2819 1561
1454 2785 1654 2828 (Dominica
1680 2785 1740 2820 IV.
1767 2786 1836 2820 Ad-

74 2839 220 2882 ventus)
249 2840 437 2883 Augustae
462 2839 499 2873 111
525 2840 612 2874 aede
638 2840 796 2874 maxima
822 2851 843 2874 a
874 2852 912 2874 se
948 2840 1092 2874 habitae
1125 2851 1191 2873 sua
1225 2850 1332 2873 manu
1367 2839 1530 2883 scripsit:
1571 2838 1671 2881 „Scio
1704 2839 1837 2874 multos

74 2892 178 2927 hodie
205 2892 530 2927 communicaturos
555 2895 592 2927 et
616 2895 699 2937 post
724 2893 801 2928 dies
827 2893 866 2928 8¹⁴
900 2893 999 2936 (Cod.
1032 2892 1136 2935 „Can
1163 2892 1206 2926 X.
1233 2891 1292 2925 T.⁴
1323 2892 1347 2926 f.
1375 2892 1445 2935 9³).

194 2946 207 2966 ⁶
237 2947 403 2980 Canisius
421 2947 474 2980 14.
494 2945 702 2980 Decembris
722 2947 810 2981 1561
839 2958 858 2981 e
883 2948 1059 2990 suggestu
1086 2945 1302 2992 cathedralis
1329 2945 1511 2986 ecclesiae,
1539 2957 1619 2979 611111
1644 2945 1838 2980 iubilaeum

74 2999 337 3045 promulgaret,
372 2999 533 3034 dixerat:
573 2998 629 3042 „Si
665 2999 746 3044 quis
780 3000 889 3034 etiam
923 3011 962 3034 56
988 3001 1132 3044 pararet
1159 2999 1202 3033 ad
1229 2998 1510 3033 communionem
1539 2998 1769 3033 Confessione
1795 2999 1838 3034 de

74 3054 151 3087 tota
175 3053 271 3092 vita,
309 3052 540 3097 proculdubio
565 3052 736 3087 maiorem
761 3053 939 3087 inueniret
966 3053 1129 3097 gratiam.
1179 3051 1258 3086 Non
1285 3052 1378 3086 enim
1404 3051 1621 3096 prohibitum
1648 3054 1704 3086 est
1728 3064 1839 3087 vnum

74 3107 263 3150 peccatum
289 3117 373 3151 sepe
400 3105 572 3147 confiteri,
601 3106 665 3140 sed
690 3106 837 3151 prodest
862 3107 906 3140 ad
932 3106 1101 3140 maiorem
1128 3105 1365 3140 inducendam
1392 3105 1655 3139 confusionem“
1688 3105 1748 3149 (ex
1775 3105 1839 3141 Ca-

75 3158 166 3193 nisio
192 3159 426 3203 autographo.
470 3159 554 3194 Cod.
585 3158 690 3201 „Cam
718 3159 760 3194 X.
788 3161 861 3193 Aa“
892 3159 916 3193 f.
947 3159 1064 3203 18312).
1211 3159 1224 3179 ⁷
1252 3160 1266 3192 1
1298 3158 1376 3193 Cor.
1405 3158 1434 3199 7,
1462 3159 1517 3193 34.

197 3212 209 3233 3
235 3212 320 3246 Luc.
348 3213 379 3253 5,
409 3213 461 3246 11.
489 3212 544 3247 28.
587 3212 717 3248 Matth.
745 3213 798 3255 19,
825 3213 880 3247 27.
