2093 3444
586 183 741 217 Monuni.
772 184 978 228 (litteraria)
1008 185 1086 220 391.
1116 185 1394 229 (1557—1562.)
1790 188 1871 228 781

227 299 321 340 Hoc
362 299 496 352 igitur
537 300 698 354 scripto
740 301 905 343 nobiles
940 302 1051 343 Galli
1093 301 1270 343 Parisiis
1303 304 1530 345 versantes
1571 302 1663 355 regi
1706 302 1876 345 dicunt:

110 364 185 413 Se,
228 364 404 406 maioris
436 365 574 418 partis
607 366 847 408 nobilitatis
885 367 1069 419 gallicae
1109 367 1307 421 partibus
1348 367 1602 421 fungentes,
1645 367 1875 419 audivisse,

109 442 134 470 a
183 430 527 482 protestantibus
579 431 991 484 „Supplicationenr‘
1043 446 1194 486 nuper·
1224 431 1306 486 ipsi
1353 432 1561 474 traditam
1610 433 1876 486 eandemque

107 494 225 548 typis
258 494 523 548 exscriptam
556 499 600 538 et
632 510 848 538 rumorem
872 511 1067 550 sparsum
1102 511 1209 547 esse,
1244 511 1327 550 quo
1359 500 1498 540 totam
1523 498 1689 539 Galliae
1721 497 1875 539 nobili-

42 588 43 591 =
107 562 244 602 tatem
289 559 496 601 doctrinis
543 561 794 611 lutherana,
840 561 1120 614 zwingliana,
1170 562 1415 604 calviniana
1460 562 1730 615 inquinatam
1779 577 1874 605 esse

107 624 413 667 affirmaretur.
458 624 518 666 At
550 625 756 667 maiorem
790 625 1029 668 nobilitatis
1052 626 1235 679 gallicae
1257 631 1426 681 partem
1449 628 1581 682 probe
1615 628 1873 670 catholicam

108 703 224 739 esse;
266 689 310 731 in
343 704 394 732 ea
426 689 634 743 religione
667 690 782 744 regis
816 691 1022 741 maiores,
1060 691 1174 734 inter
1207 706 1313 745 quos
1345 693 1560 734 maximus
1592 692 1664 734 1116
1696 693 1874 735 Carolus

106 753 344 808 imperator
388 757 432 797 et
464 754 762 798 sanctissimus
794 756 866 797 1116
899 756 1140 798 Ludovicus
1182 757 1290 807 sint,
1336 757 1519 808 vixisse,
1572 772 1720 811 „reges
1762 758 1874 800 chri-

107 819 417 862 stianissimos“
454 823 648 870 vocatos,
683 821 860 862 strumis
892 821 1089 863 medendi
1121 824 1341 876 potestate
1375 837 1400 864 a
1429 823 1519 865 Deo
1553 825 1731 865 ornatos
1764 837 1871 867 esse.

106 884 409 927 Protestantes
442 888 587 928 autem
621 885 860 927 sediciones
892 886 1092 936 movisse,
1127 887 1336 929 adversus
1367 887 1506 941 ipsum
1530 902 1677 942 regem
1703 888 1871 930 libellos

107 950 441 993 contumeliosos
474 950 698 1004 scripsisse
740 954 784 993 et
817 951 1142 1002 disseminasse,
1185 952 1408 995 catholicis
1451 956 1495 995 et
1526 953 1570 994 in
1602 953 1872 996 contionibus

106 1017 150 1057 613
190 1015 234 1057 111
274 1015 394 1057 libris
435 1016 573 1058 multa
615 1015 808 1058 convicia
848 1016 1014 1067 facere,
1060 1031 1163 1070 rege
1203 1017 1337 1059 inscio
1382 1018 1585 1071 pecunias
1630 1018 1870 1072 collegisse,

106 1079 259 1133 quibus
290 1080 450 1123 milites
483 1084 750 1134 congregent
783 1081 1102 1135 catholicosque
1135 1083 1262 1124 valde
1294 1086 1468 1126 vexent.
1533 1083 1673 1132 Quare
1710 1097 1734 1125 a
1767 1098 1871 1137 rege

104 1148 272 1199 petunt,
306 1149 355 1188 ut
386 1146 580 1188 subditos
614 1160 762 1188 omnes
796 1160 850 1188 ex
883 1150 1062 1189 sanctae
1095 1147 1302 1189 ecclesiae
1325 1148 1563 1190 catholicae
1596 1152 1640 1192 et
1665 1163 1871 1191 romanae

105 1210 272 1263 legibus
305 1211 440 1254 vitam
474 1211 703 1254 instituere
743 1211 890 1254 iubeat
932 1215 975 1254 et
1008 1212 1343 1266 protestantium
1385 1213 1604 1256 ministros
1643 1228 1697 1256 ex
1731 1214 1873 1256 Gallia

107 1276 301 1330 expellat
323 1278 379 1327 et,
415 1276 617 1330 quicquid
641 1291 666 1318 a
688 1277 917 1319 Francisco
940 1277 972 1320 Ι.
1007 1280 1051 1320 et
1073 1277 1260 1320 Henrico
1283 1278 1336 1320 Π.
1371 1278 1544 1331 regibus
1580 1279 1631 1321 de
1663 1279 1872 1332 religione

105 1341 389 1384 constitutum
423 1342 492 1391 sit,
527 1342 788 1384 servandum
821 1345 952 1396 atque
976 1342 1107 1384 etiam
1131 1357 1212 1384 non
1237 1343 1374 1384 solum
1398 1343 1638 1396 aliquorum
1669 1344 1872 1386 ecclesia-

105 1406 324 1457 sticorum,
358 1407 434 1448 sed
468 1407 599 1449 etiam
623 1407 803 1449 aliorum
827 1407 1162 1460 magistratuum
1185 1408 1321 1450 vitam
1347 1411 1519 1462 turpem
1550 1408 1870 1451 reformandam

104 1472 427 1526 tollendamque
461 1475 583 1514 curet
605 1472 731 1525 (‚,das
754 1473 817 1515 11113
840 1472 969 1514 3116111
993 1473 1172 1514 ctlicher
1194 1473 1544 1524 Kirchendiener,
1579 1474 1735 1516 sonder
1763 1474 1871 1516 auch

105 1538 288 1580 anderer
320 1538 549 1592 Amptleut
581 1538 794 1591 ergerlich
832 1538 957 1580 leben
990 1538 1254 1580 Reformiert
1285 1539 1373 1580 vnd
1415 1539 1633 1592 abgestelt
1665 1538 1871 1592 werde“),

105 1617 188 1656 quo
222 1603 359 1645 omnis
392 1604 664 1656 querelarum
698 1618 829 1646 causa
861 1603 1205 1658 protestantibus
1247 1603 1525 1658 praecidatur
1557 1603 1873 1658 (Supplication

104 1668 133 1711 f.
169 1668 222 1711 Γ).
257 1669 331 1711 Π“.
366 1669 482 1722 111³).

225 1760 338 1802 Quam
366 1763 504 1806 partem
533 1760 700 1795 Canisius
727 1760 762 1794 in
789 1760 908 1794 libello
935 1760 1001 1793 hoc
1029 1759 1231 1804 evulgando
1258 1760 1440 1800 habuerit,
1476 1772 1561 1794 num
1597 1772 1677 1795 eum
1713 1761 1874 1803 verterit,

104 1825 189 1847 num
215 1813 382 1858 plagulas
409 1814 664 1855 emendaverit,
691 1825 777 1847 num
802 1813 961 1848 libellum
990 1813 1160 1857 gallicum
1186 1813 1335 1847 Parisiis
1361 1813 1573 1847 mittendum
1609 1814 1792 1848 curaverit
1826 1816 1872 1855 et,

104 1869 145 1901 ut
169 1869 383 1908 verteretur,
410 1868 597 1909 monuerit,
624 1867 755 1901 nescio.
795 1867 899 1901 Certe
919 1868 1116 1901 Saceletnus
1136 1866 1239 1910 (Can.
1258 1879 1291 1911 p.
1313 1867 1394 1909 181)
1425 1869 1460 1900 et
1478 1868 1592 1901 Boero
1613 1867 1713 1909 (Can.
1732 1879 1766 1912 p.
1785 1867 1869 1911 235)

104 1932 292 1965 perperam
320 1921 543 1966 interpretati
572 1923 656 1955 sunt
682 1921 793 1955 verba
819 1920 858 1954 P.
887 1919 1068 1955 Guilielmi
1096 1920 1248 1954 Elderen
1273 1939 1319 1943 —
1345 1931 1460 1963 neque
1487 1921 1579 1954 enim
1608 1932 1653 1954 ex
1678 1920 1747 1954 alio
1774 1921 1873 1955 fonte

104 1973 268 2008 hausisse
294 1975 436 2008 omnino
463 1975 633 2008 videntur
656 1993 722 2015 —,
758 1985 838 2008 cum
865 1973 923 2007 ille
951 1972 1167 2007 catholicum
1192 1973 1259 2007 hoc
1285 1973 1458 2018 scriptum
1497 1973 1611 2015 „haud
1647 1973 1752 2008 dubie
1791 1985 1870 2008 con-

104 2027 217 2061 ditum
244 2028 288 2062 ab
315 2028 410 2073 ipso“
443 2028 586 2062 Canisio
613 2039 692 2062 esse
719 2027 887 2067 affirmat,
914 2027 971 2060 hic
998 2027 1040 2060 (16
1067 2026 1189 2060 eodem
1215 2026 1359 2060 scribit:
1391 2026 1541 2069 „Mando
1567 2026 1774 2071 pubblicare
1800 2038 1871 2061 una

105 2092 171 2115 sua
196 2083 347 2126 opposta
372 2081 554 2122 scrittura,
584 2081 688 2126 piena
714 2081 747 2115 di
775 2080 947 2125 profonda
973 2079 1129 2114 dottrina
1156 2091 1173 2113 6
1201 2080 1235 2113 (11
1262 2091 1365 2114 63613
1390 2080 1624 2114 erudizione.“

225 2135 402 2169 Libellum
441 2135 708 2180 „Supplication
744 2134 806 2167 der
841 2133 1116 2168 Catholisclien“
1156 2135 1223 2167 etc.
1258 2144 1374 2177 neque
1412 2145 1458 2167 ex
1493 2132 1625 2167 Canisii
1662 2132 1871 2178 biographis

104 2199 220 2232 neque
247 2199 293 2222 ex
320 2188 511 2223 Societatis
538 2189 618 2222 Iesu
644 2186 905 2232 bibliographis
931 2186 1023 2220 vidit
1049 2186 1250 2230 quisquam.
1300 2186 1353 2220 Ne
1380 2186 1415 2220 in
1442 2186 1569 2230 grandi
1596 2186 1738 2230 quidem
1766 2198 1872 2231 opere

105 2243 141 2276 J.
170 2243 321 2286 Lelongs,
362 2242 632 2286 „Bibliotheque
667 2241 864 2285 historique
897 2240 940 2274 de
975 2239 1010 2274 13
1037 2239 1207 2280 France“,
1243 2239 1303 2273 ubi
1341 2239 1472 2283 (Nouv.
1503 2239 1637 2274 edition
1672 2251 1736 2284 par
1761 2241 1805 2274 F.
1832 2241 1874 2274 de

105 2296 263 2330 Fontette
287 2296 321 2329 Π
358 2295 403 2340 [A
434 2295 538 2329 Paris
574 2293 697 2338 1769],
733 2293 936 2336 236—243)
975 2305 1008 2327 11.
1037 2294 1080 2327 17
1097 2293 1257 2327 795-17
1274 2293 1362 2333 901,
1402 2304 1493 2336 quae
1529 2293 1701 2327 eiusmodi
1738 2293 1873 2338 scripta

106 2360 137 2383 a.
167 2349 254 2383 1561
294 2351 329 2383 et
367 2349 455 2383 1562
493 2348 689 2393 composita
724 2347 783 2381 vel
818 2347 913 2381 edita
948 2346 1040 2388 sint,
1079 2346 1255 2387 refertur,
1293 2345 1353 2380 vel
1387 2345 1498 2379 libelli
1538 2346 1875 2388 „Renionst1·ance“,

106 2402 166 2436 vel
191 2402 304 2437 libelli
336 2401 601 2447 „Supplication
637 2402 699 2435 der
727 2399 998 2435 Catholischen“
1038 2399 1080 2433 fit
1113 2398 1257 2433 mentio.
1308 2398 1469 2443 Uterque
1502 2401 1623 2433 autem
1654 2410 1675 2433 a
1701 2399 1785 2434 clar.
1812 2399 1874 2434 Dr.

106 2457 186 2490 Nic.
214 2457 351 2489 Paulus
375 2456 521 2489 tandem
547 2457 711 2500 repertus
737 2465 949 2497 mecumque
975 2452 1179 2487 humaniter
1206 2452 1488 2486 communicatus
1515 2455 1580 2486 est.

232 2508 497 2554 „Supplication
532 2509 594 2542 der
622 2506 895 2542 Catholischen“
936 2507 1058 2540 exstat
1083 2505 1263 2540 Monachii
1299 2505 1335 2538 in
1370 2505 1588 2539 bibliotheca
1612 2505 1731 2548 regia,
1771 2505 1874 2548 „Eun

109 2562 252 2605 339s22.
262 2563 274 2577 ⁴

924 2630 1045 2672 391.

882 2719 1105 2756 1557—1562.

233 2812 400 2845 Canise'us
436 2812 472 2844 ln
507 2811 621 2844 locum
657 2811 820 2843 editionis
850 2810 1027 2853 Cypriani
1060 2810 1103 2842 ab
1129 2810 1283 2842 Erasmo
1318 2813 1464 2842 curatae.
1489 2809 1760 2842 emendatiorem
1797 2808 1873 2841 sub-

108 2867 251 2899 stituere
278 2865 369 2906 vnlt;
407 2866 508 2897 cetius
541 2866 596 2897 rei
626 2865 748 2906 {fratta
783 2864 822 2896 in
848 2863 1051 2896 bibliotheca
1077 2864 1241 2896 vaticana
1261 2863 1444 2905 plurimas
1469 2862 1599 2905 colliyit
1625 2862 1784 2895 lectiones
1817 2872 1878 2894 va-

110 2920 257 2952 re‘antes.
311 2919 386 2951 Cm·
411 2918 596 2951 consilium
622 2917 686 2950 hoc
710 2917 851 2949 tandem
877 2917 1033 2950 omittit?

230 2998 270 3032 In
297 2997 428 3032 Canisii
457 2997 589 3031 litteris
615 2998 648 3031 5.
675 2996 810 3041 Aprilis
836 2999 873 3031 et
898 2998 930 3030 3.
957 2995 1045 3030 Maii
1073 2995 1160 3030 1561
1190 2995 1284 3030 datis
1309 2995 1399 3029 11366
1434 2994 1658 3029 referuntur:
1698 2993 1876 3036 Canisius,

111 3064 180 3097 quo
206 3054 365 3097 tempore
393 3051 526 3085 Romae
552 3050 785 3091 versabatur,
820 3050 857 3084 in
882 3049 1099 3084 bibliotheca
1136 3049 1304 3083 vaticana
1332 3048 1501 3093 Cypriani
1538 3059 1646 3093 opera
1680 3047 1779 3093 typis
1815 3059 1874 3082 ex-

110 3106 246 3150 scripta
272 3117 351 3139 cum
379 3104 560 3139 codicibus
585 3115 694 3137 manu
712 3103 857 3148 scriptis
876 3102 1087 3144 contulerat,
1115 3102 1279 3147 exemplo
1298 3113 1385 3136 usus
1403 3101 1442 3135 P.
1461 3101 1608 3135 Martini
1628 3100 1748 3135 Olavii
1766 3100 1800 3135 S.
1821 3101 1853 3135 J.
1868 3114 1877 3142 ;

111 3171 154 3194 36
179 3170 395 3204 quamquam
423 3169 467 3191 116
493 3157 675 3191 dimidiam
703 3156 846 3200 quidem
874 3167 1020 3201 operum
1046 3158 1185 3200 partem
1213 3155 1373 3189 conferre
1399 3166 1462 3199 per
1487 3157 1631 3199 tempus
1657 3154 1689 3187 ei
1711 3153 1876 3194 licuerat,
