2093 3444
344 175 423 210 703.
460 174 626 210 Canisius
653 175 833 210 Stanislao
859 177 982 212 Hosio.
1021 176 1221 222 Oeniponte
1249 177 1281 212 3.
1307 178 1466 222 Augusti
1494 179 1596 213 1562.
1775 183 1861 224 473

89 292 242 334 denter
273 305 320 333 se
351 294 512 334 norunt
544 293 884 336 accommodare.
935 293 1049 348 Opto
1083 294 1366 336 uehementer
1398 295 1452 336 ad
1485 310 1554 337 me
1586 296 1714 347 mitti,
1750 298 1864 350 quod

89 357 130 400 S.
156 357 355 410 Synodus
385 356 467 398 hac
500 356 552 398 de
584 371 631 399 re
664 358 951 401 constituerit.
997 358 1118 408 Quod
1141 360 1287 401 autem
1320 373 1346 401 a
1378 374 1446 401 me
1478 362 1674 414 postulat
1696 362 1864 417 Ampli-

86 422 192 464 tudo
224 424 323 472 tua,
357 424 405 464 ut
438 422 597 463 abusus
629 422 790 465 Missae
823 426 1057 466 annotatos
1090 424 1280 475 mittam,
1321 424 1404 466 etsi
1437 425 1612 467 difficile
1644 427 1725 468 hoc
1758 428 1862 468 mihi

88 487 146 529 sit
176 486 414 541 praestitu,
459 489 503 529 et
534 488 720 530 antehac
754 488 925 542 quidem
957 503 1043 531 non
1075 489 1138 532 ita
1171 489 1465 531 necessarium
1507 490 1862 543 existimauerim,

86 554 235 594 tamen
268 552 483 605 obsequar
514 552 593 595 tali
626 553 830 604 Patrono,
866 554 933 595 cui
966 554 1100 596 debeo
1133 555 1262 608 longe
1294 554 1504 598 maiora1.
1569 556 1627 598 Et
1662 557 1864 610 quoniam

88 617 361 660 Serenissimi
392 617 526 671 Regis
559 618 796 660 Poloniae2
837 619 952 673 apud
985 619 1302 674 Neapolitanos
1337 620 1526 663 Orator3
1568 622 1755 663 nondum
1799 622 1865 664 in-

86 682 249 735 telligit
281 683 394 735 quod
427 683 480 725 de
512 683 626 725 illius
648 683 822 738 Nepote
853 684 1124 727 restituendo
1148 685 1526 737 constitueramus,
1562 688 1721 729 curabo
1744 702 1863 738 sane,

88 750 138 790 ut
168 761 216 789 re
246 747 342 802 ipsa
374 748 557 799 sentiat,
601 763 680 790 nos
711 749 840 791 fidem
873 763 958 791 non
1000 749 1221 793 fefellisse.
1286 751 1351 792 De
1387 751 1516 793 rebus
1550 751 1725 807 Concilij
1759 753 1866 794 nihil

88 812 181 855 fere
214 813 269 855 ad
300 827 369 855 me
401 813 625 856 scribitur:
658 814 836 856 Dauos4
869 818 1124 868 componata
1152 813 1213 869 [9]
1248 816 1471 868 Dominus,
1506 819 1549 859 et
1581 832 1740 871 magno
1773 818 1865 860 zelo

90 879 314 920 confirmet
345 878 518 921 illorum
550 879 728 930 animos,
764 879 836 932 qui
869 894 965 921 cum
989 880 1252 922 Celsitudine
1283 884 1361 923 tua
1394 895 1448 923 ex
1479 882 1621 924 animo
1654 884 1762 925 bene
1789 898 1867 926 uo-

87 943 183 987 lunt
215 943 439 986 Ecclesiae
471 944 563 987 Dei.
629 944 861 999 Oeniponti
892 945 1075 988 Kalend.
1110 946 1300 999 Augusti
1331 946 1458 989 Anno
1491 948 1548 990 M.
1582 948 1620 989 D
1653 948 1809 991 LXIIb.

1012 1022 1173 1064 Seruus
1204 1022 1247 1064 in
1281 1023 1451 1067 Christo
1483 1024 1530 1067 P.
1565 1025 1760 1068 Canisius
1796 1061 1804 1068 .

207 1103 585 1146 Reuerendissimo
607 1103 651 1145 in
670 1103 838 1146 Christo
856 1104 992 1155 Patri,
1018 1107 1062 1147 et
1078 1105 1384 1148 Jllustrissimo
1403 1107 1600 1158 Domino,
1625 1108 1676 1150 D.
1698 1108 1866 1151 Stanis—

87 1169 157 1211 lao
199 1168 334 1211 Hosio
376 1168 594 1211 Cardinali
636 1171 680 1211 et
721 1169 935 1224 Episcopo
978 1170 1246 1221 Varmiensi,
1294 1172 1335 1214 S.
1380 1172 1543 1226 Synodi
1585 1173 1865 1216 Tridentinae

87 1234 296 1285 Praesidi,
330 1234 522 1277 Patrono
555 1234 820 1289 amplissimo
856 1269 864 1277 .
899 1235 1108 1278 Tridenti.

208 1310 437 1355 Inscriptioni
463 1322 571 1344 manu
599 1310 758 1345 eiusdem
784 1311 957 1356 temporis
984 1311 1148 1355 (Hosii‘?)
1177 1312 1387 1347 adnotatum
1415 1314 1489 1347 est:
1522 1313 1638 1356 „redd
1666 1314 1686 1348 3
1705 1314 1865 1358 Augusti

91 1365 192 1406 1562,
219 1376 313 1409 resp.
341 1364 363 1398 4
388 1365 547 1408 Augusti
576 1364 700 1398 1562.“

208 1441 396 1486 Epistulae
413 1441 520 1475 huius
538 1441 750 1475 scribendae
768 1441 999 1486 praecipuam
1027 1453 1172 1476 causam
1193 1442 1334 1477 Canisio
1353 1442 1562 1487 praebuisse
1581 1443 1725 1477 videtur
1750 1443 1866 1478 falsus

87 1495 149 1530 ille
174 1507 306 1537 rumor,
334 1506 403 1539 quo
430 1495 614 1529 decretum
641 1495 683 1529 de
710 1506 813 1529 sacra
840 1495 1087 1529 communione
1113 1495 1219 1540 paulo
1246 1498 1330 1530 ante
1356 1496 1392 1530 in
1418 1496 1578 1531 sessione
1604 1496 1700 1530 XXI.
1728 1497 1866 1531 factum

89 1549 275 1584 ferebatur
299 1549 537 1583 reformatum
563 1548 618 1583 iri.
670 1548 783 1591 Quem
809 1560 989 1583 rumorem
1016 1561 1062 1583 ex
1089 1561 1129 1583 eo
1156 1551 1274 1583 ortum
1301 1561 1380 1584 esse
1408 1550 1552 1590 dixeris,
1580 1551 1684 1594 quod,
1711 1551 1867 1585 auctori-

88 1603 156 1638 bus
183 1602 389 1637 Salmerone
416 1604 452 1636 et
477 1602 671 1644 Turriano,
707 1602 887 1645 theologis
921 1602 1133 1647 pontificiis,
1168 1603 1280 1647 legati
1316 1604 1459 1638 decreto
1494 1603 1547 1637 illi
1582 1604 1659 1649 ipso
1694 1604 1867 1638 sessionis

89 1656 192 1690 initio
227 1656 350 1700 aliqua
384 1656 549 1701 patribus
584 1656 748 1690 addenda
784 1659 1065 1701 proposuerant;
1103 1657 1145 1690 de
1172 1668 1243 1701 qua
1277 1669 1316 1691 re
1352 1669 1432 1691 cum
1459 1658 1581 1692 varias
1608 1659 1751 1702 patrum
1787 1669 1867 1692 esse

89 1710 291 1744 sententias
327 1709 605 1753 cognovissent,
641 1709 824 1744 silentium
860 1710 1070 1744 indixerunt
1104 1710 1346 1751 affirmantes,
1384 1710 1414 1745 si
1445 1711 1531 1755 quid
1567 1711 1722 1756 amplius
1748 1711 1867 1746 visum

89 1766 187 1798 esset
223 1763 546 1808 pronuntiandum,
586 1765 730 1809 postea,
769 1763 829 1798 ubi
869 1764 911 1798 de
959 1764 1092 1798 missae
1130 1764 1307 1798 sacrificio
1346 1766 1534 1808 ageretur,
1573 1765 1723 1809 proponi
1761 1776 1867 1810 posse

92 1817 284 1862 (Paleottus
309 1817 333 1852 1.
361 1829 391 1851 c.
410 1817 453 1858 ΙΙ,
482 1817 568 1858 571;
598 1818 777 1852 Musottas
803 1817 825 1851 l.
846 1829 875 1851 c.
903 1829 936 1862 p.
956 1818 1021 1856 2Ο;
1048 1817 1140 1851 Acta
1167 1818 1318 1858 concilii,
1345 1818 1482 1863 scripta
1508 1830 1529 1852 a
1554 1819 1658 1852 Petro
1689 1820 1868 1852 Gonzalez

89 1874 130 1906 de
148 1872 334 1916 Mendoza,
361 1871 526 1916 episcopo
545 1871 828 1912 salmanticensi,
856 1871 951 1915 apud
970 1872 1168 1915 Dollingser,
1196 1870 1363 1905 Berichte
1382 1872 1426 1914 H,
1454 1872 1516 1913 7&
1544 1873 1767 1906 Pallae-ieino
1793 1872 1817 1907 l.
1837 1884 1866 1906 c.

91 1925 114 1960 1.
143 1926 198 1966 17,
225 1937 254 1959 c.
284 1925 337 1967 11,
364 1937 398 1958 n.
427 1924 482 1959 17.
511 1924 584 1968 18).

918 1997 1048 2040 ³303.

830 2085 1128 2133 CANISIUS

404 2178 822 2222 STANISLAO
856 2178 1269 2221 CARDINALI
1301 2178 1551 2231 HOSIO,

375 2255 438 2288 uni
464 2266 510 2288 ex
537 2254 677 2288 concilii
702 2253 890 2288 tridentini
916 2253 1154 2299 praesidibus,
1183 2253 1349 2298 episcopo
1375 2253 1583 2288 varmiensi.

696 2334 898 2382 Oeniponte
924 2333 957 2370 3.
984 2333 1144 2382 Augusti
1170 2334 1265 2371 1562.

212 2419 268 2453 Ex
293 2419 510 2464 archetypo,
538 2419 632 2464 quod
659 2418 826 2453 Canisius
852 2430 919 2452 sua
944 2430 1053 2453 manu
1079 2418 1297 2464 subscripsit
1325 2418 1404 2462 (203
1443 2419 1460 2453 1
1488 2431 1542 2464 p.;
1578 2419 1615 2453 in
1641 2430 1675 2464 p.
1703 2420 1736 2454 4.
1763 2419 1871 2454 inser.

99 2474 135 2506 et
160 2473 258 2517 sig).
311 2473 395 2507 Cod.
422 2472 520 2517 goth.
553 2472 613 2515 „E.
640 2472 684 2506 H.
713 2472 752 2505 2“
784 2472 808 2506 f.
835 2472 892 2506 47.
918 2472 976 2506 48.

215 2586 230 2600 ³
257 2580 338 2621 Sim
364 2580 600 2624 compescat?
695 2579 710 2599 b
740 2578 844 2622 Cypr.
873 2590 937 2613 om.
964 2590 1013 2613 ven
1039 2590 1112 2623 sqq.

217 2685 228 2704 ¹
253 2684 295 2717 ln
322 2684 603 2728 congregatione
630 2683 793 2727 generali
819 2683 876 2718 20.
903 2683 986 2717 Iulii
1022 2683 1146 2717 habita
1172 2683 1193 2717 2
1222 2682 1484 2728 archiepiscopi
1520 2685 1556 2717 et
1583 2684 1603 2717 5
1631 2683 1789 2728 episcopi
1816 2683 1874 2717 de-

95 2737 181 2772 lecti
207 2739 320 2780 erant,
355 2737 417 2782 qui
443 2737 578 2771 abusus
604 2737 647 2771 de
673 2736 850 2771 sacrificio
877 2737 1009 2772 missae
1036 2739 1265 2771 occurrentes
1291 2736 1507 2780 colligerent
1534 2736 1756 2780 (Massarellz'
1781 2735 1874 2771 Acta

95 2791 190 2836 apud
222 2792 375 2825 Tleeiner
399 2790 422 2825 l.
450 2802 480 2825 c.
507 2790 550 2832 II,
579 2790 634 2824 59.
686 2791 837 2824 Paleotti
862 2791 954 2824 Acta
979 2790 1002 2825 l.
1030 2801 1060 2825 c.
1086 2790 1131 2832 II,
1158 2790 1237 2825 589.
1289 2791 1466 2824 Ilffusottus
1491 2789 1514 2824 l.
1543 2801 1572 2824 c.
1599 2802 1633 2834 p.
1661 2790 1735 2834 22).

216 2845 229 2864 2
257 2843 478 2888 Sigismundi
505 2843 674 2887 Augusti.

216 2898 228 2918 3
254 2897 427 2931 Albertus
453 2896 592 2942 Kryski
620 2896 682 2941 (cf.
707 2898 828 2931 Turba
848 2896 871 2931 l.
892 2896 1003 2939 e.111,
1032 2896 1125 2940 19)‘?
1153 2896 1331 2941 Georgius
1357 2896 1544 2930 Ticinius‘?
1572 2896 1683 2931 Cuius
1708 2898 1875 2942 nepotem

97 2952 293 2995 Georgium
320 2950 575 2985 Kuklinowski
602 2962 633 2984 a.
663 2950 752 2984 1561
781 2949 933 2993 collegio
961 2950 995 2984 S.
1022 2950 1054 2985 J.
1081 2949 1341 2984 vindobonensi
1367 2949 1404 2983 in
1440 2949 1666 2994 disciplinam
1701 2949 1876 2984 traditum

95 3016 175 3040 esse
201 3017 248 3039 ex
277 3005 439 3039 Cromeri
464 3003 597 3037 litteris
623 3014 733 3048 supra
758 3015 792 3048 p.
820 3003 888 3038 396
915 3003 1123 3037 memoratis
1150 3003 1390 3047 cognoscitur.

215 3059 228 3078 4
258 3057 424 3101 „Davus“
454 3057 491 3091 in
517 3056 666 3100 antiqua
689 3056 872 3091 comoedia
890 3068 1020 3091 nomen
1046 3056 1123 3091 eius
1141 3058 1207 3098 est,
1235 3057 1296 3100 qui
1321 3058 1433 3101 typus
1450 3054 1606 3089 hominis
1625 3055 1875 3098 adolescentis,

97 3111 230 3153 nasuti,
256 3111 388 3153 frivoli,
416 3109 648 3145 correctionis
674 3109 898 3155 impatientis
933 3110 1126 3144 inducitur.
1183 3109 1325 3152 „Davos
1351 3120 1441 3151 sum,
1476 3120 1548 3143 non
1573 3108 1775 3154 Oedipus“:
1815 3111 1877 3144 Te-

99 3166 248 3209 rentius,
274 3163 412 3198 Andria
438 3175 473 3198 v.
503 3163 582 3198 194.
