2093 3444
231 160 317 201 330
794 157 874 192 643.
913 157 1078 192 Canisius
1104 156 1262 191 Thomae
1289 156 1439 192 Busaeo.

1052 274 1184 316 (343.

969 366 1268 415 CANISIUS

786 465 1099 508 TROMAE
1133 464 1446 518 BUSAEO,

509 548 709 593 collegialis
736 548 911 583 ecclesiae
938 547 972 582 S.
999 547 1173 592 Stephani
1199 546 1493 592 noviomagensis
1519 550 1690 584 canonico
1704 551 1725 584 ¹.

669 629 840 676 Augusta
864 628 1141 665 Vindelicorum
1167 628 1215 665 16.
1242 628 1450 665 Decembris
1477 629 1563 667 1561.

348 714 403 748 Ex
430 713 655 759 apographo,
692 713 816 748 eodem
851 714 926 747 fere
960 715 1121 757 tempore
1147 711 1316 746 Coloniae
1351 724 1372 746 a
1399 713 1438 747 P.
1465 714 1657 748 Leonem-do
1683 715 1822 758 Kessel,
1861 713 2003 758 collegii

228 767 442 802 coloniensis
468 771 617 808 rectore,
643 767 790 812 scripto.
842 767 926 802 Cod.
953 765 1065 801 colon.
1098 766 1240 808 „Kess.“
1271 766 1307 800 in
1334 778 1364 800 a.
1395 767 1483 801 1561
1511 767 1534 801 f.
1561 767 1756 802 43b-44³.

347 820 549 866 Epistulam
585 820 723 866 primus
758 820 949 864 evulgavit
974 821 1123 853 Han-sen
1148 819 1170 853 l.
1198 831 1227 854 c.
1264 831 1297 864 p.
1323 820 1405 854 411.
1457 819 1525 862 Qui
1560 832 1638 855 eam
1673 821 1718 855 ad
1744 820 2005 856 Theodoricum

228 875 409 909 Busaeum
435 874 690 918 noviomagum
726 874 847 908 datam
883 885 962 908 esse
998 875 1139 914 censet,
1176 884 1282 917 quem
1309 873 1550 915 Busaeorum,
1586 874 1647 918 qui
1674 874 1891 909 Societatem
1921 874 2003 908 Iesu

227 928 382 972 ingressi
407 930 493 962 sunt
514 927 683 972 (loannis,
712 927 819 968 Petri,
847 926 1053 970 Theodori),
1080 928 1221 972 patrem
1246 927 1359 961 fuisse
1385 927 1575 962 coniectat.

346 1005 490 1038 Bedlam
516 1005 663 1038 1ἰιιῖηῖαεί
687 1005 804 1037 mittit.
842 1004 1022 1037 Bccsaeztm
1048 1004 1183 1037 laudat.
1224 1004 1405 1046 Aussicstae
1430 1015 1487 1037 res
1511 1015 1596 1037 suas
1615 1015 1786 1047 prospere
1810 1005 2001 1039 succedere.

228 1059 351 1092 Preces
386 1060 482 1102 petit.
534 1058 638 1091 Pium
671 1059 694 1091 I
700 1058 734 1091 V.
771 1058 911 1090 curiam
946 1057 1146 1099 reformare
1184 1061 1213 1089 et
1249 1057 1391 1090 concilii
1428 1058 1532 1090 rebus
1570 1058 1756 1101 diligenter
1786 1060 2002 1101 prospicere.

226 1112 406 1145 Busaeum
441 1116 562 1155 νομαί,
604 1116 639 1144 ut
676 1112 866 1145 iubilaeecm.
900 1111 1112 1153 Noviomafsi
1139 1111 1443 1154 promulgandam
1484 1115 1513 1144 et
1548 1112 1861 1145 commendandum
1896 1116 2003 1145 curet.

230 1165 365 1199 Contra
399 1176 601 1208 supremam
635 1165 735 1198 *illam
766 1165 864 1197 Petra·
898 1164 1101 1197 cathedram
1139 1165 1264 1207 impios
1297 1164 1439 1207 frustra
1475 1166 1693 1208 conspirare.
1750 1165 2004 1199 TheodorIcmn

230 1219 416 1253 Cam·sim›1.
442 1219 577 1252 laudat.
630 1218 852 1261 Propinquos
878 1229 919 1250 ac
945 1219 1031 1250 efres
1057 1228 1173 1250 omnes
1197 1218 1282 1258 fidet?
1306 1218 1494 1251 catholicae
1529 1229 1570 1251 ac
1597 1219 1805 1252 concordiae
1829 1219 2005 1252 studiosos

227 1284 297 1306 esse
322 1274 428 1315 cupit.
480 1273 532 1306 De
558 1273 702 1306 concilii
725 1273 894 1314 episcopis
919 1275 950 1304 et
975 1271 1180 1304 oratoribus
1207 1282 1293 1304 nora
1322 1272 1440 1314 refert.

345 1360 441 1403 Etsi
475 1359 780 1414 occupationes
813 1373 935 1402 meae
959 1359 1034 1401 vix
1066 1360 1225 1410 ferant,
1260 1362 1309 1402 vt
1341 1360 1480 1402 literis
1512 1360 1737 1403 mittendis
1770 1360 1867 1402 dem
1901 1375 2002 1415 ope-

225 1440 342 1477 ram,
385 1429 535 1469 tamen
567 1425 758 1468 charitas
792 1424 978 1476 excitat,
1018 1427 1069 1466 vt
1100 1439 1186 1467 vna
1219 1439 1315 1467 cum
1347 1424 1602 1479 Apostolica
1633 1425 1783 1468 bulla2
1816 1425 2002 1468 scribam

227 1491 389 1545 ahquid
414 1527 422 1533 .
447 1490 705 1546 praesertim
728 1491 782 1532 ad
809 1489 1118 1532 amicissimum
1143 1490 1297 1540 virum,
1333 1490 1399 1532 cui
1422 1505 1503 1541 me,
1537 1490 1700 1534 fratres
1713 1496 1738 1542 ¹²,
1774 1494 1818 1534 et
1840 1491 2004 1534 amicos

228 1571 389 1608 omnes,
422 1556 538 1598 haud
570 1570 721 1610 parum
756 1555 913 1598 debere
945 1556 1047 1598 scio.

343 1623 409 1664 Ac
442 1622 493 1664 de
525 1621 686 1664 nostris
719 1621 890 1674 quidem
922 1621 1065 1672 rebus,
1106 1635 1213 1674 quas
1246 1621 1301 1663 ad
1333 1635 1456 1663 suam
1488 1621 1673 1675 gloriam
1707 1621 1904 1664 dominus
1936 1622 2002 1664 in·

228 1687 319 1730 dies
362 1688 503 1741 magis
546 1687 772 1740 magisque
812 1690 1066 1741 prosperat,
1112 1687 1254 1729 dicere
1287 1687 1561 1741 supersedeo.
1629 1687 1712 1730 tuis
1743 1701 1796 1730 ac
1830 1689 2004 1730 tuorum

228 1767 407 1807 egemus
438 1753 507 1795 hic
539 1752 759 1807 precibus,
804 1755 853 1795 vt
884 1751 936 1793 in
978 1752 1153 1794 medio
1195 1752 1478 1806 luporum3
1520 1752 1645 1794 simul
1687 1756 1732 1796 et
1764 1767 1867 1795 oues
1900 1753 2002 1795 sim-

227 1819 383 1873 plices,
423 1821 467 1861 et
499 1820 725 1872 serpentes
757 1817 978 1872 sapientes
1011 1831 1106 1860 esse
1138 1817 1385 1872 possimus*
1418 1817 1574 1860 Christi
1607 1832 1775 1860 summa
1806 1818 2003 1872 benigni-

226 1886 342 1934 tate,
377 1884 448 1937 qui
480 1897 737 1938 promouere
770 1886 814 1926 et
846 1883 1122 1925 sanctificare
1155 1882 1359 1936 dignetur
1390 1882 1471 1924 hoc
1503 1897 1626 1924 suum
1663 1897 1769 1937 opus
1802 1885 1847 1926 et
1878 1883 2003 1925 mini-

229 1949 409 1991 sterium
442 1951 639 1991 nostrum
671 1949 726 1990 ad
760 1948 873 2002 quod
906 1962 1054 1990 sumus
1086 1947 1305 1990 vocatib5.

346 2014 442 2057 Erit
474 2017 620 2056 autem
654 2014 767 2068 apud
801 2013 962 2056 amicos
995 2013 1120 2068 Xenij
1154 2013 1268 2064 loco,
1311 2016 1361 2056 vt
1393 2027 1519 2068 spero
1553 2015 1598 2055 et
1630 2016 1754 2068 opto,
1795 2027 2001 2067 magnum

226 2079 333 2121 illud
365 2080 588 2122 Pontificis
621 2079 802 2122 Maximi
833 2079 1110 2130 beneficium,
1155 2079 1268 2132 quod
1301 2079 1451 2121 electis
1484 2079 1664 2122 offertur
1696 2079 1914 2130 omnibus,
1959 2081 2003 2122 et

228 2144 493 2199 singularem
534 2145 689 2186 summi
721 2144 914 2199 pastoris
956 2144 1101 2198 arguit
1134 2144 1409 2198 vigilantiam
1451 2143 1493 2185 in
1531 2144 1747 2198 pascendo
1780 2144 2002 2187 Catholico

227 2224 362 2264 grege
378 2211 406 2253 6.
470 2210 564 2252 Nec
596 2210 722 2252 video
755 2210 827 2263 qui
868 2210 1037 2264 possint
1079 2223 1182 2252 oues
1214 2210 1373 2252 Christi
1415 2210 1602 2261 censeri,
1645 2210 1717 2263 qui
1747 2212 1839 2253 tam
1871 2210 2000 2264 piam,

227 2275 284 2330 pij
330 2275 520 2329 pastoris
561 2289 714 2318 vocem
755 2276 1037 2329 neglig-unffi,
1084 2276 1183 2317 dum
1226 2275 1281 2317 ad
1323 2275 1594 2317 Christianae
1638 2275 1816 2330 pietatis
1860 2274 2003 2317 officia

227 2340 496 2383 Christianos
529 2354 678 2382 omnes
709 2340 753 2382 in
784 2355 831 2382 re
863 2343 955 2383 tam
986 2340 1125 2394 graui,
1161 2342 1316 2383 sancta
1348 2343 1393 2383 et
1424 2340 1670 2383 necessaria
1702 2340 1881 2384 excitat.

347 2405 466 2447 Idem
506 2406 811 2448 reformandae
853 2405 998 2448 curiae
1033 2405 1227 2448 Romane
1269 2419 1382 2447 nunc
1424 2405 1500 2447 dat
1540 2420 1716 2460 operam
1732 2406 1761 2449 8.
1825 2404 2000 2460 Concilij

347 2545 362 2560 a
387 2539 539 2573 fratrem
566 2540 613 2573 H.
712 2539 727 2559 b
753 2538 858 2573 arciti
884 2540 932 2573 H.

351 2662 361 2682 ¹
388 2661 491 2702 Vide,
518 2672 610 2705 quae
637 2661 703 2694 sub
730 2660 829 2705 ipsas
854 2660 921 2695 has
947 2660 1090 2695 litteras
1116 2660 1288 2695 dicentur.

349 2715 363 2736 ²
389 2715 444 2749 Ex
466 2714 522 2756 iis,
549 2725 642 2758 quae
659 2716 870 2758 sequuntur,
897 2714 1004 2748 facile
1023 2714 1263 2757 cognoscitur,
1290 2712 1424 2747 bullam
1446 2712 1632 2755 „iubilaei“
1654 2712 1861 2756 significari,
1887 2711 2002 2747 Roma

232 2769 286 2804 15.
312 2767 529 2803 Novembris
557 2767 645 2802 1561
683 2767 824 2801 concilii
858 2767 1006 2801 iuvandi
1041 2767 1161 2810 gratia
1196 2777 1217 2801 a
1243 2766 1307 2800 Pio
1334 2765 1395 2800 IV.
1431 2766 1568 2806 datam;
1608 2766 1651 2800 de
1687 2777 1758 2810 qua
1783 2765 1866 2800 vide
1891 2776 2002 2811 supra

229 2834 263 2867 p.
292 2822 394 2856 328⁴.
495 2821 508 2841 ³
533 2820 666 2855 Matth.
695 2820 748 2859 10,
777 2820 831 2854 16.
931 2822 944 2840 ‘²
971 2820 1025 2855 Cf.
1051 2820 1183 2854 Matth.
1214 2820 1266 2861 10,
1296 2820 1350 2854 16.
1392 2818 1477 2854 Luc.
1507 2819 1559 2860 10,
1587 2819 1618 2853 3.

349 2875 363 2894 ⁵
389 2874 442 2908 Cf.
470 2874 552 2908 Act.
581 2873 635 2914 13,
663 2873 702 2914 2;
733 2873 787 2914 16,
817 2873 878 2914 10;
905 2873 961 2914 20,
988 2874 1044 2908 24.
1088 2873 1168 2908 Gal.
1197 2873 1227 2914 1,
1257 2873 1311 2907 15.
1354 2872 1444 2918 Eph.
1471 2873 1504 2913 4,
1533 2872 1575 2906 12
1602 2875 1670 2906 etc.

350 2928 363 2948 ⁶
389 2926 442 2961 Cf.
469 2927 517 2961 Io.
545 2927 601 2968 21,
630 2927 780 2960 15-17.
879 2927 892 2946 ⁷
919 2926 972 2961 Cf.
999 2926 1048 2961 Io.
1078 2927 1132 2968 10,
1159 2926 1263 2960 2-5,
1291 2926 1347 2960 26.
1374 2926 1430 2960 27.

350 2980 363 3000 ³
387 2979 475 3014 Pius
492 2979 553 3014 IV.
580 2979 686 3024 paulo
712 2981 796 3013 ante
822 2979 1139 3023 congregationem
1165 2978 1411 3019 cardinalium,
1438 2989 1530 3022 quae
1552 2978 1660 3012 rebus
1678 2977 1819 3012 concilii
1837 2979 1874 3011 et
1890 2977 1999 3012 refor-

228 3033 378 3067 mationi
408 3032 645 3075 „conclavis“,
672 3032 833 3067 datariae
852 3034 919 3067 etc.
947 3044 1091 3077 operam
1111 3033 1223 3072 daret,
1250 3032 1477 3073 instituerat;
1504 3030 1566 3076 qui
1583 3030 1785 3065 cardinales
1803 3041 1884 3065 cum
1901 3030 1998 3065 theo-

228 3086 323 3130 logis
360 3085 513 3130 aliisque
550 3086 754 3120 doctoribus
791 3085 846 3120 bis
883 3085 1038 3128 singulis
1071 3085 1305 3120 hebdomadis
1340 3085 1652 3128 congregabantur
1688 3082 1840 3129 (Siclcel,
1875 3083 2000 3118 Trient

229 3151 263 3184 p.
290 3139 370 3173 242.
425 3139 488 3173 οη.
515 3140 716 3173 Pam-inias
750 3137 792 3174 Ο.
819 3138 876 3173 Er.
905 3138 940 3173 S.
975 3139 1089 3182 Aug,
1124 3137 1286 3172 Historia
1322 3137 1361 3172 B.
1387 3137 1552 3171 Platinae
1587 3137 1630 3171 de
1665 3135 1752 3170 vitis
1784 3136 1998 3171 Pontificum
