2093 3444
708 222 770 256 III.
808 220 968 256 Tabulae
995 220 1266 264 chronologicae
1293 220 1391 256 vitae
1418 220 1563 257 Canisii.

326 340 416 376 1562
509 350 510 363 ¹
612 339 705 381 Aug.
733 338 788 371 24.
890 334 1016 371 [Festo
1048 337 1082 371 S.
1110 335 1375 371 Bartholomaei
1401 338 1467 382 Ap.
1503 338 1632 373 ibidem
1668 339 1712 373 de
1745 339 1859 374 sacris
1894 339 2018 375 diebus

509 390 511 427 J*
976 389 1281 432 ,sanctificandis“
1312 391 1348 424 et
1373 390 1417 424 de
1443 391 1631 435 evangelio
1657 392 1745 427 dicit
1773 392 1869 435 (634.
1895 392 1994 435 635).

326 452 416 487 1562
509 449 511 481 ἱ
613 451 705 493 Aug.
733 449 789 485 30.
910 449 1011 483 Dom.
1038 448 1116 483 XV.
1143 460 1175 494 p.
1203 448 1304 483 Pent.
1332 448 1463 483 ibidem
1494 451 1609 485 sacris
1634 451 1759 485 diebus
1784 451 2017 487 laborandum

970 514 1039 536 non
1066 513 1146 537 esse
1172 502 1329 536 ostendit
1355 504 1391 536 et
1417 514 1462 536 ex
1488 504 1678 548 evangelio
1704 504 1773 539 diei
1790 505 2018 540 sacerdotum

971 555 1183 599 dignitatem
1210 555 1435 590 commendat
1464 556 1559 599 (621.
1587 558 1685 601 644).

324 655 426 692 1562
510 670 511 674 ’
557 653 705 689 subm.
736 651 840 699 Sept.
891 650 1073 688 ἶΠηιετὶἱε
1123 651 1296 696 ,Parcus
1347 652 1593 689 catechismus
1638 650 1940 691 Catlz-olicormn“
1992 666 2017 691 a

969 710 1012 747 P.
1042 710 1139 759 Any.
1169 710 1319 748 Dom'tio
1354 710 1393 748 S.
1422 711 1460 748 J.
1498 711 1618 749 italice
1656 725 1785 750 versus
1822 712 2018 761 eculyatur

971 768 1092 816 (788).

326 872 415 906 1562
622 872 719 913 ¹Sept.
749 869 779 902 1.
891 866 1064 916 canisii,
1099 871 1140 902 ut
1174 867 1333 909 videtur,
1368 879 1478 902 suasu
1509 868 1556 903 Io.
1583 868 1728 903 Schmid
1762 881 1900 904 errores
1935 880 2015 903 ana-

969 920 1181 966 baptisticos
1207 921 1326 966 palam
1352 923 1526 956 retractat
1554 922 1668 965 (612).

325 980 414 1013 1562
623 978 719 1020 Sept.
747 976 779 1009 6.
909 973 1010 1008 Dom.
1038 973 1134 1009 XVI.
1168 987 1200 1019 p.
1229 974 1330 1009 Pent.
1359 975 1524 1009 Canisius
1559 975 1595 1009 in
1629 976 1717 1009 aede
1742 976 1918 1016 maxima,
1954 987 2017 1010 cur

969 1026 1066 1061 Deus
1100 1028 1288 1062 sabbatum
1320 1028 1488 1072 religiose
1515 1028 1573 1071 agi
1600 1028 1764 1069 iusserit,
1800 1028 1956 1064 ostendit
1979 1031 2017 1063 et

969 1080 1144 1116 adversus
1171 1081 1360 1116 avaritiam
1387 1082 1475 1116 dicit
1504 1082 1617 1125 1621).

324 1140 414 1174 15132
620 1136 716 1182 Sept.
744 1136 775 1170 8.
910 1134 1016 1169 Festo
1034 1134 1247 1170 Nativitatis
1266 1135 1304 1169 B.
1324 1135 1372 1169 M.
1392 1135 1446 1176 V.,
1473 1147 1565 1180 quae
1591 1135 1731 1170 utilitas
1757 1147 1802 1170 ex
1828 1135 2015 1179 evangelio

969 1187 1038 1222 diei
1078 1189 1156 1234 capi
1190 1188 1325 1234 possit,
1362 1191 1398 1223 et
1433 1200 1540 1233 quam
1575 1190 1692 1224 saneti
1726 1188 1862 1223 Mariae
1899 1200 2016 1224 mores

969 1242 1111 1283 fuerint,
1139 1242 1269 1276 ibidem
1296 1242 1383 1276 dicit
1411 1243 1524 1286 (617).

324 1301 413 1335 1562
608 1297 704 1342 Sept.
737 1298 788 1331 13.
910 1295 1009 1329 Dom.
1038 1295 1151 1330 XVII.
1178 1307 1212 1340 p.
1239 1295 1341 1330 Pent.
1368 1295 1510 1337 ibidem,
1537 1308 1606 1340 quo
1634 1295 1710 1330 iure
1736 1296 1926 1331 sabbatum
1955 1295 2014 1330 ab·

969 1351 1134 1393 rogatum
1166 1349 1230 1389 sit,
1263 1349 1420 1383 ostendit
1458 1353 1494 1383 et
1519 1348 1578 1392 [ex
1605 1361 1660 1384 ev.
1687 1349 1770 1393 diei]
1797 1349 1840 1384 de
1865 1349 2015 1384 mortuis

968 1402 1183 1437 honorandis
1210 1404 1245 1437 et
1271 1402 1438 1437 iuvandis
1464 1402 1551 1437 dicit
1579 1403 1693 1446 (621).

323 1463 413 1497 1562
608 1458 703 1503 Sept.
735 1460 785 1493 15).
909 1455 1155 1501 Christophori
1182 1456 1333 1496 Reuter‚
1361 1456 1636 1501 protestantium
1663 1456 1926 1491 austriacorum
1952 1456 2014 1490 mi-

967 1509 1082 1550 nistri,
1102 1509 1230 1544 librum
1254 1509 1548 1552 „Bekanntnuss“
1571 1509 1782 1544 Tridentum
1801 1510 1845 1544 ad
1863 1509 2013 1545 Hosium

968 1563 1079 1597 mittit
1106 1563 1220 1606 (484).

323 1624 413 1658 1562
606 1619 702 1664 Sept.
731 1620 785 1654 20.
888 1616 1007 1651 «Dom.
1030 1616 1160 1651 XVIII.
1181 1628 1214 1662 p.
1235 1616 1335 1652 Pent.
1363 1617 1397 1651 in
1424 1617 1511 1651 aede
1537 1617 1696 1651 maxima
1725 1616 1788 1659 „de
1814 1616 2014 1662 privilegiis

967 1670 1192 1705 Dominicae“
1223 1672 1259 1705 et
1285 1671 1327 1705 de
1354 1670 1543 1714 evangelio
1568 1670 1637 1705 diei
1665 1670 1752 1705 dicit
1779 1668 1894 1713 (621).

324 1732 413 1765 1562
606 1726 701 1772 Sept.
730 1727 785 1761 21,
908 1724 1012 1758 Festo
1039 1723 1072 1758 S.
1101 1723 1276 1758 Matthaei
1302 1724 1444 1765 ibidem,
1474 1724 1649 1768 quomodo
1676 1722 1841 1758 Christus
1867 1723 2013 1758 domini-

967 1789 1047 1812 cum
1073 1778 1167 1812 diem
1193 1777 1508 1819 commendaverit,
1535 1777 1691 1812 ostendit
1710 1778 1746 1811 et
1764 1777 1806 1811 de
1824 1776 2013 1821 evangelio

967 1831 1035 1865 diei
1063 1831 1289 1866 contionatur
1318 1832 1433 1874 4621).

311 1892 412 1927 *1562
605 1887 703 1933 Sept.
730 1888 785 1922 26.
908 1884 1083 1919 Libellum
1118 1897 1250 1919 novum
1287 1885 1330 1919 ab
1358 1885 1502 1931 illyrico
1538 1886 1572 1918 et
1600 1883 1703 1918 Gallo
1737 1883 1911 1929 scriptum
1937 1883 2012 1918 'rri-

887 1945 889 1987 χ’
965 1939 1112 1973 dentum
1138 1939 1183 1973 ad
1210 1938 1361 1973 Hosium
1386 1937 1498 1972 mittit
1526 1937 1640 1980 (488).

322 1999 412 2034 1562
605 1996 701 2040 Sept.
729 1995 784 2029 27.
887 1992 1007 2026 {Dom.
1028 1991 1123 2026 X1X.
1150 2004 1183 2038 p.
1212 1992 1325 2032 Pent..
1352 1992 1525 2036 quomodo
1551 1993 1695 2025 veteres
1715 1989 1911 2025 Christiani
1936 1990 2013 2025 dies

965 2045 1161 2080 dominicos
1188 2046 1345 2088 egerint,
1374 2046 1409 2079 in
1435 2045 1522 2079 aede
1548 2044 1706 2079 maxima
1731 2044 1819 2078 dicit
1844 2046 1880 2078 et
1905 2055 2011 2078 evan-

322 2160 412 2194 1562
606 2156 701 2201 Sept.
730 2156 784 2190 29.
905 2099 1367 2187 Ε’θεῑὲᾙὲἷῃῦιῗίΐέειὲῗίξοὲῗ
1382 2099 1515 2197 ῒὲῗὲἐίι.)
1551 2151 1698 2195 eiusque
1725 2149 1949 2185 caerimoniis
1975 2151 2012 2184 et

964 2206 1008 2240 de
1033 2205 1172 2250 angelis
1198 2205 1329 2240 ibidem
1355 2205 1441 2240 dicit
1470 2204 1584 2248 (621).

311 2310 423 2351 1562
526 2304 620 2348 Oct.
663 2307 774 2347 1562
815 2299 1074 2361 adssanisio
1116 2299 1327 2342 suadente
1369 2302 1414 2342 et
1454 2298 1633 2341 iuvante
1673 2298 1716 2340 in
1748 2296 2009 2340 monasterio

538 2369 631 2413 init.
666 2384 703 2413 a.
733 2362 852 2413 '1563
965 2365 1006 2407 S.
1031 2364 1304 2416 Catharinae‚
1329 2364 1378 2408 O.
1401 2364 1486 2415 Pr.,
1519 2362 1726 2418 priorissa
1747 2361 2010 2405 severiorem

964 2429 1156 2473 instituit
1187 2429 1457 2484 disciplinam
1490 2428 1627 2481 (614).

322 2543 412 2578 1562
628 2539 706 2574 Oct,
734 2539 765 2574 3,
887 2525 1072 2590 1Οεηίεἰυε
1096 2533 1307 2568 Tridentum
1340 2533 1384 2568 ad
1416 2532 1566 2567 Hosium
1600 2532 1772 2566 librorum
1806 2530 2009 2575 catalogum

964 2587 1289 2622 francofurtensem
1315 2589 1350 2621 et
1370 2585 1738 2630 Magdeburgensium
1759 2583 2004 2626 mentm-iam*

965 2640 1042 2682 VL,
1074 2641 1118 2675 ad
1144 2640 1392 2675 Foscararium
1425 2640 1631 2685 episcopum
1664 2638 1903 2672 mutinensem
1929 2648 2008 2671 ean-

965 2693 1046 2728 dem
1073 2693 1279 2729 Centuriam
1304 2693 1417 2727 mittit
1445 2692 1678 2736 (490-492).

321 2763 412 2798 1562
505 2786 506 2805 ¹
629 2756 707 2792 Oct.
734 2758 766 2791 4.
905 2752 1004 2787 Dom.
1024 2751 1102 2786 XX.
1121 2765 1154 2798 p.
1172 2752 1275 2787 Pent.
1301 2751 1344 2786 de
1370 2750 1558 2795 evangelio
1584 2750 1653 2785 diei
1678 2749 1715 2784 in
1741 2749 1827 2784 aede
1851 2749 2009 2783 maxima

505 2815 506 2826 ¹
1003 2805 1009 2811 ·
1037 2805 1044 2812 ·
1134 2806 1148 2839 1
1198 2833 1205 2840 .

321 2871 411 2905 1562
505 2829 507 2906 i
617 2868 695 2903 Oct.
726 2870 778 2903 11.
906 2806 1128 2900 ΒΟΙΞΪΟΞΧἛ
1154 2806 1196 2910 ἒ).
1228 2863 1331 2898 Pent.
1367 2863 1497 2898 ibidem
1532 2862 1575 2897 de
1609 2859 1931 2907 supplicationibus
1964 2859 2008 2894 ob

505 2944 507 2955 ,
964 2917 1193 2963 pestilentiae
1221 2916 1421 2963 periculum
1453 2914 1685 2950 instituendis
1711 2913 1798 2949 dicit
1832 2915 1868 2947 et
1901 2924 2007 2947 evan-

506 2956 509 3041 .
964 2971 1098 3016 genum
1123 2970 1193 3004 diei
1219 2970 1366 3015 exponit
1395 2969 1508 3013 (623).

312 3073 423 3112 1562
507 3047 579 3113 ιειῐο
618 3070 712 3112 Oct.
752 3068 871 3123 (post
907 3067 952 3110 P.
984 3065 1104 3109 Hier.
1137 3064 1312 3108 Natalis
1353 3064 1525 3106 domum
1563 3062 1604 3105 S.
1635 3061 1677 3104 J.
1719 3062 2006 3114 augustanam

570 3134 733 3187 med.‘?)
765 3134 821 3176 ad
970 3130 1194 3182 „visitat“;
1235 3129 1328 3184 ipse
1369 3131 1414 3171 et
1445 3126 1640 3170 Canisius
1681 3139 1776 3167 cum
1817 3123 2006 3178 capitulo

607 3202 646 3242 9.
679 3199 793 3241 Nov.
888 3248 889 3251 Ἴ
967 3196 1019 3238 de
1051 3194 1233 3248 collegio
1266 3192 1485 3236 condendo
1517 3193 1655 3245 agunt
1686 3189 1804 3244 (516.
1839 3189 1956 3243 674).
