2093 3444
498 205 666 248 Augusta
691 204 958 239 Vindelicorum
987 206 1017 240 7.
1044 205 1259 240 Novembris
1288 205 1389 239 1562.
1743 208 1824 248 527

60 323 324 366 liberalitate
365 321 521 364 summi
552 322 754 372 Patroni,
797 322 868 375 qui
911 337 1011 364 suos
1052 323 1095 364 in
1136 337 1204 365 me
1247 337 1401 365 aureos
1442 323 1702 377 profundere
1745 336 1828 364 nou

62 387 239 438 desinit,
274 401 370 430 cum
404 401 484 440 ego
518 387 603 429 iam
637 390 738 429 ante
772 388 876 429 nihil
909 402 995 429 11011
1028 388 1227 439 debeam,
1262 391 1472 441 tantoque
1504 388 1548 429 in
1581 402 1649 430 me
1682 402 1829 430 amore

63 453 240 507 dignum
263 456 460 506 prestare
495 452 683 494 officium
710 453 871 494 nullum
896 453 1057 507 possim
1092 488 1100 496 .
1137 453 1312 495 Gaudeo
1335 453 1659 495 Confessionem
1691 452 1830 506 magis

63 532 114 561 ac
146 518 287 571 magis
325 517 498 571 augeri,
546 522 589 560 et
621 518 807 559 libenter
839 517 987 560 uidero
1021 532 1180 560 nouum
1213 519 1437 572 exemplar
1469 519 1830 572 Antuerpiense1.

62 584 106 625 in
131 597 212 637 quo
246 583 447 626 fortassis
480 597 565 625 non
589 583 771 625 deerunt
797 584 912 625 lectu
936 583 1067 637 digna
1088 584 1336 638 plaeraque,
1370 597 1481 637 quae
1502 583 1610 625 haec
1634 584 1832 637 Synodus

65 649 207 703 potuit
239 648 531 703 suppeditare,
566 648 822 702 praesertim
856 648 898 689 in
932 649 1231 691 Eucharistico
1265 649 1454 703 negotio.

183 713 240 755 Jn
267 713 439 768 Synodo
472 713 668 755 uidemus
690 713 928 755 Ecclesiam
964 716 1081 756 recte
1115 714 1303 756 conferri
1334 713 1503 756 mulieri
1534 714 1704 767 magnis
1738 728 1834 755 cum

67 779 303 832 angoribus
335 778 637 833 parturienti&
685 778 895 821 Exhibuit
928 779 1151 831 negotium
1184 794 1287 821 usus
1320 779 1480 829 calicis,
1514 793 1627 821 nunc
1660 779 1712 821 de
1744 779 1836 821 iure

68 844 213 886 diuino
246 844 404 887 iterum
438 844 708 898 disceptatur
743 879 750 886 .
785 843 891 885 Mihi
931 858 1015 885 non
1049 844 1249 898 displicet
1281 845 1327 887 P.
1362 845 1499 887 nostri
1531 845 1704 898 Laynez
1738 859 1835 886 sen-

67 909 222 960 tentia,
257 909 339 951 etsi
362 909 570 963 Hispanis
592 909 766 962 ingrata
790 908 859 958 sit,
895 908 1205 963 Episcoporum
1228 909 1546 953 institutionem
1580 913 1624 952 et
1646 910 1835 952 authori-

65 978 204 1018 tatem
236 975 340 1016 iuris
373 975 545 1028 quidem
578 988 672 1016 esse
706 974 851 1023 diuini,
887 974 962 1015 sed
994 974 1211 1017 mediante
1243 975 1452 1018 Pontifice
1468 976 1496 1018 3.
1546 975 1761 1017 Foelicem
1793 975 1836 1017 in

69 1040 269 1082 Sessione
302 1043 474 1094 partum
500 1040 640 1082 dictae
673 1039 878 1089 mulieris,
914 1040 1272 1092 quemadmodum
1296 1041 1615 1094 mitigationem
1648 1041 1834 1094 aliquam

68 1105 307 1159 Catalogi4,
343 1108 636 1160 expectamus

191 1170 382 1213 Offendit
415 1171 623 1224 quosdam
655 1184 741 1212 non
772 1169 970 1212 indoctos
1004 1170 1154 1212 Oratio
1188 1171 1421 1226 Fabricij5,
1456 1185 1584 1224 quam
1618 1185 1697 1225 ego
1731 1185 1836 1213 sane

70 1236 224 1278 uellem
259 1250 284 1278 a
306 1236 526 1289 Theologo
550 1235 735 1288 quodam
769 1248 848 1276 nec
880 1235 1052 1278 indocto
1088 1250 1166 1278 nec
1197 1236 1406 1279 indiserto
1438 1236 1578 1279 refelli
1603 1272 1610 1280 .
1636 1237 1838 1279 Arbitror

71 1304 217 1344 autem
249 1301 376 1343 isthic
400 1301 643 1355 complures
665 1300 762 1342 huic
786 1314 914 1354 pares
948 1315 1042 1342 esse
1065 1301 1253 1354 negotio,
1288 1302 1401 1356 quod
1422 1301 1525 1343 mihi
1558 1317 1642 1343 non
1665 1302 1836 1344 0111111110

73 1366 379 1420 negligendum
414 1366 598 1409 uidetur.

191 1432 320 1474 Mitto
365 1431 517 1474 foedas
562 1434 605 1474 et
650 1431 918 1473 execrandas
963 1431 1174 1484 imagines
1220 1446 1274 1473 ex
1315 1432 1622 1487 Ratisponensi
1667 1432 1837 1474 officina

74 1498 352 1552 prodeuntes,
387 1497 430 1538 in
463 1496 616 1550 quibus
649 1499 893 1539 extremum
925 1497 1147 1539 Ecclesiae
1181 1500 1475 1552 contemptum
1509 1498 1734 1540 declarant
1765 1498 1842 1540 ad-

75 1563 281 1617 uersarij,
325 1577 410 1604 non
443 1562 637 1604 homines
679 1562 755 1604 sed
788 1562 1003 1604 Christum
1041 1562 1182 1616 ipsum
1220 1563 1572 1617 blasphemantes
1586 1564 1613 1606 6.
1678 1563 1843 1606 Rithmi

74 1629 186 1671 belle
218 1628 483 1682 respondent
514 1627 699 1670 Pictoris
731 1627 925 1669 insaniae
967 1641 1017 1669 ac
1048 1627 1262 1682 impietati
1298 1663 1305 1670 .
1341 1628 1613 1683 Superbia
1655 1643 1837 1671 eorum

75 1694 333 1736 ascendit
365 1694 629 1748 semper7,
664 1706 791 1746 quam
827 1693 1063 1735 confundat
1095 1693 1304 1735 Dominus
1317 1694 1345 1744 3,
1388 1697 1436 1736 ut
1468 1694 1668 1736 desinant
1700 1694 1835 1736 male—

77 1759 220 1801 dicere
262 1759 376 1813 filij
419 1758 885 1801 maledictionisss.

197 1824 317 1867 Nihil
336 1825 476 1866 adhuc
494 1824 602 1867 satis
621 1827 793 1867 constat
813 1824 864 1865 de
884 1826 1098 1866 conuentu
1117 1823 1512 1875 Franckfordiensi,
1535 1824 1578 1866 in
1597 1838 1680 1878 quo
1698 1827 1846 1867 tamen

76 1889 401 1944 Archiepiscopi
418 1891 465 1940 10,
499 1892 548 1932 ut
570 1903 807 1944 speramus,
842 1889 1150 1943 impetrabunt,
1184 1892 1232 1931 ut
1265 1889 1322 1931 sit
1352 1889 1457 1943 ipsis
1486 1889 1668 1931 liberum
1701 1893 1745 1932 et
1776 1893 1846 1933 ut—

80 1969 247 2009 cunque
279 1958 421 1998 tutum
446 1955 666 2009 Synodum
694 1955 913 1997 accedere.
958 1954 1169 1996 Fortunet
1191 1954 1400 1996 Dominus
1423 1955 1678 1997 electionem
1700 1955 1846 2009 Regis,

80 2035 207 2075 quem
222 2021 468 2063 Catholicus
482 2020 580 2062 Rex
595 2020 818 2075 Philippus
833 2019 1095 2073 Aquisgrani
1111 2019 1338 2072 magnifice
1353 2022 1614 2074 excepturus
1629 2020 1786 2064 dicitur
1799 2023 1848 2071 ¹¹,

202 2179 212 2199 ¹
239 2179 337 2213 Haec
369 2178 633 2221 „Confessionis
659 2178 761 2212 fidei‘
793 2178 964 2212 hosianae
991 2176 1097 2210 editio
1124 2176 1313 2210 emendata
1339 2188 1370 2211 a.
1395 2177 1483 2212 1563
1511 2178 1733 2223 Antverpiae
1759 2178 1852 2223 apud

82 2232 250 2266 Ioannem
278 2232 451 2267 Stelsiuin
477 2232 512 2266 in
540 2232 583 2267 8⁰
618 2232 654 2266 in
679 2231 796 2266 1000111
828 2231 1012 2275 proditura
1048 2232 1125 2264 erat
1153 2230 1275 2273 (Hosv'i
1300 2229 1484 2275 Epistolae
1510 2231 1562 2272 II,
1591 2231 1854 2275 1005—1008).

202 2285 215 2306 2
241 2285 294 2320 Cf.
321 2286 430 2321 Mich.
457 2287 489 2327 4,
518 2286 550 2320 9.
581 2286 634 2320 10.
677 2285 726 2319 Io.
757 2286 810 2325 16,
839 2285 894 2319 21.
938 2285 1047 2329 Apoc.
1078 2284 1130 2325 12,
1157 2284 1189 2317 2.

204 2339 216 2359 ³
240 2339 320 2373 Non
347 2340 389 2374 de
415 2341 596 2385 potestate
623 2339 776 2376 ordinis.
805 2350 896 2382 quae
923 2338 1101 2382 episcopis
1128 2337 1170 2371 ab
1197 2337 1274 2382 ipso
1300 2336 1385 2379 Deo,
1411 2337 1509 2372 nullo
1537 2337 1767 2383 interposito,
1794 2338 1855 2372 tri-

83 2393 223 2435 buitur,
259 2393 321 2427 sed
350 2393 392 2427 de
418 2395 598 2438 potestate
624 2391 883 2426 iurisdictionis
909 2391 1048 2435 agitur,
1084 2402 1219 2435 neque,
1256 2390 1316 2434 qui
1342 2390 1434 2425 hanc
1461 2393 1629 2425 asserunt
1655 2403 1734 2426 esse
1768 2392 1857 2426 iuris

85 2446 326 2481 ecclesiastici
351 2447 430 2481 sive
455 2445 621 2488 humani,
648 2447 803 2489 negant,
831 2456 910 2479 eam
936 2444 1070 2478 ordinis
1096 2443 1383 2489 supernaturalis
1410 2456 1499 2485 esse,
1527 2445 1572 2479 ad
1598 2457 1659 2487 ea,
1687 2456 1777 2489 quae
1804 2457 1858 2479 or-

84 2500 203 2534 dinem
241 2502 393 2534 naturae
428 2500 626 2541 excedunt,
662 2498 816 2544 porrigi,
852 2500 987 2532 statum
1023 2497 1263 2542 episcopalem
1299 2498 1342 2531 ab
1369 2498 1446 2542 ipso
1473 2497 1616 2532 Christo
1652 2499 1857 2533 institutum

86 2564 184 2595 esse,
220 2553 337 2598 ipsum
374 2552 558 2588 Christum
594 2552 844 2593 constituisse,
879 2553 920 2585 ut
955 2550 1107 2585 ecclesia
1142 2562 1205 2595 per
1241 2551 1426 2596 episcopos
1460 2554 1648 2595 regeretur
1660 2565 1667 2593 ;
1703 2552 1766 2586 sed
1792 2552 1858 2586 1100

85 2608 227 2641 tantum
253 2608 408 2650 negant:
445 2618 524 2641 eam
550 2606 639 2640 iuris
666 2605 778 2640 divini
806 2616 904 2645 esse,
940 2604 971 2638 si
997 2604 1143 2645 modus,
1179 2615 1248 2648 quo
1274 2604 1470 2648 singularis
1505 2605 1626 2649 aliqua
1660 2605 1859 2640 iurisdictio

87 2659 303 2705 episcopalis
328 2660 413 2695 11010
438 2660 498 2694 vel
523 2660 577 2693 illi
603 2670 777 2705 personae
803 2658 974 2692 tribuitur
1000 2657 1059 2691 vel
1085 2669 1166 2691 cum
1191 2657 1259 2691 hac
1285 2657 1394 2691 illave
1412 2658 1640 2702 coniungitur
1657 2659 1753 2700 sede,
1780 2670 1859 2693 con-

87 2713 286 2755 sideretur;
321 2725 502 2748 summum
537 2713 631 2747 0111111
665 2712 872 2758 pontificem
907 2711 990 2745 huic
1025 2710 1158 2745 homini
1193 2710 1477 2745 iurisdictionem
1502 2711 1595 2745 hanc
1621 2711 1858 2756 episcopalem

87 2767 246 2801 tribuere
282 2767 417 2802 dicunt.
469 2767 523 2801 Cf.
556 2768 653 2801 Gm'l.
682 2767 842 2799 Wz'lmers
869 2766 903 2799 S.
932 2764 984 2806 J.,
1020 2764 1073 2798 De
1109 2764 1243 2798 Christi
1279 2763 1441 2798 Ecclesia
1479 2764 1713 2808 (Ratisbonae
1751 2765 1857 2809 1897)

88 2832 121 2865 p.
150 2821 350 2855 355—356.
403 2821 443 2855 111
469 2819 620 2855 concilio
646 2818 841 2853 tridentino
868 2817 958 2852 haec
985 2817 1149 2861 quaestio
1176 2817 1323 2851 definita
1349 2829 1419 2850 non
1446 2819 1512 2851 est.

208 2875 221 2894 4
247 2873 382 2909 Indicis
408 2874 582 2908 librorum
607 2872 879 2918 prohibitorum.
979 2871 992 2890 ⁵
1018 2870 1108 2904 Vide
1134 2882 1244 2915 supra
1270 2882 1304 2915 p.
1330 2870 1397 2904 491
1411 2871 1433 2904 ³.

210 2927 224 2948 ⁶
249 2927 386 2962 Multas
411 2926 618 2961 huiusmodi
643 2925 820 2968 imagines
846 2924 988 2958 notavit
1015 2925 1167 2958 Janssen
1197 2923 1220 2958 1.
1248 2935 1276 2958 c.
1305 2924 1365 2965 VI,
1393 2923 1543 2958 37—50.

212 2981 224 3001 ⁷
251 2980 310 3015 Ps.
338 2981 393 3022 73,
421 2981 477 3015 23.
577 2980 590 3000 ⁸
617 2979 670 3013 Cf.
697 2978 758 3012 Iob
784 2978 842 3019 40,
871 2979 901 3012 7.
937 2977 996 3011 Ps.
1028 2978 1103 3018 118,
1132 2977 1186 3011 78.

212 3034 226 3054 ⁹
251 3035 272 3068 2
299 3034 396 3068 Petr.
425 3034 458 3074 2,
487 3034 543 3068 14.

200 3087 227 3107 ¹⁰
251 3086 522 3132 Archiepiscopi
549 3085 724 3120 electores
750 3085 991 3127 moguntinus,
1019 3084 1250 3125 treverensis,
1278 3083 1509 3124 coloniensis;
1537 3083 1582 3118 cf.
1602 3095 1711 3129 supra
1729 3096 1762 3130 p.
1782 3084 1862 3119 383.

202 3141 225 3161 ¹¹
253 3141 442 3186 Philippus
462 3140 517 3181 ΙΙ.,
545 3138 742 3183 Hispaniae
766 3149 831 3172 rex
850 3139 886 3171 et
903 3137 1142 3171 Maximiliani
1161 3137 1203 3171 ΙΙ.
1223 3136 1408 3182 patruelis.
1442 3136 1662 3181 Aquisgrani
1683 3137 1860 3181 (Aachen)

93 3193 335 3228 Romanorum
370 3204 476 3237 reges
513 3191 672 3227 coronari
708 3191 873 3226 solebant
884 3203 891 3231 3
931 3191 994 3225 sed
1020 3190 1290 3225 Maximilianus
1325 3192 1515 3225 coronatus
1547 3192 1602 3224 est
1626 3191 1863 3226 Francofurti.
