2093 3444
240 192 320 226 666.
358 191 524 226 Oanisius
550 191 736 237 Alphonso
762 192 973 228 Sahneroni.
1013 194 1106 238 Aug.
1135 194 1242 229 Vind.
1270 195 1327 230 22.
1354 194 1540 229 Februarii
1570 196 1672 231 1562.
1764 199 1848 241 379

68 309 210 352 ianuis
251 310 306 351 ad
348 308 581 364 discipulos
623 309 825 354 intrasse.
890 312 948 353 Et
989 312 1158 355 interea
1198 312 1351 355 uolunt
1392 314 1540 355 uocari
1579 314 1848 368 Euangelici,

71 375 143 428 qui
175 377 267 418 tam
301 388 555 428 expressam
578 375 809 430 Euangelij
843 390 996 418 uocem
1027 391 1190 431 negare
1223 392 1309 419 non
1342 378 1557 421 dubitant.
1600 380 1719 421 Deus
1751 394 1850 434 pre-

71 440 234 482 candus
276 443 343 482 est
375 442 424 483 ut
464 439 663 482 faelicem
704 455 985 495 progressum
1027 445 1071 484 et
1114 456 1360 485 successum
1392 443 1519 485 huius
1552 444 1728 499 Concilij
1762 446 1850 487 lar-

70 505 230 559 giatur.
302 505 399 547 Huc
443 505 557 547 enim
602 508 774 560 spectat
817 506 1033 549 Sathanas
1078 510 1126 550 ut
1171 522 1342 550 omnem
1387 509 1677 551 Christianam
1721 510 1848 552 fidem

69 584 248 625 prorsus
281 573 474 622 euertat,
516 584 596 612 nec
630 571 842 613 hactenus
884 571 922 613 ei
965 575 1147 615 conatus
1188 573 1324 627 ipsius
1364 587 1518 628 parum
1560 574 1775 617 foeliciter
1806 576 1850 616 in

70 635 289 690 plerisque
321 636 427 678 locis
450 635 657 678 cessissea
688 636 892 679 uidentur
926 672 932 679 .
969 638 1052 680 Sed
1075 638 1282 692 respiciet
1305 638 1538 692 aliquando
1561 639 1680 681 Deus
1713 640 1850 682 oculis

71 700 395 743 misericordiae
435 715 541 743 suae
575 701 786 755 Sponsam
828 716 948 743 suam
989 703 1256 755 Ecclesiam,
1298 718 1377 746 000
1419 718 1515 747 eam
1554 705 1757 759 procellis
1798 720 1850 748 ac

71 767 408 820 tempestatibus
455 766 580 808 istisb
631 766 955 809 imminentibus
1008 768 1129 809 obrui
1176 769 1390 823 patietur:
1445 769 1554 820 Quin
1601 770 1746 825 potius
1795 771 1850 813 ad

73 834 298 886 optatumc
329 832 664 885 tranquillitatis
696 834 867 886 portum
901 833 1122 887 perducet.
1187 834 1307 884 Quod
1340 838 1388 877 ut
1420 835 1556 878 :faciat
1588 839 1723 889 utque
1756 836 1849 878 foe-

72 897 199 939 licem
231 897 328 939 huic
352 897 514 940 Sacrod
545 897 735 940 Concilio
767 912 1011 939 successum
1037 899 1246 942 concedat
1277 901 1366 942 tuis
1396 903 1440 943 et
1462 901 1646 942 aliorum
1678 901 1847 955 piorum

73 962 285 1017 precibus,
321 977 428 1016 quas
449 977 616 1017 puras
648 977 838 1005 manus
872 963 926 1005 ad
948 964 1087 1005 Deum
1119 965 1382 1007 leuandoe
1406 964 1501 1020 [?]1
1532 966 1714 1009 fundere
1737 981 1846 1009 nun-

74 1041 204 1081 quam
236 1028 512 1079 intermittis,
555 1029 756 1070 effectum
788 1028 841 1070 iri
873 1043 1110 1083 speramus.
1175 1030 1332 1072 Fidant
1373 1030 1444 1085 alij
1487 1031 1541 1073 in
1574 1032 1845 1084 curribus,

75 1096 128 1136 et
159 1093 211 1135 in
245 1093 422 1147 equis,
457 1108 552 1135 nos
585 1095 767 1136 autem
799 1093 851 1135 in
884 1094 1125 1136 nominef
1155 1095 1402 1147 domini2‚
1437 1097 1509 1149 qui
1542 1101 1770 1151 sperantes
1802 1098 1846 1139 in

75 1172 121 1200 se
153 1173 373 1212 nunquam
398 1159 571 1202 deserit.
616 1159 784 1208 Quaeso
818 1162 964 1202 autem
996 1162 1040 1202 te
1072 1163 1121 1202 ut
1154 1161 1205 1202 de
1228 1161 1424 1203 omnibus
1452 1162 1519 1204 his
1542 1177 1653 1216 quae
1685 1163 1849 1205 fuerint

75 1225 176 1266 acta
198 1223 242 1265 in
264 1224 489 1267 Conuentu
511 1224 709 1266 Vlmensi
724 1226 740 1251 3
773 1224 910 1278 deque
934 1225 1119 1267 caeteris
1148 1226 1289 1277 rebus,
1324 1240 1431 1279 quas
1453 1241 1531 1269 nos
1554 1228 1665 1270 scire
1697 1231 1850 1271 nostra

66 1288 288 1331 'interesse
309 1289 548 1344 putaueris,
583 1289 815 1343 diligenter
846 1304 914 1332 me
937 1291 1122 1332 reddasg
1155 1291 1396 1335 certiorem.
1440 1292 1540 1335 Non
1572 1293 1676 1335 mihi
1709 1294 1849 1348 magis

76 1368 205 1408 quam
239 1355 425 1398 caeteris
457 1355 767 1398 Illustrissimis
800 1355 995 1398 Dominis
1028 1356 1135 1398 meis
1166 1356 1366 1410 Legatis,
1401 1372 1493 1400 rem
1525 1358 1680 1400 feceris
1712 1360 1850 1402 multo

76 1420 372 1473 gratissimam
417 1456 425 1464 .
468 1421 631 1463 Datum
673 1421 899 1463 Tride11ti¹¹
940 1422 1163 1477 Februarij
1206 1423 1356 1465 Mense
1398 1423 1465 1466 die
1499 1423 1586 1468 ,Xff
1620 1423 1681 1479 [Ρ]
1722 1426 1850 1467 Anno

76 1485 249 1528 Domini
282 1487 339 1529 M.
374 1487 426 1530 D.
461 1487 581 1528 LXII
595 1487 624 1530 ¹³.

897 1604 1029 1646 666.

819 1705 1116 1754 CANISIUS

527 1810 925 1854 ALPHONSo
961 1811 1405 1865 SALMERONI,

634 1898 770 1933 vicario
796 1898 958 1943 generali
985 1899 1177 1934 Societatis
1203 1900 1294 1934 Iesu.

517 1990 688 2038 Augusta
714 1990 989 2028 Vindelicoruni
1016 1993 1071 2029 22.
1099 1992 1295 2029 Februarii
1320 1992 1414 2029 1562.

198 2077 255 2112 Ex
281 2077 489 2123 apographo
514 2079 651 2113 recenti
679 2078 764 2123 (A),
801 2080 893 2124 quod
921 2092 965 2114 ex
992 2080 1190 2126 archetypo
1216 2101 1262 2104 —
1289 2081 1455 2116 Canisius
1489 2093 1555 2116 sua
1589 2094 1697 2116 manu
1722 2094 1852 2117 nomen

82 2130 275 2175 („Seruus“
306 2130 391 2176 etc.)
428 2131 645 2177 subscripsit
670 2151 715 2156 —
741 2133 777 2167 in
813 2133 889 2168 cod.
920 2134 979 2175 „E.
1008 2133 1044 2168 C.
1072 2135 1108 2168 Ι*ι
1147 2135 1171 2169 f.
1201 2135 1267 2169 119
1303 2137 1340 2170 et
1373 2147 1427 2179 sq.
1453 2147 1534 2170 0011.
1565 2136 1658 2179 sign.
1689 2136 1737 2180 (n.
1767 2136 1850 2181 104)

79 2184 197 2230 posito
223 2184 446 2230 exscriptum
473 2187 539 2220 est.

199 2238 331 2273 Exstat
357 2239 465 2273 etiam
492 2239 646 2274 alterum
673 2240 920 2285 apographum
950 2240 1031 2284 (B),
1067 2241 1133 2275 sub
1161 2253 1190 2276 a.
1221 2241 1312 2276 1860
1343 2244 1490 2276 curante
1516 2244 1630 2277 Boero
1657 2255 1702 2277 ex
1729 2243 1852 2277 eodem

80 2292 278 2337 archetypo
304 2292 536 2337 exscriptum.

199 2375 380 2409 Bavariae
405 2376 506 2408 deicis
532 2376 580 2408 acl
599 2377 800 2419 pontificem
829 2377 990 2420 lequtum,
1017 2376 1058 2409 cle
1078 2376 1220 2420 colleqio
1241 2378 1505 2422 straubinqensi
1523 2380 1703 2412 condendo
1721 2381 1856 2413 ceteris-

81 2439 147 2473 que
172 2429 324 2472 colleqiis
350 2429 515 2463 dotandis
541 2434 717 2473 acturum,
742 2429 955 2463 vehementer
980 2431 1205 2464 commendat.

201 2570 215 2585 ³
241 2564 376 2599 cesisse
402 2565 447 2599 A.
546 2564 561 2585 b
586 2564 646 2599 isti
673 2566 732 2599 R0.
830 2570 841 2584 ⁰
867 2565 915 2597 R⁰
941 2575 1007 2598 om.
1035 2565 1210 2609 optatum.

200 2617 216 2637 d
242 2616 276 2652 S.
302 2619 345 2653 B.

201 2677 213 2691 θ
238 2670 405 2706 leuantes
430 2672 473 2706 B.
516 2673 632 2715 Atque
658 2673 709 2705 ita
737 2675 757 2705 1
788 2672 876 2705 Tim.
903 2673 937 2714 2,
965 2673 1008 2704 8.·
1034 2672 1207 2714 „levantes
1234 2683 1352 2715 puras
1375 2671 1536 2707 manus“.

207 2724 218 2744 f
241 2725 275 2758 B
298 2726 398 2758 haud
422 2730 534 2759 recte:
558 2736 698 2758 nomen.
797 2731 811 2750 g
835 2725 884 2758 ΕΟ
903 2735 1120 2768 perperam:
1144 2724 1283 2760 reddat,

201 2778 217 2798 ¹¹
239 2777 402 2812 Tridenti
426 2779 585 2822 supplevi
611 2790 654 2812 ex
678 2779 721 2812 B.

208 2831 215 2852 i
243 2832 287 2866 10
312 2831 498 2877 Februarij
525 2832 581 2872 B‚·
607 2831 662 2865 die
688 2830 732 2865 X.
760 2830 957 2876 Februarij.
983 2832 1042 2865 R0.

202 2885 218 2905 k
240 2886 298 2919 Ita
320 2886 392 2928 R0,·
419 2885 534 2920 .1562.
553 2886 609 2927 B,·
634 2895 671 2919 M.
686 2896 720 2918 D.
736 2890 908 2930 LXXV11J0.
936 2885 980 2919 A.
1025 2886 1140 2928 Atque
1166 2885 1199 2918 B
1224 2889 1254 2918 et
1279 2885 1327 2918 R⁰
1353 2890 1444 2918 recte
1469 2886 1600 2929 leqisse,
1627 2886 1731 2919 rebus
1756 2887 1856 2931 ipsis,

83 2949 173 2982 quae
198 2939 241 2971 ab
267 2939 314 2973 H.
340 2939 569 2982 scribuntur,
605 2938 852 2980 confirmatur.
903 2939 1072 2972 Fortasse
1105 2938 1187 2972 libr.
1225 2939 1327 2981 lapsu
1363 2939 1518 2982 quodam
1552 2939 1603 2972 vel
1638 2939 1769 2972 calami
1805 2940 1857 2973 vel

82 2993 272 3025 memoriae
308 3003 464 3037 annum,
500 3002 567 3035 quo
602 2992 676 3035 ipse
710 2991 802 3024 hanc
837 2992 1024 3034 epistulam
1059 2993 1307 3036 transcripsit,
1336 3003 1409 3034 pro
1444 3002 1563 3036 anno,
1602 3003 1669 3035 quo
1695 2993 1742 3026 H.
1779 3003 1855 3026 eam

82 3046 238 3090 scripsit,
257 3046 390 3089 posuit.

206 3181 215 3200 ¹
245 3178 262 3213 1
290 3178 381 3212 Tim.
408 3178 439 3218 2,
467 3177 499 3212 8.
598 3177 612 3198 ²
637 3176 696 3212 Ps.
726 3177 780 3219 19,
807 3176 839 3211 8.
938 3177 951 3197 ³
975 3177 1068 3212 Vide
1093 3188 1202 3222 supra
1227 3189 1262 3223 p.
1289 3177 1369 3213 371.
