2093 3444
210 178 294 219 438
663 173 742 209 687.
779 174 932 209 Sanctus
957 174 1171 209 Francisous
1198 174 1350 218 Borgias
1376 174 1528 210 Canisio.

329 291 534 326 Salmerone
570 291 682 325 Roma
718 291 878 336 profecto
916 291 1086 333 (exeunte
1121 291 1216 325 Maio
1254 291 1344 325 1562
1379 291 1410 326 is
1446 291 1656 326 Tridentum
1691 293 1857 339 advenit5
1894 294 1977 329 vide

208 356 317 390 supra
354 357 389 390 p.
420 344 506 388 425)
545 344 698 378 Sanctus
737 344 950 378 Franciscus
989 344 1140 388 Borgias
1184 344 1458 386 „conimissarii“
1508 345 1565 379 vel
1613 345 1741 380 vicarii
1786 345 1976 383 Societatis

209 410 339 432 munus
365 398 500 432 Romae
526 397 646 432 subire
666 397 781 432 Lainii
807 397 1003 442 praepositi
1029 397 1209 441 generalis
1236 397 1384 442 imperio
1411 400 1557 433 coactus
1585 401 1640 433 est
1669 399 1770 442 (Vita
1795 400 1979 435 Francisci

210 451 363 495 Borgiae
399 463 419 485 a
452 452 492 485 P.
529 452 770 485 Ribadenec‘ra
806 450 1001 495 Hispanice
1036 451 1191 495 scripta;
1228 450 1354 485 Latine
1385 462 1471 485 vero
1507 451 1550 485 ab
1586 453 1680 486 And.
1710 454 1850 488 Schotto
1883 453 1916 488 S.
1944 455 1976 489 J.

212 504 436 548 [Moguntiae
466 504 570 548 1603]
598 504 620 539 1.
647 505 678 545 2,
706 516 735 538 c.
763 503 818 545 20,
845 516 878 549 p.
907 504 995 545 225;
1022 505 1051 538 Ι.
1070 505 1113 538 Ε.
1132 505 1358 548 Nierembery
1385 504 1418 538 S.
1447 504 1492 546 J„
1518 505 1612 539 Vida
1637 505 1696 540 del
1721 508 1825 541 santo
1850 506 1977 549 Padre‚

208 570 233 603 y
259 569 350 602 gran
375 559 494 593 siervo
521 558 564 592 de
581 557 668 592 Dios
695 557 727 591 el
753 557 793 591 B.
813 557 1004 591 Francisco
1030 557 1073 591 de
1092 557 1198 602 Borja
1226 556 1380 602 [Madrid
1409 557 1513 602 1644]
1541 570 1574 603 p.
1597 558 1691 602 188).
1731 559 1831 601 Quod
1857 562 1977 595 autem

211 613 408 646 Sne-chinus
429 611 538 655 (Hist.
559 610 593 646 S.
614 611 645 645 J.
666 611 709 651 Π,
735 611 757 644 l.
778 611 809 652 6,
835 622 869 644 n.
893 610 926 654 1)
955 610 1125 654 Borgiam
1151 610 1293 645 ltaliam
1320 610 1552 655 Siciliamque
1577 613 1718 646 tantum
1745 625 1826 647 cum
1851 613 1979 648 vicarii

208 667 388 710 potestate
414 665 552 699 rexisse
579 664 721 703 scribit,
754 676 798 697 ex
825 663 990 709 epistulis
1016 663 1176 708 proxime
1201 664 1374 709 ponendis
1401 664 1521 708 colligi
1547 676 1652 710 posse
1685 666 1847 709 videtur,
1884 666 1978 702 hanc

208 719 322 764 ipsius
348 720 563 763 potestatem
591 718 719 752 saltem
746 717 790 751 ad
818 716 1032 752 Germaniae
1058 728 1199 761 quoque
1225 717 1419 762 superioris
1441 718 1674 762 provinciam,
1702 719 1813 754 donec
1831 720 1978 755 Lainius

210 784 255 806 ex
283 771 401 806 Gallia
426 771 636 805 Tridentum
662 770 895 816 proficiscens
921 770 1038 816 ipsam
1063 770 1250 814 ingressus
1276 773 1390 812 esset,
1427 771 1548 815 aliqua
1581 772 1719 806 ratione
1750 773 1978 818 pertinuisse.

208 826 329 869 Atque
354 824 432 865 hoc,
458 825 488 859 si
514 836 584 858 non
611 825 704 866 ante,
730 823 786 858 his
813 823 943 858 saltem
969 823 1101 858 litteris
1120 823 1178 858 vel
1196 824 1240 858 ab
1261 823 1338 869 ipso
1356 823 1548 858 Francisco
1565 824 1708 868 Borgia‚
1736 825 1805 867 vel,
1831 826 1866 860 id
1885 827 1978 871 quod

209 890 295 912 vero
321 878 473 912 similius
500 880 574 918 est,
610 877 762 921 Borgiae
798 876 1013 911 auctoritate
1040 888 1060 911 a
1087 876 1189 911 Socio
1224 877 1343 921 aliquo
1375 889 1540 919 romano,
1575 878 1761 913 secretarii
1788 879 1978 914 Societatis

210 932 327 966 officio
354 932 526 975 fungente
555 931 610 975 (P.
638 930 829 965 Francisco
856 930 1052 964 Petrarcha
1064 930 1111 971 Ῥ),
1139 930 1183 964 ad
1211 929 1392 965 Canisium
1420 931 1563 966 videtur
1588 931 1741 966 relatum
1768 944 1857 968 esse.

1029 1048 1159 1090 687.

496 1133 817 1177 SANCTUS
851 1133 1301 1178 FRANCISCUS
1336 1134 1684 1188 BORGIAS‚

835 1216 991 1251 vicarius
1019 1216 1209 1251 Societatis
1235 1217 1317 1252 Iesu
1332 1218 1351 1258 ¹,

955 1295 1228 1343 CANISIO.

887 1397 997 1433 Roma
1024 1397 1070 1433 16.
1097 1397 1179 1433 Maii
1207 1397 1301 1433 1562.

330 1477 383 1511 Ex
411 1477 617 1522 apographo
643 1477 799 1511 eiusdem
828 1478 1017 1522 temporis:
1056 1478 1090 1512 in
1118 1478 1278 1521 margine
1311 1478 1486 1523 epistulae
1513 1479 1636 1512 eadem
1663 1490 1771 1513 manu
1802 1478 1977 1524 scriptum

211 1534 284 1565 est:
317 1531 501 1574 „Augusta
530 1530 568 1564 P.
598 1530 782 1565 canisio&
819 1531 854 1564 in
890 1532 1052 1574 margine
1088 1531 1358 1576 „Postscripti“,
1394 1532 1486 1576 quod
1522 1532 1565 1566 ab
1601 1532 1669 1566 alio
1704 1531 1847 1567 librario
1881 1534 1978 1566 tran-

210 1584 384 1629 scriptum
413 1587 486 1623 est,
523 1584 566 1618 ab
593 1583 658 1618 hoc
685 1586 847 1618 notatum
875 1587 948 1619 est:
990 1584 1097 1626 „Post
1124 1584 1207 1619 data
1234 1597 1297 1630 per
1322 1585 1348 1619 il
1374 1585 1490 1620 Padre
1518 1585 1679 1627 Canisio,
1712 1585 1826 1631 doppo
1852 1585 1980 1620 scritta

210 1637 245 1671 la
270 1639 469 1683 presente*
525 1636 607 1671 Cod.
641 1636 779 1679 „Ge-rm.
811 1637 919 1672 15612‘
952 1638 975 1671 f.
1003 1638 1059 1672 47.

330 1690 494 1736 Epistula
522 1702 608 1725 usus
635 1692 688 1725 est
715 1692 829 1725 Kross-
855 1691 876 1724 l.
905 1703 933 1725 c.
962 1703 993 1736 p.
1026 1691 1101 1725 148.

332 1769 472 1802 ζ’(ιηίεῖί
495 1769 563 1801 iter
589 1769 831 1801 tridentinum.
873 1769 1056 1802 Sociorum
1086 1780 1316 1802 romanorum
1345 1769 1458 1802 ιιιιίηῑί
1485 1770 1519 1801 ite
1550 1769 1732 1801 Soc-&etatis
1751 1770 1975 1811 provinciam

210 1822 449 1864 yermanicam
488 1822 584 1853 valde
613 1823 784 1863 propensi
817 1827 908 1855 sunt.
965 1822 1113 1864 Collefflo
1152 1823 1385 1864 oem'pontano
1422 1826 1535 1855 rector
1569 1826 1770 1864 quaeretur.
1824 1823 1977 1865 Colleyia

214 1877 285 1908 ῖαυι
313 1876 473 1908 instituta
507 1875 714 1907 stabilienda
737 1876 858 1917 potius
890 1886 992 1918 quam
1023 1886 1111 1908 nora
1138 1876 1442 1917 (straubinyense)
1470 1875 1697 1908 admittenda.
1750 1875 1876 1908 Socius
1901 1876 1978 1919 qui-

211 1929 293 1961 dam
321 1939 390 1961 non
418 1933 602 1971 comparet.
650 1928 745 1961 Socii
771 1929 886 1967 e·a›·i17,·
913 1929 1137 1971 quorundam
1166 1930 1329 1961 doctrina.
1356 1933 1385 1961 et
1413 1930 1533 1961 virtus.
1579 1928 1746 1961 &misius
1774 1929 1887 1962 Sociis
1910 1929 1978 1962 sibi

211 1983 325 2015 missis
352 1983 462 2023 massis
488 1985 667 2014 contentus·
702 1994 769 2014 esse
801 1982 964 2020 debebat;
999 1983 1100 2014 cuius
1130 1984 1316 2025 prorincia
1352 1982 1597 2014 liberalissime
1622 1981 1779 2016 habetur.
1835 1982 1980 2025 Colleyii

211 2035 439 2078 oenzpontam?
464 2035 587 2068 <lomus
613 2040 642 2067 et
667 2035 869 2068 scholarum
900 2036 1052 2068 initium.
1106 2036 1202 2068 Socii
1228 2036 1503 2079 Inyosstadium,
1537 2035 1712 2078 Prayam,
1743 2036 1977 2079 Oemspontem,

210 2088 429 2131 Herbspolfflz
459 2089 627 2122 ηιῐΐίιηιᾱί.
671 2089 784 2122 soriis
810 2091 969 2121 romanis
991 2089 1233 2128 Germaniam,
1261 2093 1431 2132 qnantum
1454 2093 1632 2131 poterunt,
1662 2090 1784 2122 iuvare
1809 2091 1976 2132 cupienti-

211 2142 274 2175 bus
303 2142 472 2175 Cunissa-s·
499 2144 604 2174 nimi-s·
633 2144 748 2175 instat.
800 2142 890 2175 Eius
917 2153 972 2175 res
998 2146 1226 2185 (myzcstamte.

1008 2224 1179 2266 Jhesus.

901 2300 995 2342 Pax
1029 2300 1177 2343 christi
1210 2304 1291 2344 etc.

330 2382 375 2422 L’
401 2381 552 2424 ultima
584 2381 661 2423 che
694 2382 734 2423 di
769 2382 820 2424 V.
855 2382 905 2424 R.
939 2382 1183 2433 habbiamo,
1218 2384 1240 2424 e
1273 2382 1315 2424 di
1349 2384 1402 2424 25
1437 2382 1478 2424 di
1509 2382 1658 2436 Aprile
1674 2383 1702 2425 2.
1738 2385 1782 2424 et
1814 2385 1977 2436 quanto

210 2446 252 2488 al
285 2446 363 2488 dar
385 2460 471 2488 vna
502 2460 662 2495 scol-sa,
696 2449 722 2488 a
745 2446 907 2489 Trento
941 2448 1079 2502 doppo
1113 2447 1165 2489 de
1197 2447 1332 2490 hauer
1364 2449 1535 2490 asetato
1562 2447 1601 2488 le
1634 2460 1733 2489 cose
1766 2447 1834 2488 del
1866 2461 1977 2488 nouo

211 2511 393 2564 collegio
436 2511 488 2553 de
519 2511 720 2566 Ispruch,
764 2515 891 2566 potra
931 2512 987 2554 lei
1020 2513 1238 2555 scriuerne
1279 2514 1305 2554 a
1343 2515 1490 2554 nostro
1523 2511 1663 2554 Padre
1696 2512 1907 2554 Generale
1948 2512 1978 2553 il

211 2577 338 2629 quale
371 2579 515 2630 presto
538 2590 672 2630 penso
695 2577 908 2631 giungera
929 2578 971 2620 al
993 2578 1180 2620 Concilio
1215 2593 1224 2619 ε
1258 2580 1303 2620 et
1333 2577 1393 2619 lui
1419 2576 1448 2619 li
1470 2579 1598 2631 potra
1621 2576 1725 2618 dare
1746 2576 1790 2618 in
1823 2581 1977 2630 questo

210 2641 283 2695 piu
316 2642 428 2683 bona
460 2641 724 2685 risolutione.

331 2773 474 2808 Jhesus.
513 2774 592 2808 Pax
612 2773 745 2808 Christi
764 2776 830 2808 etc.
870 2774 1107 2814 Novissimae,
1135 2786 1224 2818 quas
1251 2772 1464 2818 accepimus,
1492 2772 1589 2808 RN.
1609 2773 1750 2808 litterae
1769 2774 1824 2808 25.
1844 2774 1979 2819 Aprilis

213 2827 317 2861 datae
353 2830 455 2861 erant
467 2827 489 2861 ².
540 2827 585 2861 Et
619 2827 711 2871 quod
746 2827 786 2861 R.
805 2827 847 2861 V.
885 2827 1045 2871 quaerit,
1081 2839 1165 2861 num
1192 2826 1420 2867 Tridentum,
1455 2827 1539 2860 novi
1575 2826 1715 2869 collegii
1750 2827 1978 2872 oenipontani

212 2880 319 2914 rebus
337 2880 555 2925 compositis,
581 2880 626 2914 ad
645 2880 753 2914 breve
771 2882 915 2925 tempus
941 2880 1009 2915 sibi
1027 2881 1181 2915 eundum
1207 2880 1265 2921 sit,
1292 2891 1333 2913 ea
1353 2879 1395 2913 de
1420 2891 1458 2914 re
1484 2880 1560 2924 ipsa
1588 2879 1632 2913 ad
1650 2881 1789 2924 patrem
1815 2883 1978 2914 nostrum

211 2933 456 2978 praepositum
491 2933 695 2977 generalem
723 2933 876 2974 scribat,
913 2945 1019 2978 quem
1051 2933 1152 2967 brevi
1188 2933 1232 2967 ad
1259 2932 1449 2966 concilium
1483 2932 1722 2966 adventurum
1757 2944 1836 2967 esse
1871 2936 1977 2978 puto;

213 2989 322 3030 atque
348 2986 425 3032 ipse
452 2998 493 3021 ea
521 2987 563 3020 de
588 2998 627 3020 re
653 2986 782 3020 melius
808 2986 848 3020 R.
868 2985 912 3020 V.
939 2987 1154 3031 respondere
1181 2985 1322 3031 poterit.

337 3094 346 3113 ¹
373 3093 524 3136 Borgias
551 3094 595 3128 ad
622 3093 687 3127 has
713 3093 856 3127 litteras
881 3093 1089 3127 scribendas
1110 3092 1250 3127 Socium
1278 3092 1434 3136 aliquem
1453 3091 1703 3135 (Petrarcham
1716 3090 1745 3135 2)
1773 3091 1978 3128 adhibuisse

214 3145 370 3180 videtur.
517 3147 529 3167 ‘³
555 3147 647 3181 Vide
673 3158 782 3192 supra
808 3158 841 3191 p.
868 3146 1068 3181 414—417.
