2093 3444
223 153 307 193 272
403 150 482 184 615.
520 148 686 183 Canisius
712 148 899 194 Alphonso
926 148 1135 183 Salmeroni.
1178 149 1271 192 Aug.
1298 148 1404 184 Vind.
1431 149 1489 184 26.
1516 149 1682 185 Octobris
1710 151 1812 186 1561.

343 267 429 310 Spes
453 268 659 300 monasterii
678 268 714 301 S.
738 267 883 311 Georyii
908 268 1105 310 accipiendi
1130 268 1319 301 diminuta.
1353 267 1421 300 Res
1439 269 1663 311 colleqioremz
1676 271 1877 313 pra-qens&
1904 270 1990 303 colo-

221 321 366 363 niensis,
393 320 670 354 vindobonensis.
708 321 804 354 Socii
821 320 1047 354 Vindobonae.
1072 332 1094 353 α
1119 324 1254 354 rectore
1271 321 1361 353 dure
1377 322 1532 354 tractati.
1568 322 1607 355 P.
1627 322 1790 355 Lanoins
1815 333 1852 355 eo
1871 323 1918 355 ad
1935 333 1992 355 res

222 374 479 417 commonendas
513 375 663 416 missus;
697 375 792 407 alius
825 374 876 407 ibi
909 378 1023 407 rector
1054 374 1304 408 nominandus.
1352 374 1462 407 Initia
1490 375 1714 417 eolleyiormn
1739 377 1938 418 7³109u›ztini
1963 380 1992 409 et

223 428 461 470 oem'pwztani.
501 427 721 460 Colonienses
746 429 784 459 m
812 428 1043 461 conciliorzmz
1062 427 1212 460 editione
1230 428 1438 461 adim-andi.
1473 428 1749 461 Protestantium
1768 439 1990 472 proqressus.

1091 509 1119 561 ἦ,

474 586 569 628 Pax
602 585 759 628 Christi
791 585 1015 627 nobiscum
1047 585 1301 627 Reuerende
1332 585 1375 626 in
1409 585 1578 628 Christo
1611 586 1745 629 Pater

340 667 502 723 Accepi
535 669 662 710 datas
696 670 744 709 11
772 667 983 711 Octobris.
1028 667 1229 722 Canonicj
1263 667 1316 710 de
1338 668 1543 721 Collegio,
1577 669 1682 710 nihil
1713 669 1853 711 adhuc
1885 670 1992 712 certi

222 733 484 788 promittunt
507 736 551 776 et
572 733 699 776 timet
722 733 1002 788 Praepositus
1024 733 1197 784 Remus,
1231 747 1322 775 rem
1346 747 1448 786 egre
1470 733 1555 775 illis
1577 735 1828 788 persuaderj
1851 749 1991 790 posse.

223 799 409 841 Senatus
442 798 564 841 nobis
596 813 681 841 non
715 799 999 853 obstreperet.
1043 798 1191 852 Jgitur
1210 798 1378 841 incerta
1401 800 1468 840 est
1490 799 1751 853 expectatio,
1783 800 1993 843 Dominus

221 864 331 906 bene
364 867 523 914 uertat,
558 864 643 906 cito
675 863 968 917 intelligemus
1001 878 1084 917 quo
1116 878 1186 905 res
1219 877 1405 906 euasura
1437 863 1506 906 sit.

342 929 614 983 Responsum
637 929 684 971 P.
710 928 934 971 Generalis
967 929 1079 982 quod
1113 929 1167 970 ad
1199 928 1468 982 probationis
1494 929 1667 971 domum
1688 930 1858 984 Pragae
1892 945 1993 973 con-

226 994 492 1036 stituendam
524 994 715 1049 pertinet
747 994 1087 1048 expectabimus.

344 1060 519 1102 Gratias
561 1060 730 1114 agimus
774 1060 826 1101 de
867 1059 1078 1113 promisso
1120 1059 1372 1112 Pragensib.
1417 1059 1582 1102 Graeco
1623 1060 1800 1104 lectore.
1872 1060 1994 1103 Nihil

223 1127 370 1167 autem
403 1125 542 1167 adhuc
573 1125 785 1179 scripsere
808 1124 1097 1175 Colonienses,
1132 1126 1208 1166 aut
1240 1138 1387 1166 eorum
1409 1124 1764 1168 Prouincialis21.
1813 1125 1993 1168 Vtinam

223 1191 346 1232 nobis
379 1190 566 1243 aliquem
590 1191 749 1232 donent
781 1204 858 1244 pro
890 1193 982 1233 tam
1014 1190 1162 1231 multis
1195 1189 1400 1243 acceptis.
1444 1190 1640 1232 Viennae
1663 1191 1877 1233 mirantur
1907 1205 1993 1233 non

223 1256 396 1298 restitui
437 1255 517 1297 sibi
550 1256 601 1299 D.
638 1256 887 1298 Hermetem
931 1259 974 1298 et
1006 1256 1063 1298 M.
1099 1255 1357 1305 Hem-icum,
1401 1255 1473 1308 qui
1505 1255 1670 1298 tamdiu
1702 1255 1906 1307 haerent,
1948 1259 1994 1299 et

224 1321 368 1363 nescio
414 1321 485 1363 ubi
531 1321 780 1363 detinentur
821 1321 865 1362 in
908 1320 1141 1363 Germania
1182 1320 1386 1362 inferiore
1401 1322 1430 1363 2.
1475 1335 1572 1362 cum
1615 1320 1786 1363 illorum
1828 1321 1993 1364 reditus

223 1387 459 1428 Viennensi
502 1387 684 1439 collegio
725 1386 998 1428 necessarius
1039 1386 1251 1428 uideatur.
1316 1385 1636 1440 Scripseramus
1678 1386 1723 1429 P.
1757 1385 1991 1437 Victoriae,

224 1455 272 1495 ut
304 1451 527 1502 retineret,
562 1466 669 1505 quos
692 1454 821 1494 antea
853 1451 1028 1494 mittere
1052 1453 1334 1493 consenserat
1355 1450 1517 1493 fratres
1543 1451 1598 1492 ad
1631 1450 1717 1493 alia
1739 1451 1993 1493 Prouinciae

225 1520 403 1559 nostrae
445 1517 640 1570 collegia.
705 1517 878 1559 Dimisit
919 1519 1065 1559 autem
1102 1516 1200 1558 illos
1241 1516 1490 1570 priusquam
1532 1516 1684 1558 literas
1715 1519 1888 1558 nostras
1920 1530 1994 1558 ac-

225 1583 353 1637 cepit,
389 1586 433 1625 et
465 1582 527 1624 ita
560 1582 743 1632 dimisit,
783 1585 831 1624 ut
863 1582 960 1624 illos
992 1581 1226 1624 Viennensi
1261 1581 1450 1635 Collegio
1484 1581 1717 1624 restituere
1750 1582 1993 1624 consultum

224 1662 310 1689 non
344 1648 422 1690 sit:
456 1651 547 1690 tam
580 1651 680 1690 sunt
714 1662 818 1702 erga
851 1648 1081 1691 Rectorem
1115 1647 1259 1690 affecti
1291 1647 1417 1698 male,
1454 1649 1630 1700 tamque
1663 1647 1768 1688 dure
1799 1646 1992 1690 tractati.

224 1714 417 1756 Joannes
440 1713 638 1756 Piscator
654 1715 682 1764 3,
717 1713 788 1767 qui
821 1728 933 1755 nunc
966 1713 1079 1767 apud
1102 1726 1171 1754 me
1204 1715 1281 1762 est,
1317 1712 1489 1754 omnino
1517 1712 1716 1754 deserere
1746 1711 1994 1755 institutum

225 1781 444 1821 statuerat
475 1778 556 1820 hac
588 1779 683 1833 ipsa
716 1779 768 1821 de
801 1793 954 1829 causa,
988 1778 1063 1820 sed
1096 1777 1404 1831 tranquillauib
1435 1777 1673 1827 hominem⁷
1709 1791 1834 1830 quem
1867 1791 1994 1831 spero

224 1845 354 1886 rebus
387 1843 609 1887 societatis
651 1859 727 1886 suo
770 1847 966 1898 tempore
998 1843 1287 1898 profuturum.
1350 1843 1499 1896 quue
1540 1842 1679 1896 magis
1715 1843 1860 1897 placet
1891 1841 1995 1883 mihi

226 1909 466 1951 discessusc
497 1909 543 1952 P.
578 1910 751 1963 Lanoij,
787 1924 913 1963 quem
945 1923 1057 1951 nunc
1091 1923 1186 1951 esse
1219 1908 1414 1950 Viennae
1447 1908 1657 1959 arbitror,
1692 1910 1741 1950 ut
1771 1921 1867 1950 meo
1899 1907 1993 1949 loco

224 1988 295 2016 res
319 1974 488 2028 collegij
511 1975 779 2029 tranquillet,
808 1978 939 2029 atque
961 1974 1318 2028 gubernationem
1343 1973 1520 2027 Collegij
1543 1973 1587 2014 in
1609 1973 1829 2015 meliorem
1852 1973 1994 2014 locum

225 2039 415 2082 adducat
430 2041 458 2082 4.
503 2040 582 2089 Qui
615 2043 717 2083 sunt
737 2040 1000 2094 ‚Jngolstadij
1026 2040 1238 2082 Doctores
1270 2041 1314 2081 et
1341 2039 1641 2081 consultores5
1672 2038 1775 2080 mihi
1806 2038 1849 2079 in
1882 2040 1993 2080 tem-

224 2119 328 2159 pore
350 2105 663 2159 prouidendum
685 2108 855 2160 putant,
880 2109 928 2148 ut
948 2105 994 2148 P.
1014 2105 1234 2147 Victoriae
1257 2104 1486 2147 Rectorem
1510 2103 1642 2145 alium
1664 2103 1991 2153 substituamus,

225 2170 261 2212 si
292 2171 401 2212 bene
425 2171 667 2213 consultum
699 2171 761 2213 illi
793 2171 992 2213 uolumus
1018 2170 1221 2224 Collegio.
1266 2169 1519 2224 Expectabo
1542 2169 1728 2212 reditum
1751 2169 1802 2212 D.
1826 2167 1991 2222 Lanoij,

226 2249 281 2277 ex
314 2250 396 2289 quo
431 2236 617 2278 certiora
641 2236 854 2289 quaedam
886 2235 1033 2278 licebit
1065 2249 1339 2289 cognoscere.
1383 2235 1594 2276 Juuemur
1624 2233 1798 2276 interim
1831 2246 1992 2286 quaeso

225 2300 425 2354 precibus
458 2304 502 2344 et
534 2301 757 2356 sacrificijs
790 2302 840 2343 R.
874 2301 922 2343 Τ.
988 2301 1180 2344 Octauus
1222 2314 1334 2342 nunc
1367 2300 1457 2342 dies
1490 2302 1578 2350 est,
1621 2299 1734 2353 quod
1765 2299 1849 2340 huc
1881 2298 1990 2352 saluj

225 2366 504 2420 peruenerint
533 2366 694 2409 fratres
726 2366 845 2408 missi
877 2366 1149 2419 Moguntiam
1166 2367 1193 2408 6.
1239 2366 1373 2420 Spero
1405 2365 1502 2407 illos
1534 2364 1749 2407 faeliciter
1779 2363 1992 2417 reliquum

344 2494 358 2508 ³
384 2487 629 2523 Prouinciales
655 2501 712 2532 ap.
809 2489 824 2509 '¹
849 2488 1092 2533 tranquillans
1117 2499 1174 2531 ap.
1272 2493 1284 2508 ⁰
1309 2486 1391 2520 misi
1417 2486 1578 2520 discesus
1604 2497 1660 2529 ap.

348 2599 359 2618 ¹
385 2598 646 2633 Mercurianus.

347 2652 360 2672 ‘-’
385 2651 438 2686 De
464 2652 504 2687 P.
528 2651 718 2694 „Hermete
736 2651 975 2695 XVingheni&
1005 2651 1208 2686 tornacensi
1235 2650 1317 2684 vide
1343 2661 1453 2695 supra
1478 2661 1511 2694 p.
1533 2649 1626 2684 151⁵.
1664 2648 1843 2683 Henricus
1867 2647 1930 2682 ille
1955 2647 1991 2682 in

227 2706 407 2739 *Litteris
441 2705 765 2750 quadrimestribus
800 2705 941 2749 collegii
976 2704 1254 2739 vindobonensis
1290 2704 1320 2738 1.
1348 2702 1568 2748 Septembris
1605 2702 1693 2737 1561
1731 2701 1825 2736 datis
1863 2701 1992 2743 „Pater

228 2758 424 2793 Henricus“
455 2760 606 2793 vocatur
633 2758 733 2802 (Ood.
766 2758 827 2800 „G.
854 2758 919 2804 Ep.
946 2758 999 2792 II‘
1029 2758 1053 2793 f.
1081 2758 1176 2800 642).
1216 2756 1415 2799 „Henricus
1433 2755 1552 2791 Goch“
1583 2767 1614 2790 a.
1643 2755 1734 2790 1560
1758 2754 1991 2789 vindobonae

227 2812 427 2846 sacerdotio
453 2812 635 2854 initiatus,
666 2823 697 2847 a.
727 2812 815 2846 1561
852 2812 998 2846 ineunte
1031 2811 1162 2845 ibidem
1194 2810 1306 2853 „Noui
1333 2809 1484 2854 Collegij
1510 2808 1735 2843 Moderator“
1775 2809 1854 2842 erat
1889 2806 1990 2852 (cod.

226 2865 370 2899 vindob.
401 2865 515 2907 „Hist.
543 2865 621 2900 coll.
647 2865 795 2899 Vienn.“
826 2865 850 2898 f.
879 2866 932 2899 7³.
983 2865 1067 2900 Cod.
1099 2863 1246 2907 „AnnaL
1273 2863 1421 2897 Vienn.“
1452 2863 1476 2897 f.
1507 2861 1718 2906 llb—l22).
1767 2860 1929 2905 Uterque
1953 2860 1991 2894 in

227 2918 381 2963 patriam
407 2918 540 2953 missus
567 2930 646 2953 esse
671 2918 826 2960 videtur,
852 2920 893 2952 ut
917 2918 1153 2952 facultatibus
1178 2929 1217 2951 se
1243 2916 1437 2951 abdicaret.

348 2973 362 2992 ³
388 2971 478 3006 Vide
504 2983 613 3017 supra
638 2984 671 3017 p.
698 2971 800 3006 267⁵.

349 3026 362 3045 ⁴
387 3024 440 3058 De
465 3025 573 3059 rebus
599 3037 619 3059 a
647 3024 779 3059 Lanoio
804 3024 1037 3059 Vindobonae
1063 3023 1177 3067 gestis
1203 3022 1286 3057 vide
1311 3022 1416 3063 infra,
1442 3032 1597 3056 monum.
1625 3020 1705 3056 381.
1732 3018 1811 3054 382.

350 3079 362 3097 ⁵
388 3077 458 3112 ΡΡ.
485 3077 655 3112 Nicolaus
681 3077 846 3119 Lanoius,
873 3078 1024 3112 loannes
1051 3076 1285 3118 Cuvillonius‚
1311 3075 1517 3120 Alphonsus
1542 3074 1706 3108 Pisanus.

351 3132 363 3151 θ
390 3131 444 3165 Cf.
471 3142 581 3176 supra
605 3143 639 3176 p.
667 3131 746 3166 216.
773 3131 852 3165 273.
