2093 3444
227 202 313 243 494
452 199 530 232 716.
566 198 718 231 Ioannes
744 197 786 231 de
813 196 969 230 Polanco
998 195 1151 231 Oanisio.
1190 196 1360 231 Tridento
1389 198 1443 231 17.
1471 196 1637 232 Octobris
1665 197 1767 232 1562.

228 318 460 359 Germania
505 320 573 356 etc.
600 349 607 356 .
635 349 675 355 ..
730 315 786 355 Al
821 314 1064 367 prouincial
1099 313 1270 355 Camsio
1312 316 1349 355 si
1389 315 1551 356 manda
1591 314 1622 355 il
1663 313 1768 355 libro
1811 313 1861 354 de
1897 312 1993 354 Bol-

223 382 355 437 fcznyo
399 387 432 422 et
473 382 609 422 lettere
650 383 854 433 stemmate
896 378 991 419 slew
1019 378 1159 420 Jndm
1200 393 1271 420 con
1317 380 1418 421 certi
1452 381 1551 422 altri
1583 379 1682 421 libri
1714 378 1917 432 comprati
1948 379 1993 419 in

227 448 396 489 Venetia
434 446 483 487 (Ze
518 445 822 499 Τναρεὸηηίίοἐι
853 441 925 496 [ἓ]
951 458 1031 498 pei·
1057 444 1280 486 Monaclezo
1316 449 1349 485 et
1381 446 1418 485 si
1451 444 1508 485 da
1540 444 1824 486 commissione
1858 443 1996 484 (ἰθεῖαν

229 513 384 554 denari
416 525 457 552 se
489 511 629 552 hanno
664 509 713 550 de
747 509 914 563 bisogsno
947 510 1065 564 (letali
1092 523 1258 563 passura
1296 510 1323 550 il
1350 510 1616 564 prouinciale
1656 509 1765 550 della¹
1798 506 1996 560 Jnferior

230 578 464 620 Germania
498 577 518 617 ὸ
550 577 622 617 Δηοὶ
655 610 662 617 .
699 579 733 615 ez}
767 608 774 615 .
807 573 857 627 fu
893 575 999 615 detto
1030 575 1114 616 chel
1136 575 1282 616 Paclre
1311 575 1512 616 Tlcomccso
1544 575 1734 616 studiase
1762 573 1994 628 leeoloqia,

229 658 320 698 spes
355 647 388 684 et
420 641 620 683 leonardo
653 638 828 694 loyica‘st

348 737 448 779 Quod
474 737 518 770 ad
548 735 698 778 „librum
724 734 954 778 lVolfgangff
986 746 1066 769 cuin
1092 734 1148 768 his
1174 734 1306 768 litteris
1333 734 1475 768 Canisio
1501 733 1650 767 missum
1676 733 1818 774 attinet,
1844 744 1890 766 ex
1916 731 1996 766 aliis

230 791 393 836 epistulis
420 789 582 823 conicere
608 788 702 830 licet,
730 788 889 822 codicem
914 787 1122 831 significari,
1150 787 1185 821 in
1212 799 1280 831 quo
1300 787 1600 830 PAVolfgangus
1618 786 1764 830 Georgii
1783 785 1817 820 S.
1837 786 1869 820 J.
1899 784 1997 829 (vide

228 856 337 889 supra
373 856 405 888 p.
433 843 539 886 405),
578 853 670 886 quae
702 841 737 875 in
765 841 897 875 scholis
932 841 1090 875 romanis
1117 840 1299 881 audierat,
1338 840 1407 874 sibi
1439 840 1685 874 adnotaverat.
1736 839 1789 874 De
1816 838 1996 873 Sociorum

231 962 339 995 supra
365 961 398 994 p.
426 950 528 984 230¹.
579 948 632 982 Ac
666 947 843 991 Georgius
869 947 1131 992 Trapezuntius
1169 948 1203 989 (†
1233 946 1360 990 1486),
1397 958 1549 990 graecus
1583 946 1687 980 homo
1723 948 1759 980 et
1794 944 2000 980 Aristotelis

231 1007 391 1045 amator,
418 1001 626 1036 Aristotelis
653 1001 764 1035 libros
791 1006 827 1035 et
852 1001 1036 1046 complura
1063 1012 1273 1044 graecorum
1300 1002 1443 1045 patrum
1470 1000 1604 1044 scripta
1629 999 1741 1033 latine
1767 1000 1928 1033 verterat
1953 999 1999 1039 et,

231 1060 375 1103 praeter
401 1056 490 1097 alia,
519 1055 647 1090 librum
680 1055 752 1097 „De
778 1067 816 1088 re
842 1054 1050 1088 dialectiea“
1082 1054 1365 1098 conscripserat,
1393 1053 1453 1097 qui
1480 1053 1580 1087 initio
1607 1052 1742 1087 saeculi
1768 1051 1863 1087 XVI.
1891 1051 1999 1086 etiam

232 1111 267 1145 iu
304 1109 543 1144 universitate
571 1108 764 1143 coloniensi
791 1108 973 1142 adhibitus
1009 1119 1088 1141 esse
1115 1107 1258 1141 videtur
1295 1106 1392 1149 (vide
1422 1108 1508 1140 Can.
1537 1105 1624 1151 Epp.
1653 1106 1686 1147 Ι,
1724 1105 1822 1148 663).
1872 1104 2000 1139 Nescio

233 1166 365 1203 tamen,
393 1174 436 1196 an
464 1174 526 1208 pro
550 1161 827 1206 „T1·apesuntio“
852 1161 1099 1204 corrigendum
1127 1160 1175 1194 sit
1198 1160 1460 1202 „'l‘ramesino“‚
1487 1171 1508 1194 a
1527 1171 1595 1203 quo
1618 1158 1845 1204 typographo
1872 1159 2001 1192 veneto

233 1219 377 1262 praeter
402 1216 543 1250 litteras
570 1215 708 1249 indicas
735 1214 826 1249 Socii
854 1215 944 1248 alios
969 1214 1079 1248 libros
1104 1214 1268 1248 Venetiis
1295 1213 1509 1258 acceperint.

354 1275 546 1309 Pecuniam
575 1277 706 1315 autem,
733 1274 763 1308 si
791 1285 879 1318 opus
906 1276 1012 1314 esset,
1041 1272 1206 1307 Canisius
1232 1276 1394 1307 mutuam
1421 1273 1504 1306 dare
1530 1272 1651 1306 iussus
1677 1274 1733 1306 est
1759 1270 2002 1316 compluribus

235 1329 348 1363 Sociis
383 1340 427 1362 ex
456 1328 559 1362 ltalia
595 1328 639 1362 ad
666 1327 706 1361 P.
734 1327 955 1361 Everardum
983 1326 1269 1367 Mercurianum,
1307 1326 1520 1360 Germaniae
1546 1324 1725 1359 inferioris
1759 1324 2002 1369 praepositum

234 1381 502 1428 provincialem,
530 1381 660 1422 missis,
687 1381 780 1414 iuter
807 1392 896 1424 quos
923 1383 1026 1414 erant
1043 1380 1113 1414 PP.
1135 1380 1286 1414 loannes
1305 1379 1492 1413 Berkelius
1519 1380 1555 1412 et
1572 1377 1801 1412 Eleutherius
1819 1377 2002 1412 Pontanus

235 1435 398 1479 collegiis
433 1435 636 1469 tornacensi
672 1437 707 1468 et
742 1434 984 1468 cameracensi
1020 1435 1177 1467 rectores
1213 1432 1381 1467 destinati
1418 1435 1453 1466 et
1489 1432 1528 1466 P.
1555 1431 1649 1466 Paez
1681 1430 1917 1476 Antverpiam
1951 1430 2002 1464 ire

234 1489 355 1523 iussus
385 1489 577 1531 (Polam-ns
602 1488 827 1522 Mercuriano
857 1489 910 1522 17.
939 1487 1017 1521 Oct.
1047 1487 1148 1521 1562.
1193 1486 1276 1520 Cod.
1308 1486 1370 1528 „V.
1398 1485 1436 1520 P.
1465 1486 1528 1520 62“
1560 1485 1584 1519 f.
1611 1484 1711 1528 221³).

356 1548 407 1582 De
443 1548 555 1582 Sociis
591 1547 734 1581 tandem
772 1547 814 1581 ad
851 1547 967 1591 ipsum
1003 1546 1185 1581 Canisium
1221 1547 1256 1579 in
1291 1545 1518 1580 Germaniam
1556 1544 1774 1589 superiorem
1811 1542 1930 1578 missis
1967 1542 2003 1576 in

237 1602 358 1636 eodem
387 1601 583 1645 *Registro
623 1601 662 1643 (f.
690 1600 772 1644 22¹³)
809 1602 973 1634 notatum
1009 1602 1082 1634 est:
1123 1599 1215 1641 „Alli
1246 1600 1299 1633 17.
1327 1599 1357 1633 d'
1378 1599 1515 1633 ottobre
1544 1597 1634 1632 1562
1663 1625 1670 1632 .
1697 1597 1727 1631 si
1753 1596 1947 1631 mandorno
1984 1607 2004 1630 a

237 1655 419 1700 Hispruch
455 1666 517 1699 per
552 1656 669 1688 restar
704 1654 729 1687 h
764 1656 857 1687 sette
893 1652 1048 1693 fratelli,
1085 1653 1138 1687 cio
1173 1655 1191 1686 e
1228 1652 1381 1696 Georgio
1408 1651 1596 1693 Paraxilo,
1632 1650 1790 1694 Ziglero,
1825 1649 2004 1684 Ludouico

237 1709 424 1759 lsrancese,
453 1708 590 1742 Giouan
610 1707 814 1751 Fiamengo,
841 1707 1040 1741 Francesco
1060 1706 1154 1741 della
1172 1706 1305 1746 Mai-ca,
1331 1705 1544 1739 Bartliomeo
1562 1704 1655 1747 [sic]
1674 1703 1850 1745 Siciliano,
1870 1701 2004 1737 Oratio.

238 1763 269 1796 A
296 1761 522 1805 Jngolstadio
542 1761 724 1795 Leonardo
752 1764 788 1794 et
806 1761 920 1794 Padre
939 1772 1022 1805 spes
1042 1787 1049 1794 .
1068 1760 1106 1794 P.
1126 1759 1323 1794 Thomasso
1342 1759 1520 1802 Jnglese.“
1563 1759 1616 1792 Ac
1634 1757 1810 1801 Magister
1828 1756 2006 1800 Georgius

239 1815 444 1860 Paraxylus
473 1814 718 1858 (Peraxellus,
755 1813 965 1855 Praxellus,
1001 1814 1109 1847 etiam
1142 1812 1337 1856 „Georgius
1364 1811 1577 1855 Flander“),
1613 1810 1818 1845 Boscoduco
1845 1812 1944 1844 ortus
1971 1813 2007 1844 et

240 1880 271 1903 a.
301 1869 410 1908 1557,
445 1871 485 1902 ut
511 1869 672 1909 videtur,
710 1867 925 1902 Societatem
960 1867 1146 1911 ingressus
1177 1867 1466 1909 (Somneervoyel,
1502 1865 1569 1899 Les
1597 1864 1755 1899 Jesuites
1791 1865 1857 1897 etc.
1892 1875 1926 1908 p.
1952 1874 2005 1898 lx.

241 1922 325 1957 Cod.
358 1921 418 1963 „G.
448 1921 483 1956 C.
512 1923 589 1956 67.“
620 1934 652 1966 p.
681 1922 758 1955 190.
777 1920 874 1963 250),
902 1922 984 1954 ante
1011 1932 1042 1955 a.
1065 1921 1154 1954 1566
1183 1932 1226 1953 ex
1253 1919 1431 1954 Societate
1458 1918 1627 1952 dimissus
1653 1919 1709 1952 est
1738 1917 1901 1960 (Hansen
1926 1916 1949 1951 l.
1977 1927 2006 1951 c.

240 1988 273 2021 p.
311 1975 429 2018 515⁴).
492 1976 662 2017 „Ioannes
698 1974 869 2008 mander‘*
910 1976 1030 2007 autem
1065 1973 1185 2008 nescio
1221 1984 1265 2007 an
1305 1972 1500 2015 „Iohannes
1527 1971 1720 2005 Hattenius
1754 1969 2005 2014 [Hottenius‘P]

240 2029 405 2070 Flander,
435 2028 608 2062 dioecesis
627 2027 889 2073 'rrajectensis“
918 2027 975 2067 sit,
1004 2038 1109 2071 quem
1127 2038 1172 2060 m.
1193 2026 1381 2060 Decembri
1400 2036 1430 2059 a.
1452 2025 1542 2059 1559
1561 2024 1776 2058 Societatem
1794 2024 2007 2067 ingressum,

242 2094 272 2117 a.
303 2082 392 2117 1560
429 2083 505 2116 eius
532 2084 616 2116 vota
642 2092 890 2125 nuncupasse,
927 2080 1146 2124 aliquamdiu
1172 2080 1313 2113 infimas
1339 2078 1481 2113 scholas
1507 2078 1663 2119 rexisse,
1699 2077 1802 2110 modo
1827 2075 2010 2110 Monachii

240 2135 385 2171 scholae
408 2134 682 2178 „humanitatis“
706 2146 873 2179 praeesse
900 2134 935 2167 in
954 2135 970 2152 *
987 2134 1151 2177 Cataloyo
1170 2132 1310 2176 collegii
1334 2131 1559 2166 monacensis
1578 2130 1679 2164 initio
1705 2141 1736 2164 a.
1759 2130 1849 2164 1565
1876 2129 2009 2174 scripto

240 2190 395 2224 refertur
424 2188 522 2232 (Cod.
555 2188 617 2231 „G.
646 2187 682 2222 C.
711 2188 787 2222 67²
827 2188 851 2221 f.
880 2187 999 2229 37612).
1050 2186 1264 2221 Franciscus
1300 2186 1342 2220 de
1369 2184 1531 2219 Mai-chia
1566 2184 1643 2218 sive
1684 2183 1853 2226 „Italus“‚
1889 2185 1929 2217 ut
1964 2194 2010 2217 ex

241 2242 474 2286 collegiorum
500 2241 793 2285 ingolstadiensis
820 2243 856 2275 et
874 2240 1046 2285 dilingani
1065 2241 1082 2259 *
1099 2240 1275 2283 Catalossis
1299 2238 1506 2273 ineuntibus
1532 2249 1562 2272 a.
1585 2237 1675 2272 1565
1702 2239 1738 2271 et
1758 2237 1847 2271 1567
1865 2235 2010 2281 scriptis

240 2296 479 2339 intellegitur,
507 2295 572 2330 sub
599 2306 629 2329 a.
659 2295 747 2329 1541
782 2293 944 2336 „Rochae
971 2295 1178 2328 contractae
1203 2293 1240 2327 in
1266 2303 1354 2336 agro
1381 2291 1531 2326 Picen0“
1566 2291 1700 2334 (Rocca
1726 2289 1906 2324 Contrada
1932 2289 2009 2324 sive

241 2349 414 2390 Arcevia‚
450 2349 485 2383 in
511 2348 692 2390 Marchia,
729 2347 856 2382 Italiae
883 2346 1053 2382 centralis
1079 2345 1239 2390 regione)
1279 2347 1404 2387 natus,
1438 2345 1531 2379 unde
1563 2343 1795 2386 „Franciscus
1822 2354 1843 2376 a
1868 2342 2004 2377 Rocca“

241 2404 366 2448 postea
392 2402 599 2443 vocabatur,
627 2413 673 2435 m.
693 2401 886 2435 Februario
913 2412 943 2434 a.
966 2401 1054 2434 1561
1084 2399 1228 2434 Laureti
1256 2400 1291 2433 in
1310 2398 1526 2433 Societatem
1553 2397 1742 2438 admissus,
1769 2395 1893 2430 eodem
1919 2407 2009 2430 anno

242 2459 327 2490 vota
353 2455 530 2500 simplicia
557 2455 663 2497 fecit,
698 2466 729 2489 a.
761 2454 850 2489 1562
885 2457 921 2488 in
949 2453 1178 2488 Germaniam
1209 2453 1341 2487 missus
1369 2451 1568 2496 Oeniponte
1594 2450 1669 2484 fere
1695 2461 1758 2494 per
1784 2460 1915 2483 annum
1941 2448 2010 2483 arti

244 2509 419 2544 oratoriae
445 2510 481 2542 et
507 2507 639 2542 litteris
666 2508 806 2549 graecis
833 2507 972 2542 studuit
999 2509 1035 2541 et
1052 2518 1115 2551 per
1141 2506 1295 2540 alterum
1322 2516 1453 2539 annum
1481 2503 1638 2547 aegrotis
1664 2502 1885 2536 ministravit
1909 2501 2009 2545 (Cod.

249 2561 311 2604 „G.
339 2561 376 2596 C.
404 2562 467 2595 67“
508 2562 531 2595 f.
559 2561 659 2595 374³.
687 2561 816 2603 403b);
852 2561 954 2595 cuius
991 2560 1025 2593 in
1050 2559 1284 2604 sequentibus
1310 2558 1416 2592 huius
1449 2557 1566 2602 operis
1592 2555 1832 2590 voluminibus
1866 2555 2011 2600 saepius

245 2615 378 2650 mentio
404 2615 476 2649 fiet.
515 2615 635 2658 Atque
661 2615 697 2648 in
724 2615 847 2648 eodem
873 2613 934 2647 illo
953 2613 970 2631 *
986 2614 1151 2656 Cataloyo
1178 2610 1452 2655 ingolstadiensi
1478 2610 1644 2650 refertur,
1674 2607 2010 2651 „Bartholomaeum

244 2668 456 2703 Vallonum“
500 2667 713 2709 „Siculum“‚
751 2667 961 2701 Cameratae
995 2668 1140 2706 natum,
1175 2677 1207 2700 a.
1237 2664 1326 2699 1558
1361 2666 1397 2698 et
1432 2662 1602 2698 Societati
1636 2673 1764 2696 nomen
1800 2661 1940 2696 dedisse
1976 2663 2013 2695 et

250 2724 353 2765 „uota
379 2721 599 2755 communia“
630 2720 770 2762 fecisse,
797 2732 827 2754 a.
850 2720 939 2754 1562
965 2720 1001 2754 in
1020 2718 1250 2754 Germaniam
1275 2717 1426 2752 missum
1452 2728 1515 2761 per
1541 2716 1561 2749 2
1588 2727 1699 2750 annos
1718 2714 1916 2760 Oeniponte
1942 2713 2011 2748 arti

246 2775 422 2809 oratoriae
448 2774 651 2818 litterisque
678 2774 836 2817 graecis,
873 2773 1018 2814 deinde,
1054 2784 1168 2817 usque
1195 2772 1239 2806 ad
1265 2770 1405 2805 initium
1437 2781 1468 2804 a.
1498 2769 1606 2811 1565,
1642 2767 1854 2812 Ingolstadii
1880 2767 2011 2802 litteris

246 2827 370 2863 latinis
396 2827 608 2872 graecisque
635 2829 671 2861 et
696 2826 833 2870 logicae
860 2827 1063 2866 studuisse;
1090 2836 1201 2870 quare
1227 2825 1321 2858 hunc
1348 2835 1428 2858 cum
1452 2822 1746 2865 „Bartholomaeo
1765 2820 1901 2856 Siculo“
1932 2820 2010 2855 sive

246 2881 521 2916 Bartholomaeo
557 2880 587 2915 d’
607 2880 766 2924 Angelo,
803 2882 973 2914 autumno
1009 2891 1040 2914 a.
1070 2879 1158 2913 1561
1195 2878 1231 2912 in
1267 2877 1458 2920 collegium
1489 2875 1739 2920 moguntinum
1764 2874 1875 2909 misso
1913 2873 2011 2918 (vide

247 2946 357 2980 supra
394 2946 427 2979 p.
455 2934 540 2978 217)
581 2934 749 2968 confundi
783 2945 853 2967 non
889 2934 1047 2978 oportet;
1085 2932 1146 2976 qui
1181 2930 1390 2975 Moguntiae
1428 2941 1473 2964 m.
1510 2928 1625 2974 Aprili
1663 2928 1752 2962 1563
1788 2927 1864 2962 vita
1901 2925 2012 2961 cessit

251 2987 450 3033 (Epistolae
477 2988 516 3022 P.
544 2989 666 3022 Nadaz
700 2987 752 3029 Il,
791 2986 910 3029 134³).
959 2985 1013 3020 Ac
1049 2983 1326 3029 Christophorus
1361 2983 1500 3027 Ziegler
1535 2982 1601 3017 sub
1634 2993 1665 3016 a.
1694 2980 1783 3016 1563
1811 2979 2011 3025 Oeniponte

369 3128 383 3141 ³
411 3121 493 3164 Sic,·
525 3122 584 3154 sed
608 3122 760 3164 fortasse
785 3120 1055 3162 cori-mendum.-
1085 3116 1317 3160 Tramezino;
1350 3117 1427 3150 vide
1453 3125 1543 3159 quae
1567 3115 1608 3149 de
1633 3114 1696 3147 hoc
1719 3113 1783 3147 sub
1808 3114 1924 3156 ipsum
1948 3113 2012 3147 hoc

251 3179 421 3217 regestum
447 3175 626 3208 dicuntur.
