2093 3444
1091 832 1145 875 II.

583 923 963 980 PROOEMIUM
987 923 1368 982 ‚VOLUMINIS
1406 924 1647 981 TERTII.

359 1038 383 1070 I.
411 1037 659 1080 Epistularum
696 1048 737 1069 ae
763 1041 1066 1071 monumentorum
1104 1048 1281 1070 numerus.
1333 1038 1382 1070 II.
1410 1038 1589 1071 Editionis
1618 1040 1720 1072 ratio.
1774 1041 1841 1073 III.
1870 1041 2005 1074 „mattae

236 1092 404 1134 epistulae
423 1092 622 1134 perierunt.
674 1092 748 1124 Eas
783 1102 872 1134 quae
906 1091 1023 1123 adhuc
1053 1095 1190 1124 eoestant
1227 1092 1370 1134 quinam
1408 1102 1428 1123 a
1464 1092 1608 1125 Canisio
1643 1095 1839 1136 acceperint
1874 1095 1924 1126 vrel
1958 1094 2005 1127 ad

236 1156 313 1177 eum
339 1145 508 1177 dederint.
558 1144 619 1177 [1⁷.
648 1145 896 1187 Epistularum
924 1149 952 1177 et
977 1150 1279 1178 monumentormn
1304 1155 1455 1187 yenera:
1483 1148 1511 1179 1.
1539 1146 1739 1180 Relationes
1757 1148 1798 1180 ale
1823 1148 2007 1190 reliyi-onis

235 1203 327 1231 statu
364 1198 511 1231 Romam
549 1202 577 1230 et
614 1198 819 1231 Tridentum
857 1199 904 1230 aa
939 1199 1088 1231 Ilosium
1127 1199 1260 1231 missae.
1312 1198 1515 1232 Relationes
1548 1200 1772 1233 tridentinae.
1822 1201 2006 1244 Epistulae

235 1251 446 1294 familiares.
501 1251 640 1284 Canisii
667 1253 868 1284 litterarum
904 1252 1146 1284 commercium
1183 1263 1258 1284 cum
1285 1253 1435 1285 subditis
1465 1256 1494 1286 et
1520 1263 1595 1285 cum
1621 1255 1795 1296 supremis
1821 1254 2007 1288 Societatis

238 1305 527 1338 moderatoribus.
587 1308 620 1337 2.
656 1305 883 1337 Monumenta
926 1305 1111 1338 domestica
1155 1309 1184 1337 et
1222 1310 1378 1339 esterna.
1440 1306 1476 1339 Γ.
1510 1306 1597 1349 Res,
1646 1317 1735 1349 quae
1781 1312 2008 1340 narrantur:

240 1361 269 1391 Ι.
297 1359 429 1391 Misera
466 1358 649 1401 religyionis
687 1359 719 1390 in
753 1359 950 1391 Germania
986 1359 1156 1392 condic-io.
1213 1362 1427 1392 Germaniae
1462 1362 1677 1393 restauratio
1711 1361 1887 1403 reliyiosa.
1938 1362 2007 1394 Res

237 1414 276 1444 in>
302 1412 448 1445 coneilio
483 1412 695 1455 tridentino,
731 1413 884 1444 masime
914 1423 982 1454 per
1009 1412 1192 1445 Soeietatis
1228 1412 1401 1455 homines,
1435 1417 1558 1455 yestae.
1613 1413 1706 1454 Quid
1740 1414 1906 1447 Canis-ius
1935 1426 2006 1457 pru

237 1465 384 1498 concilio
420 1466 639 1508 praestiterit
651 1477 661 1503 ,·
703 1466 788 1508 quid
830 1466 870 1497 (le
912 1466 1017 1498 caliee
1059 1466 1231 1499 laieorum
1276 1471 1305 1499 et
1347 1467 1388 1498 de
1422 1470 1589 1509 potestate
1620 1467 1805 1509 pontificia
1848 1470 2005 1501 senserit.

237 1522 268 1552 2.
298 1519 482 1552 Societatis
509 1519 543 1550 in
575 1519 772 1551 Germania
799 1518 1026 1561 difficultates
1053 1520 1276 1563 inimicique,
1313 1520 1542 1562 amplificatio
1577 1524 1605 1553 et
1627 1521 1810 1563 profectus
1836 1523 2006 1555 internus.

237 1577 268 1605 ὅ.
308 1574 377 1605 Res
413 1573 460 1605 ad
501 1572 640 1606 Canisii
674 1583 861 1615 personam
902 1575 1137 1616 pertinentes:
1175 1574 1376 1617 Praepositi
1408 1574 1643 1616 lworincinlis
1687 1574 1845 1616 officium
1884 1575 1928 1607 ab
1970 1586 2007 1608 eo

237 1627 539 1660 administratum.
591 1627 703 1659 Amor
733 1627 957 1659 Germaniae.
1008 1627 1105 1660 Cura
1143 1629 1195 1660 rei
1230 1628 1437 1660 litterariae.
1485 1628 1669 1661 Contiones
1704 1628 1838 1672 aliique
1872 1629 2008 1662 labores

237 1680 439 1723 augustani.

356 1770 525 1811 ,Νοΐαὲ
562 1769 742 1811 Numeri
774 1769 939 1811 arabici
972 1772 1089 1812 uncis
1125 1771 1296 1823 inclusi,
1342 1772 1414 1825 qui
1455 1772 1632 1824 sinyulis
1673 1772 1888 1813 sententiis
1931 1772 2006 1812 atl-

240 1836 413 1887 duntur,
437 1835 672 1888 ostendunt,
692 1836 841 1890 quibus
858 1836 1145 1890 libripayimsss
1163 1837 1329 1891 sinyula
1345 1836 1463 1888 facta
1479 1837 1739 1890 potissimum
1761 1841 2005 1878 narrentur.

358 1929 390 1970 I.
434 1929 647 1970 Volumen
700 1929 779 1970 hoc
827 1928 1020 1971 continet
1069 1930 1152 1970 249
1198 1929 1501 1983 epistulas
1554 1928 1927 1980 canisianas,
1982 1943 2007 1971 a

240 2008 293 2036 m.
329 1994 590 2036 Ianuario
629 1995 736 2035 1561
782 2008 952 2047 usque
994 1994 1055 2035 ad
1100 1995 1451 2036 Decembrem
1497 1996 1608 2036 1562
1651 1993 1920 2048 scriptas,
1964 1998 2007 2037 et

241 2062 325 2101 200
374 2061 795 2110 „monumenta“
848 2059 966 2101 sive
1019 2062 1202 2109 „acta⁴·
1256 2059 1547 2101 canisiana
1599 2059 1842 2101 eiusdem
1890 2059 2008 2102 fere

239 2124 523 2178 temporis.
569 2124 637 2166 Ex
660 2124 857 2178 epistulis
891 2126 971 2165 125
1006 2138 1031 2166 a
1054 2124 1224 2167 Canisio
1256 2125 1326 2166 vel
1359 2124 1450 2166 eius
1482 2124 1654 2166 nomine
1686 2124 1889 2179 scriptae,
1925 2127 2008 2166 124

240 2189 295 2231 ad
317 2189 457 2243 ipsum
480 2190 608 2232 datae
631 2192 745 2232 sunt.
790 2190 857 2231 Ex
881 2189 1033 2243 quibus
1056 2189 1253 2244 epistulis
1287 2191 1366 2231 174.
1401 2189 1491 2231 fere
1524 2204 1658 2243 usque
1692 2189 1774 2232 huc
1805 2190 2006 2241 nondum,

241 2255 355 2307 quod
396 2255 593 2308 equidem
634 2255 789 2305 sciam,
836 2255 954 2309 typis
996 2255 1263 2310 exscriptae,
1307 2256 1361 2296 47
1398 2255 1488 2297 fere
1519 2254 1605 2297 iam
1647 2257 1778 2297 antea
1809 2255 2008 2309 integrae

241 2334 441 2371 excusae,
476 2320 740 2373 reliquarum
762 2323 912 2375 partes
944 2323 1128 2371 tantum,
1162 2334 1326 2373 eaeque
1348 2320 1439 2362 fere
1462 2319 1569 2362 satis
1592 2334 1768 2374 parvae,
1800 2320 1845 2362 in
1867 2320 2008 2363 lucem

242 2385 425 2427 emissae
467 2388 580 2428 sunt.
644 2386 880 2429 Praeterea
911 2399 1007 2427 cum
1039 2385 1082 2427 in
1114 2385 1404 2427 monumentis
1441 2388 1533 2427 tum
1566 2385 1609 2426 in
1641 2385 2008 2436 adnotationibus,

243 2464 354 2502 quae
387 2450 584 2504 epistulis
616 2451 954 2504 subiunguntur,
998 2451 1094 2505 plus
1136 2465 1264 2504 quam
1298 2452 1383 2492 480
1416 2450 1585 2505 positae
1616 2453 1718 2493 sunt
1757 2453 1906 2504 partes
1938 2451 2008 2492 vel

242 2515 494 2569 particulae,
524 2530 579 2557 ex
602 2515 806 2566 fontibus,
841 2516 954 2570 quod
976 2529 1057 2569 ego
1080 2516 1227 2561 sciam,
1260 2516 1447 2557 nondum
1472 2515 1689 2569 evulgatis
1711 2515 2007 2569 depromptae.

361 2608 414 2651 ΙΙ.
448 2608 672 2663 Epistulas
702 2613 1067 2663 monumentaque
1100 2609 1253 2652 edendi
1294 2609 1566 2651 rationem
1603 2608 1646 2650 in
1678 2607 1759 2650 hoc
1791 2608 2009 2651 volumine

243 2673 425 2715 eandem
466 2677 641 2716 secutus
678 2689 773 2716 sum
813 2677 944 2728 atque
984 2675 1028 2716 in
1069 2674 1287 2717 volumine
1329 2674 1516 2716 secundo
1555 2673 1672 2726 (vide
1714 2673 1872 2715 Canisii
1904 2674 2009 2728 Epi-

243 2739 382 2780 stulas
405 2738 458 2788 ΙΙ,
492 2740 770 2792 >tvm—xx),
804 2740 886 2781 nisi
909 2741 1023 2793 quod
1053 2740 1097 2782 in
1120 2740 1285 2782 duabus
1311 2740 1439 2781 rebus
1461 2738 1608 2793 parvis
1631 2752 1727 2780 eam
1758 2739 2008 2781 immutavi:

244 2804 293 2845 In
333 2804 532 2853 „Tabulis
574 2805 912 2858 chronologicis“
956 2805 999 2846 id
1040 2805 1132 2847 fere
1174 2804 1395 2859 praestiti,
1439 2803 1552 2857 quod
1592 2803 1819 2845 reverendi
1859 2805 2012 2846 Patres

244 2869 527 2910 Bollandiani
558 2868 790 2919 (Analecta
821 2869 1108 2912 Bollandiana
1139 2870 1242 2911 XVI
1275 2867 1525 2923 [Bruxelles
1560 2866 1718 2922 1897]‚
1763 2869 1866 2921 364)
1907 2869 2011 2910 mihi

246 2934 676 2977 commendaverant:
712 2934 901 2988 Singulis
929 2934 1071 2983 factis,
1107 2935 1259 2988 quibus
1291 2934 1389 2976 libri
1421 2932 1590 2987 paginis
1613 2933 1826 2986 copiosius
1859 2947 2010 2975 narra-

245 3002 408 3048 rentur,
443 2999 662 3041 adnotavi.
732 3000 1036 3049 „Monumenta
1069 3001 1356 3052 augustana“‚
1400 2998 1500 3051 quia
1532 2999 1576 3039 et
1608 2997 1792 3051 plurima
1824 3000 1868 3040 et
1900 2997 2009 3040 satis

246 3061 368 3103 varia
400 3066 521 3113 sunt,
564 3064 747 3117 primum
780 3064 951 3117 quidem
991 3078 1070 3118 pro
1111 3065 1240 3106 rebus
1281 3078 1307 3105 a
1339 3062 1508 3105 Canisio
1549 3062 1686 3115 gestis
1726 3061 1769 3102 in
1802 3063 2009 3114 quattuor

247 3124 408 3167 classes
449 3126 594 3173 divisi:
640 3127 794 3169 deinde
836 3128 880 3169 in
921 3128 1102 3181 singulis
1146 3127 1356 3170 classibus
1394 3127 1485 3168 fere
1527 3125 1719 3167 ordinem
1762 3128 2008 3180 temporum

249 3192 425 3231 secutus
457 3205 566 3234 sum.
