2093 3444
219 226 301 266 (552
364 223 522 256 Monuni.
552 222 787 267 (augustana)
816 224 895 257 267.
926 223 1045 267 (Anno
1073 224 1192 268 1562.)
1221 224 1301 259 268.
1332 225 1420 269 (Sub
1447 225 1628 261 ineuntem
1656 238 1685 261 a.
1716 228 1833 269 1561.)

215 339 358 372 fiebant.
410 339 441 373 5.
469 339 508 372 In
535 339 648 373 sacris
674 339 814 384 pompis
843 339 931 382 (Das
957 339 1185 374 katholische
1213 341 1385 376 deutsche
1411 342 1641 377 Kirchenlied
1667 343 1703 376 in
1729 342 1852 377 seinen
1879 343 1979 388 Sing-

217 392 347 426 weisen
375 392 408 425 Il
437 391 626 436 [Freiburg
652 392 672 426 i.
701 392 760 427 ΒΥ.
789 391 905 437 1883],
936 393 1103 437 10—13).

334 445 372 478 In
400 445 535 489 synodo
562 445 792 487 dioecesana,
830 457 936 489 quam
964 445 1048 480 Otto
1075 446 1268 481 cardinalis
1305 450 1340 481 et
1371 448 1559 493 episcopus
1585 451 1810 492 augustanus
1837 449 1980 484 Ganisio

215 497 408 531 adiuvante
435 498 601 542 Dilingae
636 510 666 533 a.
698 499 786 532 1567
823 498 967 540 habuit,
1003 500 1238 534 constitutum
1266 502 1322 534 est
1350 501 1405 544 (P.
1433 501 1473 542 2,
1509 513 1585 547 cap.
1615 503 1671 543 1);
1712 502 1909 546 „Antiquas
1945 505 1981 537 et

215 550 418 585 Catholicas
445 552 654 592 cantilenas,
681 552 907 596 praesertim,
934 563 1022 596 quas
1048 553 1096 597 pii
1123 553 1277 598 majores
1303 555 1417 588 nostri
1443 554 1611 589 Germani
1639 555 1832 600 majoribus
1859 555 1979 590 Eccle—

213 604 287 638 siae
314 604 418 638 festis
445 604 693 646 adhibuerunt,
720 605 830 648 vulgo
857 605 1110 650 permittimus,
1137 608 1173 640 et
1199 607 1233 640 in
1258 606 1441 653 Ecclesijs,
1469 608 1527 641 vel
1553 608 1659 642 etiam
1688 608 1980 644 Processionibus

213 658 358 691 retineri
398 658 609 702 probamus“
655 658 829 701 (Concilia
869 657 1102 699 Germaniae,
1142 660 1196 693 ed.
1235 661 1303 693 Ios.
1331 661 1542 694 ΗανιῒὲῑῖιθίηιΥ
1580 661 1613 695 S.
1641 661 1672 695 J.
1692 661 1759 695 VII
1799 661 1980 706 [Coloniae

216 710 332 754 1767]
363 711 456 753 164).

1031 801 1160 843 267.

982 890 1084 927 Anno
1111 890 1206 927 1562.

332 977 386 1010 Ex
413 977 646 1021 autographo.
699 977 782 1012 Cod.
815 978 876 1020 „G.
905 978 967 1023 Ep.
996 979 1075 1012 ΠΨ
1108 980 1131 1013 f.
1161 980 1260 1013 129&

337 1058 522 1092 contiones
547 1059 588 1091 de
613 1063 766 1092 extremo
792 1060 925 1093 iudicio
953 1071 973 1093 a
998 1061 1141 1094 Canisio
1167 1061 1306 1094 habitae
1332 1062 1436 1094 etlam
1456 1062 1734 1104 protestantibus
1754 1063 1978 1105 placuerunt.

212 1112 343 1145 Eodem
368 1116 525 1144 monente
551 1112 672 1145 divites
698 1123 818 1155 eyenos
844 1114 1066 1147 adiuverunt.

330 1201 378 1242 P.
415 1200 664 1243 Gmflz'elmns
705 1202 890 1243 Elderen
934 1203 977 1244 S.
1012 1202 1053 1244 J.
1089 1204 1130 1243 in
1177 1204 1324 1244 domus
1364 1204 1408 1244 S.
1441 1203 1483 1245 J.
1527 1208 1790 1257 (tuyecstanae
1830 1205 1981 1246 litteris

213 1265 477 1307 senecam-ihus
511 1268 702 1321 Aayzcsta
734 1270 774 1308 2.
810 1268 1012 1309 Ianum-1317
1045 1270 1161 1309 1:363
1203 1269 1316 1309 (latis
1359 1269 1409 1309 (le
1451 1269 1709 1309 contionibus
1748 1283 1774 1310 a
1808 1269 1979 1312 Cmfzisio

214 1345 251 1373 α.
277 1333 392 1372 1562
425 1332 580 1372 habitis
612 1333 805 1387 scripsit:
836 1332 894 1373 Jn
926 1332 1088 1386 templo
1122 1335 1268 1374 autem
1300 1336 1476 1386 praeter
1508 1333 1594 1375 alia
1627 1347 1736 1386 quae
1768 1348 1845 1387 pro
1879 1342 1979 1376 con-

213 1395 333 1437 cione
366 1396 575 1438 hactenus
607 1399 800 1439 tractata
832 1397 976 1447 fuere,
1020 1411 1224 1450 magnum
1259 1397 1526 1440 auditoribus
1559 1398 1749 1440 fructum
1792 1400 1979 1442 attulere

213 1460 438 1502 conciones
472 1461 523 1502 de
547 1475 746 1515 supremo
769 1462 924 1503 iudicio
948 1462 1176 1504 institutae
1195 1464 1220 1504 ¹.
1267 1462 1384 1511 Quae
1408 1463 1586 1517 docendj
1610 1463 1721 1505 ratio
1745 1467 1792 1506 ut
1822 1464 1979 1507 efficax

211 1525 316 1575 fuit,
360 1526 414 1567 ad
455 1525 653 1568 timorem
697 1527 886 1568 diuinum
929 1527 1082 1569 animis
1123 1527 1438 1578 incutiendum,
1484 1528 1545 1570 sic
1590 1527 1721 1570 etiam
1762 1529 1980 1583 plerisque

212 1591 396 1644 placuit,
441 1605 524 1632 non
567 1591 799 1634 Catholicis
841 1592 989 1642 modo,
1036 1592 1109 1634 sed
1153 1593 1284 1635 etiam
1327 1592 1612 1647 aduersariis,
1658 1596 1706 1635 ut
1747 1608 1852 1647 quos
1893 1594 1977 1636 iam

212 1656 391 1698 offendit
438 1659 649 1710 perpetua
697 1657 832 1699 ueluti
880 1657 1026 1699 concio
1075 1660 1334 1699 nouatorum
1382 1658 1545 1711 absque
1593 1658 1762 1701 delectu
1809 1673 1980 1714 semper

211 1721 386 1773 quosvis
419 1721 733 1764 consolantium
767 1725 810 1765 et
843 1723 973 1776 uulgo
1006 1723 1325 1775 loquentium
1358 1723 1664 1777 placentia2.
1717 1724 1979 1767 Profuerunt

211 1786 385 1828 habitae
418 1800 587 1839 quoque
610 1787 843 1829 Conciones
876 1788 1150 1842 pauperibus,
1186 1791 1233 1830 ut
1265 1788 1335 1841 qui
1363 1788 1625 1841 singularem
1660 1788 1840 1831 diuitum
1873 1804 1978 1843 erga

211 1865 257 1892 se
290 1851 595 1894 liberalitatem
630 1853 799 1906 experti
833 1856 946 1901 sunt,
982 1853 1112 1895 Patre
1145 1854 1226 1895 huc
1260 1853 1443 1895 diuitesa
1476 1853 1731 1896 cohortante
1747 1855 1774 1896 3.

756 1991 798 2045 c)
841 1991 1046 2034 Familia
1080 1992 1426 2046 Fuggerorum.

1029 2104 1160 2146 268.

863 2202 934 2237 Sub
961 2201 1146 2238 ineuntem
1174 2211 1206 2237 a.
1234 2201 1320 2237 1561.

329 2288 384 2322 Ex
410 2288 616 2333 apographo
642 2290 777 2323 recenti
805 2301 917 2333 eoque
945 2290 1125 2334 exscripto
1153 2302 1197 2323 ex
1224 2289 1429 2334 apographo
1457 2289 1614 2333 antiquo,
1642 2290 1676 2323 in
1703 2302 1771 2334 quo
1798 2290 1974 2335 epistulae

209 2341 370 2382 initium,
397 2353 481 2386 pars
508 2344 689 2383 extrema,
722 2342 926 2387 inscriptio,
954 2345 1075 2388 partes
1102 2343 1276 2387 quaedam
1303 2343 1493 2377 verborum
1523 2343 1628 2387 (quas
1654 2347 1776 2388 partes
1801 2356 1867 2388 ego
1893 2355 1974 2389 sup—

210 2394 343 2438 plevi),
371 2395 442 2428 alia
468 2395 606 2429 desunt.
659 2397 777 2439 Atque
804 2395 870 2429 hoc
896 2396 1141 2441 apographum
1170 2396 1301 2430 Romae
1327 2407 1358 2429 a.
1388 2396 1478 2430 1560
1505 2399 1568 2430 aut
1593 2396 1627 2430 in
1655 2397 1756 2431 domo
1783 2397 1974 2431 cardinalis

211 2446 352 2481 Ottonis
388 2459 433 2481 ex
459 2448 656 2493 archetypo
692 2449 949 2494 transcriptum
977 2448 1160 2493 Sociisque
1195 2449 1352 2483 romanis
1387 2449 1431 2483 ab
1459 2448 1590 2483 Ottone
1617 2450 1806 2492 donatum,
1841 2452 1904 2484 aut
1930 2451 1973 2485 ab

210 2500 342 2534 eisdem
370 2500 484 2535 Sociis
511 2513 555 2534 ex
581 2501 778 2546 archetypo
805 2502 849 2536 ab
877 2501 1008 2536 Ottone
1034 2502 1122 2547 ipsis
1149 2502 1232 2536 dato
1259 2502 1480 2547 exscriptum
1508 2502 1661 2537 videtur.

329 2553 472 2588 Litteris
506 2565 594 2588 usus
628 2556 684 2588 est
711 2556 928 2600 Sacc-himas,
964 2555 1048 2589 Can.
1075 2567 1108 2600 p.
1139 2556 1215 2589 171.
1267 2554 1363 2596 Quas
1398 2567 1480 2599 ego,
1518 2555 1624 2590 huius
1650 2556 1766 2601 operis
1792 2557 1972 2591 volumine

208 2607 373 2648 secundo,
401 2607 437 2640 in
463 2618 532 2651 quo
558 2607 741 2652 ponendae
768 2608 926 2648 fuerant,
953 2608 1023 2642 iam
1051 2608 1233 2651 evulgato,
1259 2611 1398 2650 nactus,
1424 2609 1586 2652 integras
1611 2609 1773 2654 quidem,
1800 2613 1971 2654 quantum

327 2747 339 2761 ³
365 2742 421 2775 Ab
446 2742 488 2774 E.
515 2742 555 2774 in
582 2752 694 2784 mary.
722 2742 895 2775 additum.

208 2875 301 2910 datis
335 2875 480 2916 suadet,
516 2877 557 2909 ut
595 2875 816 2918 „cantilenae
851 2874 933 2909 illae
969 2874 1136 2918 antiquae
1172 2874 1354 2919 simplices
1388 2875 1550 2919 quidem,
1589 2875 1651 2909 sed
1678 2874 1783 2909 valde
1808 2876 1969 2910 sincerae

208 2939 299 2972 quae
332 2928 426 2962 inter
460 2929 649 2962 conciones
684 2928 868 2962 decantari
893 2927 1025 2969 solent,
1061 2929 1149 2972 puta
1177 2928 1259 2970 ,Der
1281 2928 1359 2971 Tag
1384 2928 1432 2963 ist
1457 2939 1497 2962 so
1522 2927 1802 2969 freudenreich‘;
1838 2928 1971 2970 ‚Christ

205 2981 252 3015 ist
278 2982 500 3023 erstanden‘;
528 2981 666 3023 ,Kornm
694 2981 845 3025 heiliger
874 2980 1006 3022 Geist‘3
1033 2981 1173 3022 ‚Mitten
1200 2992 1327 3015 unsers
1355 2981 1493 3016 Lebens
1520 2981 1618 3022 Zeit‘,
1645 2983 1681 3015 et
1708 2981 1738 3016 si
1766 2992 1857 3025 quae
1884 2983 1969 3016 sunt

207 3035 414 3076 eiusmodi“,
442 3035 549 3069 etiam
574 3035 610 3069 in
636 3037 818 3080 posterum
845 3034 1078 3068 retineantur.
1113 3033 1223 3068 Seldii
1249 3034 1390 3068 litteras
1415 3034 1514 3079 typis
1540 3034 1734 3079 exscripsit
1764 3035 1826 3068 Th.
1855 3035 1970 3069 Sickel

207 3088 242 3122 in
274 3088 428 3130 „Archiv
453 3088 512 3122 fur
536 3087 836 3122 'osterreichische
865 3086 1101 3122 Geschichte“
1133 3086 1230 3121 XLV
1260 3087 1384 3128 (Wien
1413 3087 1530 3131 1871),
1557 3087 1707 3122 86—91.

332 3143 338 3161 ¹
366 3140 456 3175 Vide
482 3152 591 3186 supra
616 3153 650 3186 p.
677 3141 757 3175 622.
857 3141 870 3160 2
895 3140 941 3174 Is.
969 3140 1024 3181 30,
1054 3141 1106 3174 10.

327 3194 339 3213 ³
365 3194 508 3228 Partem
537 3194 712 3228 contionis
737 3193 940 3227 huiusmodi
965 3193 1047 3227 vide
1073 3204 1182 3238 supra
1207 3205 1240 3238 p.
1269 3193 1348 3228 644.
