2093 3444
225 186 307 226 184
699 183 778 218 581.
816 183 982 218 Canisius
1010 182 1265 228 Christophoro
1291 183 1334 217 de
1360 183 1512 218 Madrid.

220 300 394 342 Timent
425 300 503 342 sibi
527 301 810 343 vehementer
842 315 868 343 a
890 301 1070 343 concilio
1103 301 1176 344 isti
1197 301 1411 354 Magistri,
1446 304 1491 344 et
1515 302 1601 344 iam
1625 303 1854 355 aliquoties
1888 317 1990 345 con-

219 368 446 416 uenerunt,
471 366 522 407 de
546 366 818 408 confessione
841 365 1100 419 Augustana
1123 369 1168 409 et
1189 366 1411 420 religionis
1433 367 1629 409 articulis
1647 369 1674 418 1,
1709 382 1819 421 quae
1841 371 1988 410 tamen

220 430 529 473 constituerint
561 430 657 483 alijs
689 446 775 473 non
807 433 993 482 constat,
1027 432 1141 474 forte
1173 446 1252 473 nec
1276 431 1393 486 ipsis.
1438 432 1506 474 Ad
1538 432 1660 486 pedis
1692 433 1989 475 infirmitatem

220 499 487 546 accesserat,
534 498 611 538 aut
654 496 770 538 illinc
814 496 1035 550 prodierat
1082 496 1226 551 potius
1268 500 1448 551 propter
1492 497 1681 549 quietem
1727 498 1988 550 continuam,

219 561 451 603 ventriculi
482 562 668 614 languor
700 564 744 603 et
776 562 951 603 morbus
973 576 1058 603 non
1081 562 1202 612 leuis,
1237 562 1313 603 sed
1336 562 1568 604 CHRISTO
1602 562 1659 605 sit
1687 563 1783 605 laus
1805 566 1990 617 Vtroque

219 627 490 668 incommodo
524 626 644 668 breui
676 641 744 668 me
768 627 934 669 confido
961 627 1246 670 liberandum.
1290 627 1498 669 Dominus
1532 628 1653 669 Iesvs
1685 628 1988 671 interiorem

220 691 500 734 hominem2
539 692 755 745 respicere
789 692 992 745 dignetur
1024 695 1069 734 et
1105 692 1277 742 iuuare,
1320 695 1547 745 totamque
1587 707 1762 735 causam
1794 696 1990 736 nostram

219 757 380 798 vestris
411 757 494 811 pijs
516 757 632 800 votis
665 757 719 799 ad
751 757 923 799 felicem
953 760 1117 800 statum
1140 757 1391 811 perducere.
1435 757 1837 800 Reuerendissimus
1860 759 1912 802 V.
1936 759 1987 803 R.

220 821 479 864 amicissime
512 823 690 865 salutat.
734 823 828 876 Ego
851 822 1020 865 fructus
1042 822 1284 864 vberrimos
1317 822 1455 864 eidem
1487 822 1531 864 in
1554 837 1658 876 agro
1692 837 1769 865 suo
1796 826 1840 866 et
1872 824 1989 866 salu—

218 887 332 929 taria
366 891 522 929 cuncta
555 891 679 941 opto,
723 902 897 941 vnaque
928 889 981 931 D.
1014 888 1243 929 Hurtadoa
1283 890 1327 929 et
1360 888 1398 929 d.
1434 888 1736 930 Guilhelmobss
1778 889 1844 931 cui
1877 904 1989 932 nunc

218 952 333 995 forte
365 952 516 995 literas
548 953 735 996 mittam.
798 954 867 994 Ex
899 953 1072 995 Lubeca
1105 955 1145 996 3.
1178 953 1343 995 calend.
1378 952 1566 1006 Augusti
1600 954 1724 995 Anno
1762 955 1886 997 1561.

1463 1094 1670 1148 Indignus
1703 1109 1855 1137 seruus

1567 1163 1612 1202 et
1644 1160 1756 1202 filius

1448 1225 1705 1267 Lambertus
1737 1226 1867 1268 Auer.

338 1314 592 1356 Reuerendo
625 1314 667 1356 in
692 1314 925 1356 CHRISTO
949 1314 1071 1357 Patri
1094 1314 1277 1356 Domino
1302 1314 1430 1356 Petro
1454 1314 1624 1356 Canisio
1659 1315 1699 1359 S.
1725 1314 1988 1367 Theologiae

217 1379 396 1422 Doctori
429 1382 559 1432 atque
594 1379 826 1422 Societatis
858 1379 999 1421 JESV
1032 1394 1108 1433 per
1142 1379 1416 1421 Germaniam
1453 1382 1495 1421 et
1528 1379 1781 1421 Bohemiam
1812 1379 1988 1434 prouin-

217 1444 315 1486 ciali
348 1444 610 1498 praeposito.
655 1444 895 1497 Augustae.
941 1444 1001 1485 Zu
1035 1444 1271 1498 Augspnrg
1303 1445 1398 1485 dem
1433 1445 1577 1486 Herrn
1601 1445 1986 1499 Thumbprediger.

337 1531 391 1565 Ex
427 1544 487 1572 eo,
524 1531 615 1575 quod
651 1531 807 1576 epistula
843 1531 930 1565 haec
966 1531 1000 1564 in
1037 1531 1111 1564 cod.
1144 1531 1251 1576 „Epp.
1289 1531 1331 1565 ad
1360 1531 1462 1565 Kess.
1491 1531 1535 1565 I.“
1579 1531 1637 1573 (de
1672 1544 1742 1576 quo
1778 1532 1859 1566 vide
1900 1533 1985 1567 Can.

217 1585 306 1631 Epp.
334 1586 359 1627 Ι,
386 1585 580 1628 LIII—LIV)
611 1588 752 1625 exstat,
789 1585 966 1629 suspicari
991 1584 1095 1625 licet,
1132 1596 1211 1618 eam
1237 1584 1400 1619 Lubecca
1428 1584 1631 1627 Coloniam,
1670 1587 1710 1618 ut
1736 1585 1817 1619 inde
1844 1585 1986 1620 Canisio

216 1639 440 1682 mitteretur,
476 1638 673 1683 perlatam,
710 1650 729 1671 a
756 1638 870 1672 Sociis
905 1638 1170 1672 coloniensibus
1205 1638 1263 1671 vel
1294 1650 1357 1683 per
1383 1638 1599 1672 oblivionem
1626 1638 1684 1672 vel
1711 1638 1781 1673 alia
1808 1639 1850 1673 de
1877 1650 1987 1673 causa

216 1694 393 1726 retentam
422 1703 513 1726 esse.

1039 1763 1159 1805 581.

957 1856 1254 1903 CANISIUS

431 1962 494 2003 P.
529 1960 1111 2005 CHRISTOPHORO
1145 1960 1243 2002 DE
1277 1960 1571 2003 MADRID
1606 1961 1662 2003 S.
1695 1961 1770 2014 J„

741 2042 854 2076 Lainii
882 2042 1076 2086 praepositi
1104 2042 1285 2085 generalis
1310 2042 1456 2076 vicario.

684 2128 852 2175 Augusta
879 2128 1152 2165 Vindelicormn
1179 2128 1211 2164 9.
1238 2128 1398 2176 Augusti
1425 2128 1510 2164 1561.

337 2212 391 2246 Ex
417 2212 624 2257 apographo
651 2213 796 2249 recenti.
823 2213 1005 2257 exscripto
1031 2224 1077 2246 ex
1103 2212 1300 2257 archetypo
1329 2212 1380 2255 (in
1400 2212 1475 2246 cod.
1508 2212 1567 2254 „1⁴2
1587 2211 1624 2246 C.
1645 2212 1679 2245 1⁸⁴
1710 2212 1734 2245 f.
1756 2211 1986 2246 lala—122¹>

218 2265 265 2310 [n.
292 2265 351 2310 86]
379 2265 532 2310 posito),
568 2266 662 2309 quod
690 2265 822 2299 Canisii
854 2266 1034 2307 „nomine“
1074 2265 1222 2310 scripsit
1248 2265 1287 2299 P.
1313 2265 1485 2299 Nicolaus
1512 2265 1666 2299 Lanoius
1693 2264 1727 2299 S.
1756 2265 1809 2306 J.‚
1844 2266 1988 2310 praeter

217 2320 416 2353 extremam
444 2318 542 2352 illam
568 2321 719 2363 partem,
746 2331 838 2363 quae
864 2319 978 2353 latina
1004 2320 1077 2359 est;
1106 2318 1198 2352 hanc
1225 2318 1319 2352 enim
1347 2318 1513 2353 Canisius
1539 2330 1604 2352 sua
1630 2330 1738 2352 manu
1764 2317 1921 2363 scripsit.

336 2371 501 2416 Epistula
528 2383 615 2406 usus
641 2374 699 2406 est
725 2373 934 2416 Sacclzinus,
962 2372 1046 2406 Can.
1075 2384 1107 2416 p.
1138 2372 1215 2406 186.

276 2481 279 2483 -
339 2460 508 2492 Canisius
533 2461 714 2503 colleyizcm
736 2471 910 2503 pragense
935 2462 1097 2494 visitarit.
1132 2461 1256 2494 Bonus
1281 2461 1416 2502 oolleyii
1440 2464 1564 2493 status.
1605 2461 1771 2493 Duorum
1800 2460 1985 2494 Sociorum

216 2514 468 2546 inconstantia.
503 2512 702 2546 Pusnenses
727 2514 906 2557 collegium
934 2514 1146 2547 desiderant.
1182 2514 1369 2547 Sociorum
1390 2515 1623 2557 prayensium
1640 2513 1812 2556 valetudo,
1837 2513 1986 2556 labores,

216 2567 404 2600 molestiae.
455 2566 605 2600 Not-icil.
657 2567 753 2600 Vota.
804 2567 1063 2600 Ferdinandus
1088 2567 1269 2600 archidtcae
1294 2568 1334 2600 in
1359 2567 1542 2610 colleyimn
1568 2567 1768 2610 benet-olus,
1803 2566 1988 2609 reliqionis

218 2619 411 2653 catholicae
445 2620 635 2653 studiosus.
685 2620 970 2653 Eoeercitationes
1004 2621 1184 2653 oratoriae
1218 2621 1345 2664 latine,
1381 2620 1602 2663 [χω-Μανία,
1640 2619 1811 2653 bohemica
1835 2619 1987 2652 habitae.

221 2673 445 2706 Graecarum
471 2673 675 2706 litterarum.
700 2675 868 2715 mayister
893 2673 994 2705 valde
1018 2675 1240 2706 necessarius
1265 2678 1323 2707 est.
1375 2675 1418 2707 In
1444 2673 1615 2706 Bohemhr
1642 2673 1895 2705 catholicorum
1921 2682 1987 2704 nu-

337 2788 350 2802 2
378 2783 549 2816 Hurdado
576 2785 621 2817 A.
719 2783 734 2803 b
761 2782 952 2817 Guilhemo
979 2785 1023 2816 A.

344 2896 351 2914 ¹
381 2894 658 2927 Commendonus
684 2893 847 2928 Lubecca
875 2893 928 2927 14.
954 2893 1035 2927 Iulii
1063 2893 1150 2927 1561
1179 2892 1328 2927 Romam
1355 2892 1400 2926 ad
1424 2891 1459 2926 S.
1479 2891 1644 2926 Carolum
1663 2891 1915 2924 Borromaeum
1943 2889 1986 2924 de

218 2945 508 2981 Lubeccensibus
533 2946 700 2992 scripsit:
741 2946 863 2989 „Circa
895 2946 931 2980 13
957 2946 1130 2989 religione
1155 2958 1225 2980 non
1252 2946 1284 2980 01
1310 2947 1407 2980 resta
1433 2945 1537 2989 quasi
1562 2943 1718 2987 vestigio
1745 2943 1839 2977 della
1865 2942 1988 2977 chiesa

219 2999 408 3038 cattolica;
437 3028 443 3033 .
465 3028 471 3033 .
491 3000 540 3042 gli
566 2999 808 3044 predicatori.
838 3028 844 3033 .
873 3027 880 3033 .
907 3011 994 3033 sono
1021 2999 1124 3044 quasi
1149 2999 1236 3033 tutti
1261 2999 1417 3044 apostati
1445 2997 1579 3032 carichi
1605 2997 1640 3031 di
1665 2995 1775 3040 1110in
1802 3007 1822 3029 e
1848 2995 1882 3030 di
1908 2994 1986 3039 figli

220 3063 239 3085 e
264 3051 299 3086 di
325 3052 460 3093 rabbia,
487 3053 596 3086 fanno
622 3053 678 3087 fra
702 3052 778 3087 loro
804 3053 887 3096 ogni
913 3052 1107 3086 settimana
1128 3051 1430 3095 congregazione⁴‘
1456 3051 1701 3094 (Miscellanea
1720 3051 1788 3083 etc.
1807 3048 1868 3090 VI,
1890 3046 1986 3092 194).

339 3105 353 3125 ‘-‘
378 3105 479 3140 Rom.
508 3107 538 3147 7,
566 3106 621 3140 22.
673 3105 762 3151 Eph.
790 3105 822 3147 3,
851 3106 906 3140 16.

339 3159 352 3178 ³
378 3158 448 3193 ΡΡ.
477 3159 639 3193 Hurtado
665 3159 776 3193 Perez
803 3160 839 3192 et
864 3157 1056 3192 Guilielmo
1084 3157 1247 3198 Elderen,
1274 3158 1309 3192 S.
1336 3157 1368 3191 J.
