2093 3444
225 221 309 262 634
370 217 528 251 Monum.
557 215 791 261 (augustana)
820 216 900 251 254.
930 215 976 260 (A
1005 216 1058 251 10.
1085 216 1242 260 Augusti
1271 216 1358 252 1561
1387 217 1431 251 ad
1458 217 1513 252 30.
1540 217 1698 261 Augusti
1726 217 1842 261 1562.)

223 334 516 383 commodum,
565 333 803 375 uendentes
848 346 958 386 quae
1003 332 1218 375 debebant
1262 331 1447 385 gratis
1495 332 1675 383 dare¹‚
1722 348 1805 375 non
1850 335 1987 376 solum

223 413 352 440 oues
397 401 450 440 et
494 398 684 448 boues,
730 397 847 439 klein
888 397 976 439 vnd
1017 411 1145 451 grose
1189 399 1361 451 ampter
1391 397 1477 439 vnd
1509 398 1770 452 pfriienden,
1817 399 1893 441 sed
1934 402 1990 442 et

223 462 537 505 columbas2
568 463 611 504 id
644 465 711 505 est
744 461 987 517 spiritualia
1020 463 1144 505 dona.
1202 461 1287 516 Ipsi
1322 464 1424 504 sunt
1456 462 1528 515 qui
1560 462 1767 504 domum
1800 464 1897 505 Dei
1929 479 1987 506 zu

223 528 396 570 einem
436 528 745 570 kauffhaus
786 527 1055 570 machen3.

343 595 382 636 4.
417 595 578 635 Iterum
621 595 688 635 elie
726 592 831 646 festo
865 593 906 634 S.
943 593 1258 634 Bartholomael
1300 593 1475 646 apostoli
1513 592 1603 641 (24.
1637 593 1841 647 Angyusti)
1874 596 1988 636 1562

222 660 268 700 in
309 659 546 700 cathedrali
586 659 755 700 ecclesia
798 662 1039 712 aecyzcstana
1084 658 1284 699 Canisius
1329 656 1522 709 „errore“
1571 659 1739 713 quidem
1786 673 1849 700 eos
1892 660 1990 701 eluci

224 724 355 777 dixit,
401 725 473 779 qai
519 727 774 775 assererent,
821 722 934 774 quod
975 721 1223 776 spirituales
1267 736 1352 762 non
1395 721 1553 764 debent
1593 722 1753 764 habere
1797 737 1901 777 opes
1945 727 1989 767 et

221 788 415 841 regimen
460 790 710 837 externum,
758 787 832 828 sed
876 790 1048 830 tantum
1092 787 1203 829 sicut
1247 785 1446 841 Apostolj
1492 800 1644 829 curare
1688 787 1987 842 spiritualia43

224 859 407 895 attamen
441 854 542 895 haec
575 853 774 894 addidit:
807 852 968 894 Verum
1002 854 1069 894 est
1102 851 1338 894 accessisse
1371 852 1553 902 abusus,
1596 852 1710 906 quod
1741 852 1989 907 spirituales

221 918 347 960 multi
380 918 441 960 sic
472 917 628 960 intenti
661 919 763 959 sunt
794 917 1127 972 temporalibus,
1161 920 1205 959 et
1236 917 1457 971 impediti²²
1489 917 1755 959 secularibus
1787 918 1987 973 negotijs,

227 986 276 1026 ut
309 984 422 1036 quod
454 983 733 1037 praecipuum
774 985 869 1025 erat
900 996 1055 1024 munus
1088 982 1335 1035 negligant,
1378 982 1519 1035 magis
1551 982 1736 1025 fastuosi
1768 983 1989 1038 Principes

225 1062 354 1101 quam
388 1048 502 1090 docti
535 1047 750 1102 Episcopi,
784 1047 984 1089 meliores
1018 1050 1248 1089 venatores
1281 1060 1407 1099 quam
1441 1047 1778 1101 praedicatores

342 1114 380 1156 5.
417 1115 680 1168 Quamquam
715 1117 853 1154 aulem
878 1113 1078 1154 Canisius
1108 1112 1338 1165 mcmifesta
1374 1114 1446 1155 illa
1469 1113 1569 1154 cleri
1590 1114 1692 1154 vitia
1717 1113 1989 1156 dissimulare

222 1193 485 1234 nequaquam
531 1179 786 1231 conabatur,
833 1179 891 1219 acl
934 1179 1206 1219 reverentiam.
1250 1182 1387 1219 tamen
1435 1183 1469 1219 et
1510 1178 1811 1220 oboedientiam
1856 1179 1989 1221 eidem

222 1245 330 1285 clero
359 1244 666 1298 praestandam
696 1245 894 1298 populum
930 1244 1037 1284 serio
1069 1242 1331 1284 hortabatur.
1392 1243 1460 1284 Ita
1495 1245 1562 1286 15.
1597 1243 1838 1285 Decembris
1872 1245 1985 1286 1561

222 1309 439 1363 Auqzcstae
480 1310 522 1350 in
569 1310 736 1350 ecclesia
781 1309 1017 1349 cathedrali
1056 1322 1074 1348 e
1112 1322 1232 1349 sacro
1274 1313 1463 1362 szaqyestu
1507 1309 1629 1359 haec,
1668 1313 1842 1363 praeter
1884 1310 1988 1363 alia,

224 1374 357 1414 elixa:
398 1372 478 1422 Qui
511 1372 618 1426 legit
659 1373 887 1427 epistolam
920 1372 1146 1414 Paulinam
1181 1370 1409 1426 [priorem]
1452 1373 1507 1414 ad
1540 1372 1716 1415 Corinth
1750 1407 1759 1416 .
1792 1373 1829 1415 is
1861 1373 1989 1415 facile

223 1436 387 1479 uidebit
420 1439 464 1480 et
495 1437 732 1488 inuenietb,
778 1437 821 1478 in
854 1436 1023 1480 1nultis⁶
1063 1436 1425 1491 reprehensibiles
1456 1437 1590 1479 fuisse
1622 1437 1876 1480 Corintheos
1911 1473 1919 1480 .
1945 1473 1952 1480 .
1979 1472 1987 1480 .

223 1502 344 1544 Inter
376 1502 462 1544 alia
503 1502 632 1552 uitia,
676 1502 788 1544 male
821 1516 867 1543 se
899 1502 1111 1555 gerebant
1143 1516 1249 1555 erga
1290 1505 1465 1544 curatos
1507 1506 1551 1545 et
1583 1502 1905 1557 praedicatores
1946 1505 1990 1545 et

226 1566 448 1609 ministros
481 1568 709 1618 ecclesiae,
746 1567 797 1609 de
831 1567 984 1620 quibus
1016 1567 1129 1609 male
1161 1567 1432 1618 iudicabant,
1466 1567 1551 1609 imo
1585 1582 1692 1621 quos
1724 1567 1853 1610 etiam
1889 1582 1989 1610 con-

221 1633 476 1674 temnebant
489 1633 517 1674 5.
552 1633 677 1674 Vnde
700 1632 860 1674 Paulus
892 1632 1013 1675 uelut
1034 1633 1170 1674 bonus
1197 1632 1388 1675 medicus
1411 1633 1562 1675 uolens
1584 1636 1789 1686 aegrotos
1822 1647 1988 1684 curare,

224 1696 336 1739 hanc
369 1698 444 1740 dat
476 1697 754 1749 medicinam,
795 1700 844 1740 ut
874 1698 1019 1752 potius
1052 1697 1236 1740 offitium
1269 1712 1398 1751 quam
1430 1712 1640 1753 personas
1673 1698 1946 1741 considerent
1979 1732 1988 1740 .

227 1761 422 1805 Offitium
455 1762 498 1804 in
530 1777 576 1804 se
608 1763 766 1804 bonum
800 1766 879 1813 est,
915 1763 1014 1816 quia
1047 1777 1072 1805 a
1096 1764 1186 1805 Deo
1218 1762 1467 1806 institutum
1500 1766 1544 1806 et
1577 1766 1870 1818 praeceptum,
1904 1763 1989 1805 imo

223 1830 269 1870 et
300 1828 606 1870 necessarium.
656 1828 873 1870 Personae
907 1829 1044 1870 bonae
1078 1831 1122 1870 et
1154 1829 1296 1870 malae
1328 1843 1423 1870 esse
1455 1832 1649 1883 possunt.
1703 1828 1825 1878 Quod
1856 1828 1990 1882 igitur

224 1892 419 1934 Offitium
466 1892 787 1947 spiritualium?
849 1893 910 1935 Vt
956 1893 1044 1936 sint
1090 1893 1338 1936 ministri
1385 1893 1537 1935 Deiss‘1
1588 1894 1631 1935 in
1679 1893 1987 1948 spiritualibus,

223 1957 541 2000 seruientes
582 1958 834 2001 Christ07
876 1958 1029 2013 capiti,
1074 1973 1181 2011 quos
1214 1958 1286 2012 qui
1329 1959 1588 2010 contemnit,
1631 1958 1846 2001 Christum
1888 1973 1988 2000 con-

222 2022 419 2065 temnitss.
486 2024 533 2063 2ο
566 2027 613 2066 ut
646 2023 733 2066 sint
766 2023 1194 2078 dispensatores
1225 2023 1650 2078 mysteriorum⁹
1686 2023 1712 2066 i.
1747 2037 1783 2067 e.
1818 2023 1988 2066 diuinae

223 2087 445 2130 doctrinae
478 2090 522 2130 et
544 2092 915 2131 sacramentorum
937 2088 980 2130 in
1004 2089 1157 2142 quibus
1180 2089 1325 2131 diuina
1347 2089 1485 2131 uirtus
1512 2089 1697 2132 salutem
1721 2091 1926 2144 operatur
1940 2088 1986 2130 1⁰.

223 2152 267 2194 Si
289 2153 387 2194 huic
409 2152 546 2196 offitio
569 2153 859 2205 satisfaciunt,
895 2154 1107 2208 duplici
1139 2154 1344 2196 honore
1377 2154 1580 2207 digni11
1612 2157 1726 2205 sunt,
1760 2154 1825 2196 sin
1848 2153 1988 2195 minus

222 2217 362 2259 adhuc
393 2218 572 2269 ferendi,
607 2218 691 2260 imo
725 2222 769 2262 et
801 2219 1052 2270 honorandi,
1087 2221 1132 2262 et
1163 2233 1241 2274 pro
1274 2219 1359 2261 illis
1392 2220 1614 2270 orandum,
1647 2222 1696 2261 ut
1728 2233 1853 2260 suum
1885 2232 1986 2272 gra-

222 2296 341 2333 uem,
386 2283 674 2337 periculosum
719 2287 763 2327 et
803 2284 1066 2326 laboriosum
1107 2287 1272 2327 statum
1316 2288 1435 2327 recte
1478 2285 1657 2334 obeant,
1702 2283 1988 2326 ministrando

221 2347 444 2390 Ecclesiae
459 2349 507 2398 12,
540 2349 819 2402 pascendo
843 2350 1036 2399 oues¹3‚
1070 2352 1115 2391 et
1138 2349 1426 2403 dispensando
1449 2349 1617 2392 talenta
1630 2350 1677 2399 14,
1705 2349 1760 2391 ad
1782 2349 1989 2390 honorem

222 2412 392 2467 Christi,
427 2413 664 2456 utilitatem
684 2414 844 2468 populi,
879 2416 924 2456 et
945 2414 1167 2457 salutem
1190 2414 1533 2457 animarum15.
1567 2413 1862 2456 Corollarium.
1895 2413 1988 2455 No-

221 2477 357 2520 tanda
378 2477 459 2519 hoc
490 2478 663 2520 saeculo
687 2479 897 2529 doctrina,
931 2493 1151 2532 nunquam
1182 2479 1324 2532 magis
1356 2479 1601 2522 necessaria
1634 2480 1687 2522 ob
1719 2492 1987 2533 communem

342 2604 357 2618 ³
386 2598 590 2632 Com-ectum
617 2609 639 2631 a
665 2599 745 2632 libr.
774 2610 816 2632 ex
842 2598 959 2632 obruti
985 2598 1125 2643 spiritu.

342 2651 356 2672 b
381 2652 415 2685 A
437 2652 473 2685 C.
501 2653 577 2695 ipso
604 2656 798 2685 correctum
824 2663 866 2685 eac
891 2651 1082 2695 intelliget.

345 2711 356 2725 ‘³
382 2705 443 2739 Sic
472 2705 508 2739 G.
536 2706 703 2748 correxit,
730 2705 823 2748 quod
847 2705 927 2739 libr.
954 2707 1168 2748 scripserat:
1192 2717 1312 2750 saepe.

341 2757 356 2778 ‘¹
383 2761 402 2790 5
428 2769 476 2792 ve.
503 2769 576 2802 sqq.
603 2769 626 2791 a
651 2758 732 2792 libr.
759 2759 797 2791 in
825 2769 937 2802 marq.
965 2759 1090 2792 addita
1115 2763 1209 2792 sunt.

345 2872 351 2890 ¹
381 2870 511 2905 Matth.
541 2870 594 2913 10,
621 2870 653 2905 8.
752 2871 765 2891 ²
791 2871 841 2905 Io.
868 2871 900 2912 2,
930 2871 982 2905 14.
1083 2872 1096 2892 3
1122 2871 1170 2906 Io.
1197 2872 1229 2913 2,
1259 2873 1312 2906 16.

342 2925 355 2943 4
382 2923 435 2958 Of.
462 2924 543 2958 Act.
570 2924 610 2965 6,
639 2924 741 2958 1-6.
783 2923 914 2958 Matth.
943 2924 1005 2964 19,
1032 2924 1172 2959 27—29
1199 2927 1265 2959 etc.
1366 2926 1378 2945 ⁵
1405 2923 1460 2959 Cf.
1488 2925 1504 2959 1
1535 2924 1612 2959 Cor.
1643 2924 1672 2966 1,
1701 2924 1764 2965 123
1790 2925 1831 2965 4,
1860 2923 1984 2958 1-19.

343 2977 355 2997 ⁶
384 2977 400 3010 1
428 2976 553 3012 Thess.
581 2977 612 3019 3,
639 2977 671 3012 2.
718 2978 733 3011 1
764 2976 842 3012 Cor.
869 2977 902 3019 4,
931 2978 961 3011 1.
1004 2977 1025 3010 2
1053 2977 1130 3012 Cor.
1157 2978 1238 3020 6‚'4
1263 2980 1332 3012 etc.

342 3030 354 3049 ⁷
380 3029 481 3063 Rom.
511 3031 564 3071 16,
594 3030 647 3065 18.
691 3029 765 3065 Col.
793 3031 823 3072 3,
851 3030 898 3064 24
923 3032 992 3065 etc.
1091 3032 1104 3050 ⁸
1130 3030 1183 3065 Cf.
1210 3031 1295 3065 Luc.
1325 3031 1377 3073 10,
1407 3031 1461 3066 16.

342 3083 356 3102 ⁹
383 3083 398 3116 1
429 3082 507 3117 Cor.
533 3083 566 3125 4,
595 3083 625 3118 1.
725 3084 753 3104 ¹⁰
779 3083 832 3118 Of.
860 3083 881 3117 2
908 3083 986 3118 Cor.
1013 3083 1044 3125 7,
1073 3083 1127 3118 10.
1228 3085 1254 3105 11
1282 3085 1298 3118 1
1327 3084 1416 3118 Tim.
1444 3085 1476 3125 5,
1504 3084 1559 3118 17.

331 3135 357 3155 ¹2
383 3135 437 3169 Cf.
468 3137 483 3170 l
512 3135 601 3170 Tim.
630 3136 661 3178 3,
690 3136 744 3171 10.
774 3136 827 3171 13.
931 3136 957 3156 ¹³
982 3136 1030 3170 Io.
1057 3136 1113 3178 21,
1144 3137 1185 3170 17
1212 3139 1279 3171 etc.

329 3189 356 3208 ¹4
383 3187 437 3222 Cf.
464 3188 548 3223 Luc.
577 3189 631 3229 12,
657 3189 714 3224 42.
760 3190 776 3224 1
806 3189 884 3224 Cor.
909 3190 943 3231 4,
972 3190 988 3224 1
1017 3191 1084 3223 etc.
1185 3190 1211 3210 ¹⁵
1240 3191 1255 3224 1
1284 3190 1380 3224 Petr.
1410 3191 1440 3232 1,
1467 3191 1498 3225 9.
