2093 3444
489 207 653 249 Augusta
682 206 949 240 Vindelicorum
979 206 1031 240 10.
1059 205 1274 239 Novembris
1304 205 1403 239 1562.
1745 207 1829 247 533

65 325 358 380 Hispanorum
403 324 534 366 animi
579 324 679 377 (etsi
724 339 810 366 non
855 325 906 367 de
952 324 1148 367 omnibus
1192 322 1362 377 loquor)
1411 338 1456 365 se
1501 325 1741 378 praebeant
1788 324 1831 366 in

65 390 237 444 Synodo
281 389 604 432 tractabiliores
619 392 645 432 1.
709 390 824 432 Vere
866 390 1033 433 Sathan
1077 389 1192 432 inter
1234 389 1394 431 fratres
1440 389 1546 430 haec
1591 389 1832 431 discordiae

65 455 229 498 semina
261 455 444 509 spargit,
480 469 590 508 quae
616 455 785 510 potenti
808 455 981 498 ‚uirtute
1004 455 1200 497 Christus
1232 453 1488 508 supprimat,
1523 454 1559 495 si
1591 455 1832 497 rationibus

65 525 108 564 et
141 520 330 575 consilijs
362 520 561 562 humanis
603 520 785 574 opprimi
824 535 908 562 non
940 523 1135 574 possunt.
1200 520 1261 562 Vt
1300 519 1355 561 ad
1387 519 1619 561 Dominum
1653 534 1678 561 a
1710 520 1832 561 Luna

64 588 282 636 reuertar,
325 585 441 627 haud
483 585 576 627 sine
618 585 749 627 animi
782 585 983 628 molestia
1024 585 1105 627 hoc
1137 585 1230 627 loco
1273 585 1339 627 sui
1381 587 1425 627 et
1457 584 1667 627 Catholici
1700 585 1833 638 Regis

64 652 136 693 ille
168 651 376 693 mandata
417 653 646 705 expectat,
689 651 843 704 quibus
876 651 1066 705 acceptis
1107 651 1249 693 isthuc
1291 664 1338 692 se
1368 649 1465 692 ilico
1498 652 1832 704 properaturum

65 716 233 771 recipit.
299 715 457 759 Scribit
501 719 648 759 autem
693 716 819 758 modo
864 716 918 757 ad
961 716 1345 770 Archiepiscopum
1387 715 1725 765 Granatensem,
1771 714 1835 756 uti

66 781 204 824 suasit
245 781 497 836 Amplitudo
541 785 640 831 tua,
687 783 732 823 et
772 781 973 824 hortatur
1016 795 1117 823 suos
1150 781 1391 836 Episcopos
1433 781 1487 822 ad
1529 781 1673 823 studia
1714 783 1835 823 tran-

66 846 278 900 quilliora,
312 850 445 900 utque
471 847 694 888 moderate
728 849 863 900 agant
894 846 937 887 in
960 846 1040 888 1130
1064 850 1309 900 temporum
1340 846 1571 899 iniquitate
1606 881 1614 889 .
1648 845 1750 888 Dixi
1783 845 1835 887 de

66 912 383 955 Jllustrissimis
405 912 584 965 Legatis
617 911 762 962 etiam,
798 925 979 964 quorum
1013 925 1187 953 causam
1220 911 1282 953 illi
1316 911 1602 953 difficiliorem
1634 911 1834 961 reddunt,

69 977 141 1031 qui
174 992 430 1032 promouere
468 980 674 1032 poterant
716 980 759 1019 et
799 977 1015 1019 debebant
1056 977 1245 1019 maxime
1279 1012 1287 1020 .
1322 976 1423 1019 Alia
1454 991 1533 1031 per
1573 991 1698 1019 suum
1730 976 1836 1017 Pro-

67 1043 341 1086 curatorem2
374 1045 450 1085 aut
473 1042 793 1085 Secretarium3
824 1041 952 1084 isthic
986 1041 1201 1096 expediet.
1255 1042 1395 1084 Jussit
1427 1045 1472 1085 et
1498 1041 1681 1085 salutari
1703 1040 1836 1084 Celsi—

67 1108 261 1151 tudinem
294 1111 438 1159 tuam,
474 1122 603 1161 quam
635 1108 679 1149 in
711 1107 851 1161 pretio
884 1107 1044 1149 habere
1078 1109 1122 1149 et
1154 1108 1295 1150 colere
1327 1107 1430 1149 mihi
1463 1107 1649 1150 uidetur.
1712 1107 1837 1149 Hanc

70 1187 247 1216 causam
269 1187 373 1215 uero
406 1187 460 1215 ne
488 1173 559 1227 alij
594 1172 846 1223 resciscant,
881 1173 994 1214 bona
1016 1173 1099 1215 fide
1134 1173 1306 1216 curabo.
1361 1173 1610 1215 Precandus
1644 1176 1711 1215 est
1733 1186 1837 1214 sane

67 1239 285 1290 Christus,
328 1242 376 1282 ut
408 1239 451 1280 in
485 1238 657 1292 Synodo
690 1238 895 1280 Patribus
927 1238 1202 1281 unitatem
1244 1238 1516 1293 spiritus4
1547 1238 1761 1292 largiatur
1794 1241 1837 1280 et

70 1304 290 1347 Sathanae
324 1307 571 1358 compescat
604 1303 761 1355 studia,
797 1303 869 1356 qui
898 1303 1170 1357 praeclarum
1203 1304 1282 1345 hoc
1314 1304 1562 1346 institutum
1596 1304 1730 1346 uellet
1762 1303 1838 1345 ab·

67 1369 208 1424 rumpi
241 1369 441 1424 turpiter,
481 1371 525 1411 et
556 1369 600 1410 in
634 1369 821 1410 schisma
855 1369 1025 1410 demum
1058 1368 1266 1411 conuerti.

187 1434 474 1489 Antuerpiam
497 1434 663 1488 reliqua
686 1437 787 1476 sunt
820 1448 845 1476 a
877 1448 945 1476 me
968 1434 1101 1476 missa
1115 1434 1142 1476 5.
1188 1434 1550 1489 Archiepiscopus
1573 1433 1838 1476 Coloniensis

69 1503 267 1543 mortuus
300 1500 458 1542 dicitur
470 1500 497 1543 6.
563 1499 833 1542 Electionem
866 1499 1029 1553 Regis7
1061 1499 1272 1542 maturari
1304 1502 1463 1554 putant
1495 1500 1547 1541 ob
1580 1499 1716 1554 pestis
1748 1513 1839 1540 me-

69 1569 183 1617 tum,
227 1565 299 1619 qui
339 1565 681 1607 Franckfordiae
722 1565 921 1619 pullulat.
985 1565 1118 1607 Ferat
1159 1564 1307 1607 Pietas
1349 1567 1425 1607 tua
1464 1579 1624 1618 quaeso
1667 1578 1839 1607 crucem

70 1702 163 1746 apud
199 1701 389 1735 concilium
414 1701 647 1734 tridentinum
675 1701 851 1734 oratorem
879 1700 1144 1741 nominaverat,
1180 1699 1358 1744 simulque
1384 1700 1631 1734 Ferdinandus
1658 1699 1685 1734 I.
1713 1710 1838 1733 caesar

68 1754 274 1789 tridentinis
300 1755 502 1788 oratoribus
528 1754 604 1788 suis
630 1754 856 1788 adiunxerat.
892 1752 1029 1787 Lunam
1055 1753 1126 1787 iam
1150 1755 1304 1787 exeunte
1331 1753 1478 1788 Octobri
1502 1754 1689 1797 Augustae
1717 1752 1840 1792 fuisse,

69 1809 146 1843 eius
171 1808 316 1842 litterae
343 1820 383 1842 eo
408 1810 570 1853 tempore
596 1808 641 1841 ad
668 1806 874 1852 Philippum
902 1807 946 1841 ll.
974 1807 1079 1840 datae
1107 1807 1301 1841 ostendunt
1330 1807 1573 1851 (Fnensanta,
1599 1807 1842 1841 Documentos

68 1862 222 1896 ineditos
248 1861 418 1903 XCVIII,
445 1862 525 1896 357.
553 1861 633 1895 359.
662 1861 862 1895 370—376.
919 1861 1038 1894 Turba
1066 1861 1088 1894 1.
1117 1872 1144 1894 c.
1174 1860 1244 1902 III,
1272 1860 1369 1904 209).
1423 1860 1589 1895 Canisius
1615 1860 1772 1901 Lunam,
1811 1859 1840 1893 si

69 1927 139 1949 non
165 1917 258 1954 ante,
285 1927 316 1949 a.
344 1915 433 1950 1559
459 1915 660 1959 Augustae,
687 1926 768 1948 cum
795 1913 938 1948 coniitia
965 1913 1104 1958 imperii
1131 1913 1358 1956 haberentur,
1386 1916 1607 1958 cognoverat
1633 1913 1736 1958 eique
1762 1925 1842 1958 pec-

71 1972 153 2003 cata
179 1969 364 2004 confitenti
390 1980 496 2002 aures
522 1968 740 2013 praebuerat
769 1968 874 2010 (Can.
903 1967 993 2012 Epp.
1020 1967 1063 2003 II.
1092 1967 1189 2010 378).

194 2024 203 2043 ¹
231 2022 418 2067 Philippus
453 2022 497 2057 Π.
533 2022 688 2055 Madrito
716 2021 770 2055 30.
798 2020 1014 2055 Novembris
1041 2020 1132 2054 1562
1165 2020 1286 2055 Lunae
1321 2020 1485 2065 scripsit:
1522 2020 1578 2054 Pii
1603 2021 1666 2055 IV.
1702 2020 1842 2054 nomine

71 2075 139 2110 sibi
165 2075 410 2119 significatum
437 2087 534 2117 esse,
570 2074 744 2120 praelatis
771 2073 954 2118 aliquibus
979 2074 1143 2119 hispanis
1169 2086 1252 2108 011111
1279 2073 1398 2118 aliquo
1425 2085 1470 2108 ex
1500 2074 1701 2108 oratoribus
1736 2073 1843 2117 gallis

74 2129 152 2173 (qui
177 2129 316 2164 occulte
342 2129 520 2163 haeresim
547 2129 672 2162 fovere
698 2128 908 2173 putabatur)
939 2130 975 2162 et
1000 2139 1081 2161 cum
1107 2127 1284 2162 similibus
1309 2127 1514 2162 hominibus
1540 2127 1842 2161 necessitudinem

73 2185 109 2217 et
133 2185 313 2217 tractatus
339 2183 514 2227 quosdam
540 2194 630 2223 esse,
657 2182 872 2225 eosdemque
899 2183 935 2215 et
960 2180 1080 2226 palam
1107 2182 1143 2214 et
1168 2180 1340 2225 privatim
1365 2180 1523 2215 animum
1547 2180 1844 2224 voluntatemque

72 2248 160 2280 erga
185 2237 388 2282 pontificem
416 2236 563 2281 eiusque
589 2235 774 2270 ministros
799 2247 925 2280 parum
952 2235 1042 2269 bene
1068 2234 1235 2269 affectam
1267 2246 1353 2279 prae
1389 2246 1428 2268 se
1462 2234 1591 2268 tulisse
1620 2233 1843 2277 (Fuensanta

73 2290 96 2324 1.
124 2301 154 2324 0.
180 2302 214 2335 p.
239 2289 337 2334 380).
372 2290 425 2324 Ac
452 2291 631 2324 Paleottets
655 2291 823 2330 testatur,
850 2288 999 2322 Petrum
1027 2288 1214 2329 Guerrero,
1242 2288 1553 2332 archiepiscopum
1579 2289 1844 2331 granatensem,

74 2355 138 2378 suo
164 2343 456 2387 collegarumque
481 2343 624 2377 nomine
650 2342 782 2386 legatis
808 2342 1030 2376 affirmasse:
1070 2341 1223 2376 Omnino
1250 2341 1390 2375 definiri
1416 2343 1598 2386 oportere,
1640 2340 1845 2385 „episcopos

70 2397 151 2443 jure
178 2397 298 2431 divino
325 2396 512 2431 institutos
539 2399 574 2430 et
601 2396 825 2441 presbyteris
851 2395 1076 2440 superiores“
1117 2406 1215 2435 055ος
1260 2394 1438 2439 „alioquin
1474 2395 1634 2438 cogitare
1669 2406 1708 2428 se
1746 2393 1845 2428 nulla

74 2451 213 2486 ratione
238 2451 391 2485 sessioni
417 2450 652 2485 celebrandae
679 2449 874 2490 adsistere,
910 2460 976 2483 nec
1003 2448 1081 2494 ejus
1108 2449 1253 2483 decreta
1280 2448 1323 2482 ab
1349 2448 1417 2482 hoc
1443 2448 1588 2483 diversa
1624 2448 1841 2493 approbare“

77 2504 116 2549 (l.
144 2516 173 2539 0.
201 2504 253 2546 ΙΙ,
281 2504 499 2548 596-597).
549 2503 602 2537 De
638 2515 708 2547 qua
743 2502 872 2546 agendi
907 2502 1044 2536 ratione
1080 2503 1251 2536 Hercules
1275 2503 1491 2546 Paynanus,
1527 2501 1589 2546 qui
1615 2501 1775 2546 Philippi
1801 2500 1845 2535 Π.

75 2559 342 2604 procuratorem
369 2560 455 2592 tunc
480 2557 517 2591 in
543 2557 692 2592 concilio
720 2557 870 2600 agebat,
905 2555 1076 2590 Tridento
1103 2555 1158 2590 22.
1185 2555 1401 2590 Novembris
1429 2555 1520 2590 1562
1556 2555 1600 2589 ad
1627 2554 1846 2589 Consalvum

76 2612 198 2653 PereZ,
224 2611 381 2656 Philippi
407 2611 652 2651 secretarium,
679 2610 839 2645 scribens
865 2609 960 2643 haud
986 2609 1106 2654 inepte
1129 2610 1364 2654 (quamquam
1381 2609 1537 2644 fortasse
1556 2608 1736 2652 severius)
1757 2608 1845 2642 iudi-

77 2665 200 2700 cabat:
232 2665 267 2707 „1
293 2665 423 2710 prelati
447 2664 561 2699 nostri
588 2664 785 2698 vorebbero
804 2690 811 2697 .
832 2690 838 2697 .
860 2690 866 2697 .
894 2662 970 2697 solo
996 2674 1096 2697 esser
1121 2665 1158 2697 et
1174 2662 1275 2708 Papa
1301 2664 1338 2697 et
1362 2662 1414 2697 Re
1441 2662 1521 2706 ogn'
1540 2674 1610 2697 uno
1637 2662 1672 2696 di
1695 2662 1770 2696 loro
1788 2661 1847 2695 nel

76 2731 141 2754 suo
176 2720 391 2753 vescovat&
425 2718 568 2762 (Sall-ci,
604 2718 846 2752 Documentos
878 2716 1032 2751 ineditos
1059 2715 1119 2761 [cf.
1146 2728 1256 2762 supra
1282 2729 1316 2762 p.
1343 2715 1443 2761 481²]
1469 2716 1538 2757 IX,
1568 2715 1665 2759 319).
1710 2715 1846 2757 Quibus

77 2772 268 2818 Philippus
294 2772 339 2806 Π.
374 2772 480 2817 paulo
515 2773 597 2817 post
628 2782 691 2816 per
718 2771 856 2804 Lunam
882 2769 975 2804 serio
1001 2770 1207 2812 mandavit,
1243 2772 1284 2804 ut
1308 2769 1469 2815 pontifici
1495 2769 1643 2814 eiusque
1669 2768 1846 2803 ministris

77 2826 290 2861 satisfacere
316 2826 504 2860 studerent
532 2825 745 2869 (Do'llinyer,
771 2823 942 2867 Beitr'a-ge
968 2826 1036 2858 etc.
1063 2824 1089 2865 I,
1115 2823 1214 2867 482).

198 2880 211 2900 ²
237 2879 428 2913 Herculem
453 2879 697 2921 Pagnanum‘?
747 2877 839 2911 Vide
865 2877 945 2911 adn.
975 2878 991 2911 1
1019 2876 1126 2912 huius
1152 2889 1234 2922 pag.

199 2934 212 2953 ³
238 2933 435 2967 Martinum
462 2932 505 2966 de
532 2931 714 2966 Gaztelu‘?
764 2930 817 2964 De
844 2942 913 2975 quo
940 2931 1034 2976 apud
1059 2932 1269 2965 Fuensanta
1295 2930 1318 2965 l.
1345 2943 1374 2965 c.
1400 2929 1562 2970 XCVIII,
1590 2929 1670 2963 375.
1697 2928 1777 2963 380.

199 2988 213 3006 4
237 2985 329 3031 Eph.
354 2986 386 3026 4,
415 2986 447 3019 3.

200 3041 213 3059 ⁵
239 3039 338 3073 Haec
364 3039 409 3073 ad
432 3038 740 3081 ⁷,Confessionem“
771 3038 815 3072 ab
834 3037 945 3072 Hosio
970 3037 1143 3083 scriptam
1161 3038 1383 3082 Antverpiae
1410 3037 1524 3071 denuo
1551 3035 1848 3079 emendatiusque

81 3093 254 3128 edendam
279 3092 497 3137 pertinuisse
523 3091 711 3131 videntur;
738 3091 821 3125 vide
847 3102 955 3136 supra
981 3103 1014 3136 p.
1043 3091 1122 3126 527.

200 3147 213 3166 ⁶
239 3146 391 3180 Ioannes
405 3144 618 3179 Gebhardus
637 3144 679 3178 de
694 3144 875 3178 Mansfeld
894 3144 1186 3190 archiepiscopus
1201 3145 1232 3179 2.
1247 3143 1463 3178 Novembris
1481 3143 1570 3178 1562
1585 3142 1661 3177 vita
1677 3143 1848 3176 cesserat.

201 3200 213 3220 ⁷
238 3199 349 3242 Regis
375 3198 627 3233 Romanorum.
