2093 3444
427 227 584 260 Monuni.
615 226 849 270 (augustana)
879 227 958 262 270.
989 227 1076 269 (Sub
1102 227 1243 261 initium
1270 239 1300 262 a.
1330 228 1448 269 1561.)
1736 231 1818 272 657

52 354 112 377 eos
151 343 239 377 duas
279 343 491 377 Gomitissas
529 345 801 387 praestantes“;
840 355 930 388 quas
969 343 1111 388 quidem
1156 344 1273 385 „breui
1316 343 1371 387 (vt
1408 344 1656 388 speramus)“‚
1695 344 1820 389 inquit,

57 396 219 438 „Christo
258 399 293 430 et
318 395 503 430 Ecclesiae
542 397 795 431 restituemus“
829 397 951 441 (supra
978 409 1010 441 p.
1041 398 1207 440 15—16).
1259 397 1305 431 Et
1343 397 1436 430 idem
1464 397 1628 432 Canisius
1654 398 1821 442 Augusta

53 450 108 484 19.
128 449 283 483 Ianuarii
313 449 398 483 1561
427 449 569 483 Lainio:
601 450 771 493 „Agimus
798 451 936 494 gratias
963 454 1130 484 aeternae
1157 450 1319 491 bonitati,
1347 462 1438 494 quae
1464 451 1566 485 nobis
1593 451 1820 486 Comitissam

51 502 93 537 D.
121 502 235 548 Marcj
262 502 418 546 Fuggeri
446 503 632 545 coniugem
661 506 737 537 tota
764 503 839 537 uita
869 503 1128 544 Lutlierana1n‚
1156 506 1347 548 postquam
1374 515 1439 537 nos
1465 504 1587 538 audire
1614 506 1749 550 coepit,
1776 506 1821 539 ad

52 555 267 590 catholicam
302 555 419 590 lucem
455 555 628 600 paulatini
666 567 894 597 conuersam,
934 568 1027 590 nunc
1062 557 1112 590 ita
1147 558 1307 590 nostram
1342 557 1446 598 fecit,
1486 560 1526 591 ut
1560 558 1595 591 in
1627 558 1821 605 Exercitijs

51 610 217 643 uersetur
243 608 492 653 spiritualibus
520 636 527 643 .
548 636 554 642 .
577 637 582 642 .
621 609 725 643 Nunc
751 609 908 642 animum
936 610 979 643 ad
1007 610 1229 654 purgandam
1257 610 1429 644 familiam
1457 610 1598 655 adjecit,
1625 614 1666 645 ut
1691 612 1821 647 Luthe-

51 673 159 696 ranas
185 662 283 696 feces
310 661 456 707 abijciat
482 662 598 706 plane.
651 662 705 695 Ad
732 673 871 696 sacram
899 662 1042 706 quidem
1069 663 1329 698 confessionem
1366 666 1402 697 et
1428 664 1711 699 communionem
1738 666 1821 700 huc-

51 726 166 759 usque
198 727 381 759 nunquam
417 715 591 755 accessit,
627 715 730 749 iuxta
761 715 870 749 ritum
897 715 1138 749 Catholicum“
1172 717 1297 761 (supra
1329 729 1361 761 p.
1390 716 1464 758 20).
1516 717 1561 751 Et
1586 718 1680 752 idem
1706 719 1820 753 eidem

53 768 218 812 Augusta
259 769 288 802 1.
315 768 500 802 Februarii
541 768 649 803 1561:
694 768 865 811 „Agimus
904 769 1041 811 gratias
1079 769 1172 809 Deo,
1211 770 1312 803 cuius
1351 769 1469 813 gratia
1507 782 1600 804 nunc
1640 771 1823 807 Ecclesiae

54 820 281 856 Comitissam
332 821 432 855 illam
483 821 526 855 de
575 833 646 865 qua
687 821 926 866 scripseram,
975 821 1304 856 reconciliauimus‘⁴
1355 824 1478 868 (supra
1520 836 1553 868 p.
1593 825 1665 868 39).
1732 826 1823 860 Item

52 875 92 909 P.
121 874 335 909 Guilielmus
368 874 521 908 Elderen
555 874 589 908 S.
617 875 671 915 J.‚
708 874 842 908 Canisii
878 875 996 909 socius
1033 878 1276 918 augustanus,
1312 876 1347 909 in
1382 876 1515 910 litteris
1553 878 1609 911 25.
1637 878 1823 914 Februarii

55 928 142 962 1561
181 928 224 962 ad
253 928 375 962 Socios
411 928 635 962 colonienses
662 928 776 963 datis:
817 928 1030 970 „Comitissa
1056 929 1098 962 de
1125 941 1195 972 qua
1229 941 1342 974 nuper
1368 932 1507 971 actum,
1543 930 1614 965 iam
1640 934 1716 966 tota
1743 944 1820 967 con-

53 992 158 1015 uersa
193 983 267 1023 est,
304 981 617 1025 Sectariorumque
644 981 843 1015 doctrinam
870 982 1072 1015 detestatur
1106 982 1366 1027 maximoper&
1408 984 1533 1028 (supra
1568 996 1601 1029 p.
1628 985 1726 1029 587).
1778 986 1824 1020 Et

51 1034 145 1068 idem
172 1035 207 1068 in
234 1035 359 1080 primis
386 1035 511 1069 domus
538 1037 764 1078 augustanae
790 1034 823 1068 S.
853 1034 884 1069 J.
912 1034 1044 1069 litteris
1071 1035 1261 1077 historicis,
1293 1036 1422 1080 quibus
1449 1036 1630 1072 Sociorum
1658 1051 1715 1073 res
1741 1039 1823 1074 inde

53 1087 96 1122 ab
123 1099 154 1122 a.
178 1089 267 1122 1559
285 1089 474 1132 Augustae
498 1090 622 1132 gestas
649 1088 916 1132 complectitur:
949 1088 1051 1129 „Fuit
1078 1116 1084 1122 .
1106 1115 1112 1122 .
1134 1115 1140 1122 .
1169 1088 1369 1131 Comitissa,
1397 1101 1487 1134 quae
1514 1091 1685 1135 plurimos
1711 1104 1823 1127 annos

51 1141 88 1175 in
125 1141 266 1176 haeresi
304 1142 485 1176 obstinata
523 1141 638 1182 vixit,
688 1153 729 1175 ea
768 1153 848 1175 cum
886 1141 1033 1176 Patrem
1073 1141 1284 1186 [Canisium]
1323 1143 1515 1187 aliquoties
1553 1145 1822 1181 concionantem

52 1194 232 1237 audisset,
269 1207 309 1230 ac
337 1195 463 1229 deinde
499 1195 669 1240 priuatim
705 1195 749 1229 ab
785 1207 825 1228 eo
862 1195 967 1228 fidem
994 1194 1215 1230 Catholicam
1242 1196 1371 1230 fuisset
1407 1197 1550 1238 edocta,
1587 1199 1698 1233 totius
1724 1199 1823 1234 vitae

52 1250 201 1293 peccata
235 1248 288 1282 illi
315 1248 474 1293 aperuit,
511 1259 531 1282 a
557 1260 627 1292 quo
653 1248 760 1282 simul
787 1248 972 1282 Ecclesiae
1007 1251 1063 1282 est-
1094 1249 1335 1283 reconciliata.
1357 1276 1364 1283 .
1384 1276 1419 1284 ..
1463 1250 1561 1292 Quae
1593 1263 1688 1286 nunc
1714 1253 1823 1286 etiam

52 1305 247 1336 venustum
265 1302 358 1347 domj
385 1301 556 1336 sacellum
577 1302 743 1342 exstruit,
770 1313 811 1336 ac
836 1302 878 1335 de
899 1301 1094 1336 Catholicis
1112 1302 1202 1336 bene
1219 1303 1348 1337 mereri
1366 1304 1503 1348 pergit“
1529 1304 1653 1350 (supra
1670 1317 1703 1350 p.
1725 1307 1822 1349 595).

52 1355 235 1389 Millerum
261 1356 363 1400 sequi
389 1355 534 1390 videtur
563 1357 669 1390 Conr.
697 1356 834 1389 Hcibler
861 1355 983 1399 (quem
1010 1355 1157 1390 archivo
1183 1356 1369 1400 suggerico
1394 1369 1498 1391 usum
1526 1369 1604 1391 esse
1640 1370 1685 1392 ex
1710 1359 1824 1404 ipsius

52 1409 174 1443 verbis
201 1409 369 1453 constat),
396 1420 476 1443 cum
504 1408 678 1453 Sibyllam
705 1412 788 1442 ante
815 1420 947 1442 annum
968 1409 1058 1443 1563
1085 1409 1190 1453 plane
1217 1410 1429 1454 omninoque
1456 1411 1501 1444 ad
1528 1411 1741 1446 catholicam
1769 1425 1823 1447 ec-

53 1462 201 1496 clesiam
236 1464 504 1505 transgressam
531 1474 610 1496 esse
636 1465 766 1506 negat:
802 1462 866 1496 Die
894 1461 1060 1506 Stellung
1086 1462 1148 1496 der
1173 1463 1318 1506 Fugger
1343 1475 1422 1497 zum
1449 1463 1735 1500 Kirchenstreite
1761 1467 1824 1501 des

55 1516 109 1550 16.
137 1515 422 1556 Jahrhunderts,
460 1516 497 1549 in
537 1515 783 1558 „Historische
809 1515 1201 1560 Vierteljahrsschrift*
1243 1516 1458 1560 herausgeg.
1494 1529 1564 1551 von
1604 1519 1709 1553 Gerh.
1748 1521 1823 1554 See-

54 1571 154 1614 liyer,
181 1569 211 1604 3.
241 1569 365 1613 Jahrg.
397 1569 559 1614 (Leipzig
587 1569 693 1612 1898)
723 1581 755 1614 p.
784 1568 864 1603 503.

870 1689 1001 1730 270.

731 1777 802 1814 Sub
828 1777 976 1814 initium
1003 1788 1036 1814 a.
1064 1778 1149 1815 1561.

176 1870 332 1913 Sibyllae
357 1870 394 1903 F
394 1881 542 1913 etyqerae
574 1870 622 1902 ad
645 1869 748 1911 fidem
775 1869 982 1902 catholicam
1009 1871 1264 1903 conversionem
1298 1871 1440 1902 ιήίΐίιιυι
1466 1871 1609 1904 (luxisse
1634 1883 1656 1904 (ι
1686 1872 1824 1906 Canise'i

53 1924 163 1967 specie
195 1928 298 1956 noetio
333 1924 503 1957 (livinitus
528 1923 585 1956 illa·
619 1923 736 1969 ρῦῖαία
768 1923 885 1965 primi
914 1922 1055 1956 C'cmz'sic'
1087 1923 1275 1966 bz'oyraplei
1313 1928 1484 1957 asserunt.
1539 1925 1695 1966 Quorum
1730 1928 1823 1959 testi-

55 1978 255 2010 moniorum
282 1987 367 2009 num
395 1988 503 2010 luzum
539 1988 581 2009 cat
607 1977 718 2009 altero
747 1977 910 2018 pendeat.
965 1976 1149 2017 Quodnam
1175 1987 1294 2009 eorum
1329 1977 1441 2018 fecerit
1468 1979 1647 2021 inqenium
1676 1980 1823 2013 indoles-

55 2042 128 2074 que.
183 2031 317 2072 Quibus
339 2031 498 2073 sordibus
526 2031 581 2063 ιι.ςί
607 2041 675 2063 esse
707 2030 905 2062 videantur.
958 2029 1128 2062 Sace-hcm·
1160 2030 1273 2071 (inter
1302 2030 1441 2063 Caussa·
1477 2031 1688 2074 bz'oyraphos
1717 2044 1822 2075 prae-

55 2085 170 2127 cipui)
197 2085 359 2117 animum
385 2095 424 2116 ea
450 2084 492 2117 de
515 2084 626 2127 specie
650 2084 842 2126 scrupulus
865 2083 967 2116 subit.
1020 2083 1190 2116 Sacclaee'm'
1214 2084 1340 2116 relatio
1366 2083 1539 2127 huiusque
1562 2085 1685 2126 fontes.

173 2165 345 2211 Sibyllam
375 2166 595 2200 comitissam
622 2166 665 2200 de
692 2164 902 2206 Ebeistein,
937 2163 1051 2198 Marci
1077 2164 1236 2208 Fuggeri
1261 2176 1430 2207 uxorem,
1461 2165 1650 2208 Augustae
1677 2166 1822 2202 ineunte

54 2231 86 2254 a.
107 2220 195 2254 1561
217 2219 351 2254 Canisii
378 2222 414 2254 et
440 2219 665 2254 contionibus
691 2220 727 2253 et
752 2218 907 2264 privatis
933 2217 1220 2252 institutionibus
1246 2218 1420 2262 paulatim
1447 2230 1488 2253 eo
1513 2219 1706 2254 adductam
1732 2232 1821 2263 esse,

53 2276 95 2308 ut
119 2273 416 2318 protestantismo
442 2284 590 2318 prorsus
617 2272 757 2307 abiecto
783 2271 890 2317 plane
916 2271 1129 2315 omninoque
1155 2270 1332 2305 catholica
1359 2275 1464 2313 esset,
1492 2273 1528 2306 et
1553 2272 1630 2317 ipse
1657 2272 1822 2308 Canisius

54 2329 90 2361 et
115 2326 156 2361 P.
183 2326 356 2368 Elderen,
386 2327 505 2361 socius
531 2327 608 2360 eius
634 2327 879 2369 augustanus,
905 2324 1112 2370 perspicue,
1139 2326 1180 2358 ut
1204 2324 1240 2358 in
1265 2336 1420 2359 monum.
1449 2325 1516 2359 269
1544 2327 1729 2360 ostensum
1755 2329 1821 2369 est,

54 2380 292 2415 affirmarunt.
345 2379 504 2414 Primam
547 2382 667 2414 autem
708 2379 816 2413 huius
858 2377 1103 2413 conversionis
1146 2389 1291 2412 causam
1332 2378 1446 2414 fuisse
1490 2378 1623 2413 Canisii
1665 2381 1818 2425 speciem

54 2433 213 2479 Sibyllae
247 2436 357 2469 noctu
382 2433 556 2468 divinitus
582 2433 740 2467 oblatam
775 2434 810 2466 et
845 2432 952 2465 huius
987 2431 1090 2465 visus
1125 2431 1411 2476 experimentum
1437 2432 1614 2476 quoddam
1649 2433 1821 2478 postridie

53 2488 200 2530 factum,
226 2487 308 2529 iam,
336 2487 396 2532 qui
422 2487 529 2532 primi
554 2487 667 2521 vitam
696 2485 829 2520 Canisii
855 2484 1044 2530 scripsere,
1074 2487 1324 2525 asseruerunt;
1352 2496 1442 2529 quos
1467 2486 1685 2530 posteriores
1710 2487 1820 2532 scrip-

53 2543 150 2576 tores
184 2541 299 2575 secuti
325 2543 411 2575 sunt
435 2540 641 2585 plerique¹;
680 2538 791 2583 aliqui
816 2541 937 2572 tamen
963 2537 1100 2572 factum
1125 2540 1323 2581 negarunt,
1350 2538 1511 2573 fabulam
1537 2538 1630 2574 hanc
1657 2551 1736 2574 esse
1761 2540 1821 2574 vel

55 2594 247 2630 artificium
273 2594 479 2629 iesuiticum
505 2593 752 2637 significantes
765 2592 787 2626 2.

173 2647 266 2690 Ego,
293 2648 471 2692 quoniam,
499 2646 669 2691 quicquid
695 2646 1004 2679 monumentorum
1031 2643 1076 2677 ad
1105 2643 1290 2678 canisium
1315 2645 1558 2689 spectantium
1585 2647 1720 2687 exstat,
1748 2647 1819 2680 col-

53 2701 166 2745 ligere
200 2700 288 2734 mihi
323 2700 544 2745 propositum
580 2701 654 2740 est,
691 2710 736 2732 ne
771 2697 859 2732 haec
895 2696 1038 2742 quidem
1075 2696 1257 2738 omittam
1295 2696 1489 2732 relationes
1523 2698 1636 2742 igitur
1670 2710 1819 2743 ponam;

55 2753 345 2788 adnotationibus
371 2753 584 2797 quibusdam
610 2763 671 2786 eas
696 2750 905 2791 illustrab03
945 2749 1029 2794 quid
1064 2750 1208 2784 tandem
1243 2750 1332 2784 certi
1367 2751 1598 2785 statuendum
1633 2752 1699 2793 sit,
1739 2752 1820 2787 aliis

54 2806 265 2851 singulatim
291 2806 531 2841 definiendum
555 2805 768 2849 relinquam.

178 2943 186 2962 ¹
216 2942 264 2976 Ut
282 2942 384 2975 Μία.
403 2940 595 2983 Manqold:
625 2937 732 2980 „Viso
757 2937 840 2972 dein
864 2939 1048 2978 nocturno,
1074 2937 1169 2971 haud
1196 2937 1301 2971 dubie
1328 2936 1503 2971 divinitus
1529 2937 1699 2979 exhibito,
1726 2950 1818 2973 com-

53 2997 189 3030 motam
217 3023 223 3029 .
252 3022 259 3029 .
287 3022 294 3028 .
322 2993 488 3028 Canisius
513 3019 522 3028 .
550 3019 558 3028 .
585 2991 746 3027 edocuit:
782 2990 893 3035 Origo
929 2990 1078 3034 Collegii
1113 2990 1304 3025 Societatis
1338 2990 1426 3024 Jesu
1460 2991 1506 3024 ad
1538 2989 1709 3026 Sanctum
1744 2992 1818 3026 Sal-

54 3052 217 3083 vatorem
246 3048 450 3091 (Augustae
477 3046 582 3080 Vind.
612 3044 718 3089 1786)
747 3057 780 3090 p.
807 3045 839 3079 5.

175 3102 188 3123 ²
217 3100 457 3144 „Jesuitische
484 3098 746 3134 Schriftsteller
770 3098 902 3132 wissen
928 3096 983 3131 als
1009 3095 1286 3131 Gotteswunder
1319 3096 1579 3139 hinzustellen,
1618 3109 1693 3132 was
1727 3098 1818 3133 doch

26 3167 123 3191 ‚nur
155 3154 263 3190 zaher
298 3153 398 3188 Eifer
428 3152 662 3198 jesuitischer
688 3151 807 3186 Kunst
840 3152 959 3185 war“:
994 3151 1118 3184 Drews
1150 3150 1174 3184 l.
1201 3161 1230 3185 c.
1268 3162 1301 3195 p.
1329 3151 1385 3184 96.
1436 3149 1606 3184 Similiter
1640 3153 1683 3185 R.
1711 3152 1817 3186 Perk-

55 3220 176 3253 mann,
202 3208 268 3243 Die
295 3207 461 3242 Jesuiten
486 3206 558 3240 und
585 3206 641 3240 die
666 3204 815 3239 Wiener
840 3204 1069 3239 Universitat
1097 3203 1144 3247 (2.
1172 3204 1297 3247 Ausg„
1323 3203 1470 3248 Leipzig
1498 3203 1604 3247 1866)
1631 3216 1664 3249 p.
1694 3205 1771 3240 122.

124 3272 431 3304 Braunsberger‚
451 3270 732 3302 CauisiiEpistulae
751 3271 782 3295 et
795 3271 879 3294 Aeta.
900 3269 954 3294 ΠΙ.
1497 3266 1539 3295 42
