2093 3444
229 193 311 233 734
662 187 818 220 Monum.
849 186 1073 229 (tridentina)
1104 186 1183 220 358.
1214 185 1286 228 (23.
1314 186 1398 219 Maii
1428 186 1546 228 1562.)

228 305 414 349 quominus
452 303 584 337 Canisii
621 302 862 337 catechismus
899 303 1066 347 deinceps
1101 314 1242 346 quoque
1278 314 1319 336 ac
1354 314 1417 346 per
1450 302 1531 347 plus
1562 314 1667 346 quam
1695 303 1762 336 duo
1789 303 1932 337 saecula
1958 303 1993 336 in

228 358 460 403 plurimorum
488 368 675 401 puerorum
713 356 878 390 manibus
913 358 1008 389 esset
1035 360 1071 389 et
1097 356 1140 389 ab
1167 356 1255 400 ipsis
1287 356 1437 389 summis
1472 356 1718 400 pontificibus,
1754 358 1793 389 ut
1819 356 1882 390 Pio
1909 357 1994 390 1X.¹

229 414 264 445 et
286 411 402 444 Leone
420 409 553 444 XHU.
581 410 725 452 egregie
752 409 1071 443 commendaretur.
1114 409 1212 442 Haec
1240 409 1299 452 qui
1326 408 1616 445 consideraverit.
1643 409 1750 442 facile
1777 409 1994 449 diiudicabit,

228 464 311 507 quid
338 465 446 503 recte.
474 463 558 506 quid
585 463 702 496 minus
728 464 824 496 recte
852 462 1088 496 affirmaverit
1113 463 1266 495 Ioannes
1294 463 1570 505 Clu-[Stoplaorus
1594 462 1763 505 Koeclwr,
1793 462 1995 506 theologiae

227 516 504 562 protestantium
531 516 712 560 professor
738 516 773 549 in
800 515 1037 549 universitate
1063 516 1210 555 ienensi,
1238 527 1318 548 cum
1346 515 1548 554 Canisium,
1579 518 1618 549 ut
1644 515 1883 549 catechismus
1909 527 1995 550 suus

228 569 389 604 Tridenti
416 569 674 614 approbaretur
709 571 743 602 et
769 569 882 602 totius
908 568 1082 602 ecclesiae
1108 568 1208 602 velut
1238 568 1402 612 publicus
1428 568 1669 602 catechismus
1699 581 1778 603 esse
1804 568 1996 609 iuberetur,

229 626 373 668 optasse
399 623 574 657 scriberet
599 634 641 656 ae
668 622 793 656 deinde
820 621 872 655 sic
900 623 1084 666 pergeret:
1124 621 1283 663 „Alleine
1319 622 1380 655 der
1416 622 1616 665 gedachten
1644 621 1785 666 Synode
1815 622 1921 665 gefiel
1947 633 1996 662 es,

229 677 330 711 einen
367 676 501 710 andern
537 675 848 719 gemeinni'itzigen
878 674 1143 708 Uatechismum
1180 675 1238 708 fiir
1273 674 1348 708 ihre
1376 675 1533 708 Kirchen
1568 675 1752 708 aufsetzen
1787 687 1829 708 zu
1864 675 1996 709 lassen.

229 730 319 763 Deni
353 729 573 772 ungeachtet
607 729 656 762 ist
690 729 746 762 die
773 728 867 762 Ehre
904 729 1001 761 eines
1036 728 1274 771 allgemeinen
1309 728 1554 762 catholischen
1590 728 1825 767 Catechisrni,
1862 727 1996 762 welche

229 795 311 817 man
339 783 417 817 dem
439 782 664 817 Catechismo
683 782 745 816 des
765 781 897 815 Canisii
917 784 1097 825 versaget,
1125 781 1196 814 ihm
1220 781 1379 815 dennoch
1400 793 1467 815 von
1494 781 1617 815 seinen
1636 781 1995 825 Glaubensgenossen

230 837 262 870 in
304 837 366 870 der
400 836 495 869 That
529 835 642 870 selbst
677 847 739 868 zur
774 835 902 878 Gniige
938 834 1108 868 erwiesen
1144 835 1307 868 worden“
1352 834 1642 877 (Cateohetische
1674 834 1890 869 Geschichte
1935 834 1997 868 der

230 889 486 923 Paebstischen
511 888 642 922 Kirche
670 887 774 932 [Jena
804 888 906 930 1753]
936 900 967 932 p.
996 887 1162 931 74—75).
1190 888 1242 921 Ao
1273 889 1458 921 Gsrardus
1484 890 1524 921 cle.
1550 889 1770 932 Zezschwe'tz,
1796 888 1997 931 theologiae

229 943 507 988 protestantium
534 943 715 987 professor
733 942 768 975 in
794 941 1031 974 universitate
1059 941 1282 983 erlangensi:
1314 941 1398 983 „Die
1421 941 1597 975 romische
1615 942 1748 976 Kirche
1774 941 1915 976 machte
1942 941 1996 975 die

231 996 502 1039 energischsten
530 998 852 1038 Anstrengungen,
888 994 1041 1028 Luthers
1069 994 1323 1028 Katecliismus
1349 1007 1391 1028 zu
1422 995 1631 1029 iiberbieten
1665 995 1735 1028 und
1763 994 1995 1029 unsehitdlich

231 1062 273 1083 zu
299 1049 459 1083 macheu.
510 1049 729 1092 Leistungen
759 1049 823 1082 wie
858 1048 913 1081 die
940 1060 1009 1081 von
1037 1048 1154 1082 Wicel
1189 1049 1260 1082 und
1293 1047 1457 1082 Canisius
1493 1049 1650 1092 gehoren
1685 1049 1721 1082 in
1747 1049 1810 1082 der
1835 1048 1929 1082 That
1955 1059 1997 1081 zu

231 1104 298 1137 den
324 1102 638 1146 hervorragenden
665 1102 700 1135 in
728 1101 908 1135 formeller
933 1101 1118 1142 Hinsicht,
1154 1102 1223 1135 und
1252 1101 1384 1145 gelang
1415 1114 1452 1136 es
1488 1103 1554 1136 den
1582 1102 1746 1136 Jesuiten
1772 1101 1891 1142 nicht,
1918 1101 1995 1135 dem

230 1156 485 1190 Katechismus
512 1157 574 1190 des
594 1155 758 1190 Canisius
785 1155 840 1188 die
867 1155 1056 1189 exklusive
1076 1155 1366 1198 Privilegierung
1391 1155 1504 1189 durch
1530 1156 1594 1190 das
1622 1155 1846 1189 Tridentiner
1872 1154 1997 1189 Konzil

231 1222 273 1243 zu
301 1210 486 1252 erringen,
521 1221 561 1243 so
587 1208 798 1243 beherrscht
833 1208 996 1242 derselbe
1031 1208 1120 1242 doch
1156 1208 1210 1242 als
1236 1209 1488 1249 ‚catechismus
1524 1209 1733 1243 cat-holicus‘
1769 1208 1836 1242 den
1862 1219 1998 1251 ganzen

230 1263 431 1297 rihnischen
450 1262 777 1301 Volksunterricht,
804 1262 972 1296 wahrend
1000 1262 1061 1295 der
1088 1262 1327 1296 catechismus
1345 1263 1528 1296 Romanus
1553 1275 1620 1296 nur
1644 1261 1831 1296 Lehrbuch
1857 1262 1916 1295 fiir
1942 1261 1997 1295 die

232 1316 395 1357 Pfarrer,
432 1317 493 1350 der
519 1316 732 1349 Bellarmins
768 1315 853 1349 aber
878 1315 1025 1360 speziell
1061 1315 1115 1349 als
1142 1315 1561 1350 Missionskatechismus
1592 1328 1661 1350 von
1689 1315 1902 1358 Bedeutung
1927 1315 1994 1348 isff

233 1370 509 1413 („Katechetik“
540 1370 574 1403 in
605 1368 1000 1413 „Real-Encyklopadie
1026 1368 1084 1402 f'ur
1110 1369 1410 1413 protestantische
1430 1369 1624 1413 Theologie
1650 1369 1722 1403 und
1749 1368 1900 1402 Kirche“
1930 1368 1998 1402 VH

232 1423 278 1468 [2.
307 1423 399 1457 Aufl.
451 1423 597 1467 Leipzig
627 1422 741 1466 1880]Υ
769 1422 865 1465 592).

1050 1546 1180 1588 358.

970 1646 1026 1683 23.
1052 1646 1137 1683 Maii
1164 1647 1259 1684 1562.

330 1747 383 1781 Ex
410 1748 562 1790 Poye'ani
589 1747 761 1792 Epistolis
788 1747 849 1783 111,
877 1748 1028 1782 [ΞΤ-68.

357 1836 563 1869 Cardimtlis
589 1837 823 1879 Afeanstanms·
860 1837 1042 1870 Crinissum
1084 1838 1289 1870 Tridentum
1328 1839 1399 1881 ire,
1436 1838 1600 1881 quoniam
1638 1839 1748 1871 Hosio
1783 1838 1822 1870 «id
1850 1838 1998 1880 ridetur,

233 1890 282 1922 ad
306 1894 440 1932 tempus
464 1895 591 1933 tamen,
620 1891 755 1923 iubebit.

356 1984 445 2025 Otto
486 1985 724 2027 cardinalis
756 1986 1033 2040 Auynstanus
1074 1986 1208 2027 Roma
1241 1989 1312 2028 23.
1348 1986 1460 2027 slsccz'e'
1492 1988 1607 2028 156?
1650 1986 1896 2027 Tridentum
1941 1987 1999 2027 ad

235 2049 415 2090 Hostium
449 2049 543 2104 (per
573 2051 730 2092 Iulium
771 2051 1028 2105 Poyiammm
1066 2066 1100 2093 τ.
1134 2065 1266 2106 supra
1294 2066 1340 2105 p.
1373 2051 1480 2103 728)
1512 2052 1703 2106 scripsit:
1743 2051 1885 2104 Agam
1920 2086 1927 2093 .

236 2128 329 2156 curn
364 2114 555 2165 Canisio⁷
599 2118 647 2157 ut
679 2116 733 2157 ad
765 2116 807 2157 id
840 2119 1032 2170 tempus,
1068 2116 1181 2168 quod
1213 2116 1387 2163 scribis,
1429 2116 1473 2157 in
1504 2116 1620 2158 viam
1658 2130 1704 2158 se
1737 2116 1839 2158 dare
1871 2116 1998 2158 velit:

235 2193 362 2232 quem
393 2183 539 2222 tamen
573 2194 598 2222 a
629 2183 756 2223 tanta
787 2195 929 2223 messe
961 2195 1090 2222 unum
1117 2179 1324 2235 [omnium
1358 2181 1547 2222 maxime
1573 2181 1722 2223 utilem
1756 2181 1999 2235 operarium

236 2243 434 2299 abesse]a
477 2259 562 2286 non
607 2249 828 2300 oporteret
874 2282 881 2289 .
928 2247 1024 2297 sed,
1071 2246 1242 2299 quando
1285 2245 1328 2288 id
1372 2246 1451 2288 tibi
1494 2246 1687 2296 videtur,
1734 2247 1853 2301 cujus
1896 2246 1999 2288 mihi

231 2309 437 2364 judicium
472 2312 539 2352 est
572 2311 930 2364 antiquissimum,
965 2325 1167 2353 vocemus
1189 2311 1405 2353 hominem
1438 2312 1712 2361 Tridentum;
1746 2311 1809 2354 ita
1837 2315 1997 2362 tamen,

235 2377 296 2426 ut,
330 2377 494 2417 navata
525 2375 636 2427 istic,
670 2390 798 2429 quam
831 2376 1026 2430 requiris5
1062 2390 1206 2431 opera,
1240 2376 1392 2419 redeat
1424 2377 1477 2418 ad
1509 2376 1769 2420 institutum.

356 2472 408 2507 Cf.
442 2485 550 2518 supra
584 2486 617 2519 p.
647 2474 844 2508 725—728.
895 2474 1088 2508 Nesciebat
1114 2473 1218 2515 Otto,
1253 2474 1342 2508 haec
1368 2486 1448 2508 culn
1474 2474 1583 2509 scribi
1617 2474 1774 2515 iuberet,
1816 2474 1998 2509 Canisium

236 2525 306 2560 iam
336 2527 389 2560 14.
416 2527 502 2561 Maii
529 2527 738 2561 Tridentum
764 2527 974 2569 advenisse;
1005 2528 1087 2562 vide
1114 2539 1223 2572 supra
1248 2540 1282 2573 p.
1309 2528 1389 2562 442.

356 2690 369 2704 ³
395 2685 452 2717 Ita
477 2686 552 2726 fere
577 2684 671 2717 hicne
696 2685 829 2726 Iocmn,
865 2685 901 2716 in
929 2685 1089 2728 mztiqm's
1114 2684 1332 2727 apoyrapln's
1358 2688 1446 2717 certe
1481 2684 1729 2728 depravatum,
1767 2684 1996 2727 supplendum

237 2748 307 2771 esse
332 2742 441 2771 censet
466 2739 776 2781 Layomarsz'niecs,
802 2737 885 2780 Poy.
911 2738 1002 2780 Em).
1029 2738 1101 2781 HI,
1130 2739 1204 2771 683.

361 2893 369 2912 ¹
397 2893 436 2926 In
467 2893 594 2935 „Brevi
621 2893 921 2928 Beatificationis“
953 2893 1086 2927 Canisii
1113 2894 1144 2928 2.
1172 2893 1327 2936 Augusti
1348 2893 1438 2928 1864
1465 2894 1547 2928 dato
1576 2894 1684 2939 (apud
1704 2895 1829 2937 Boero,
1857 2893 1998 2928 Canisio

238 2956 271 2989 p.
299 2945 386 2986 513,
422 2948 458 2980 et
482 2947 582 2980 Βίας-3
606 2947 629 2981 1.
657 2959 685 2981 c.
713 2959 745 2992 p.
773 2947 857 2989 558)
895 2948 931 2980 et
964 2947 1001 2980 in
1034 2946 1167 2981 litteris
1197 2959 1218 2981 a
1244 2948 1378 2981 Franc.
1405 2948 1610 2982 Meroen-ella·
1644 2946 1825 2992 pontificis
1858 2947 1998 2981 nomine

240 2998 352 3032 Roma
378 2999 433 3033 27.
460 3000 581 3033 Martii
609 2999 698 3034 1867
726 3000 770 3034 ad
796 3002 832 3034 J.
859 3002 901 3034 B.
928 3002 1051 3034 Reiser
1076 3000 1170 3034 datis
1199 3000 1250 3044 (in
1276 3000 1435 3034 eiusdem
1460 3000 1581 3034 libello
1608 3000 1667 3042 „B.
1686 3000 1816 3034 Petrus
1835 2999 1998 3035 Canisius

241 3051 294 3084 als
320 3051 516 3086 Katechet“
547 3053 593 3097 [2.
621 3053 715 3087 Aufl.
741 3054 860 3088 Mainz
890 3052 993 3097 1882]
1021 3065 1053 3098 p.
1081 3054 1154 3097 71).

360 3105 372 3124 ²
397 3105 437 3139 In
469 3105 648 3150 „Epistola
675 3106 887 3151 Encyclica“
929 3107 959 3140 1.
986 3107 1143 3149 Augusti
1171 3106 1260 3141 1897
1301 3106 1372 3148 „De
1407 3106 1578 3140 memoria
1612 3105 1789 3141 saeculari
1824 3106 1864 3140 B.
1900 3106 1996 3140 Petri

242 3155 395 3190 Canisii“
426 3159 509 3192 data
538 3159 686 3202 (Romae
715 3160 821 3202 1897)
849 3171 883 3204 p.
910 3159 1014 3193 8-9.
