2093 3444
252 190 336 231 770
642 186 798 219 Monum.
828 184 1142 228 (vindobonensia)
1171 184 1250 219 384.
1282 185 1352 228 (30.
1379 185 1465 219 Maii
1494 186 1610 228 1562.)

367 306 450 346 Tre
482 301 597 344 modi
630 314 860 343 occorreno
893 315 970 354 per
992 301 1232 342 remediare
1266 304 1432 354 questo,
1466 302 1491 343 l'
1517 316 1600 344 vno
1624 302 1814 344 diuidere
1840 303 1883 344 la
1915 316 2014 356 pro-

248 371 389 414 uincia
422 367 749 416 (1Ἀ16111311113,
792 366 1034 420 superiore,
1078 369 1121 409 et
1154 367 1231 408 6116
1268 366 1297 407 11
1330 367 1463 421 padre
1495 367 1712 418 Victoria,
1755 382 1778 409 0
1810 382 1869 409 vn
1902 369 2013 410 altro

247 434 417 478 hauessi
452 447 555 475 cura
588 432 630 473 di
663 432 844 481 Vienna,
879 431 1087 473 Bohemia
1120 433 1163 473 et
1196 431 1414 481 Tirnauia,
1450 435 1494 474 et
1525 432 1555 474 il
1586 433 1840 475 Reuerendo
1873 433 2014 475 Padre

247 500 417 543 Canisio
451 499 519 540 del
541 498 676 540 Resto
712 531 720 539 .
754 496 782 538 il
818 498 858 537 *2⁰
892 496 969 538 che
1001 497 1044 538 la
1067 496 1112 539 P.
1137 497 1188 538 V.
1225 496 1340 538 dassi
1373 497 1521 538 ordine
1555 512 1674 540 601116
1706 498 1733 539 il
1759 498 2013 540 Reuerendo

247 567 386 608 Padre
419 563 613 606 Victoria
646 562 764 604 fusse
797 561 869 615 piu
902 561 1123 603 conforme
1156 564 1200 603 et
1232 562 1425 616 subjecto
1463 563 1502 604 al
1538 562 1677 604 Padre
1709 563 1764 605 N.
1800 562 1968 605 Canisio
2003 598 2011 606 .

248 634 288 673 3⁰
321 631 399 673 che
430 629 501 684 poi
534 628 612 670 che
644 641 729 669 non
762 630 831 669 sta
863 626 1094 669 volontieri
1126 626 1168 668 in
1202 627 1445 669 Alemanna
1481 627 1511 669 11
1542 628 1677 681 padre
1710 628 1925 677 Victoria,
1968 642 2014 670 se

246 697 306 751 gli
340 693 588 738 concedessi
621 695 773 746 questo
807 691 1019 734 desiderio
1049 727 1056 734 .
1082 692 1142 734 La
1166 692 1211 734 P.
1236 692 1288 734 V.
1313 692 1513 735 ordinera
1545 693 1574 733 11
1605 692 1774 746 meglio,
1809 693 1836 734 il
1872 695 1913 735 3⁰
1945 707 2013 735 re-

246 761 386 804 medio
419 773 582 814 pareua
613 758 687 812 piu
719 757 868 807 facile,
907 771 953 799 se
985 757 1014 798 il
1047 757 1302 799 Reuerendo
1335 757 1476 799 Padre
1509 757 1704 801 Victoria
1735 772 1821 800 non
1853 758 2012 800 valessi

244 829 370 869 tanto
405 838 611 879 appresso
644 837 669 865 a
692 823 891 872 Caesare,
925 822 1088 864 benche
1122 825 1276 875 questa
1299 836 1430 864 causa
1462 837 1567 877 pare
1594 837 1712 865 esser
1742 824 1868 873 tolta,
1903 824 2012 878 dopo

246 892 324 934 che
356 892 382 933 l’
407 891 669 944 imperatore
703 891 746 930 et
786 888 815 929 li
849 887 1020 941 Signori
1062 888 1130 929 del
1172 887 1364 940 regimen
1406 888 1441 929 si
1484 902 1589 930 sono
1631 888 1912 931 scandalizati
1945 888 2012 930 del

244 958 378 1012 padre
410 955 594 998 Victoria
626 968 704 1008 per
736 956 862 995 conto
897 953 938 994 di
970 953 999 994 li
1033 952 1274 1007 sopradetti
1307 952 1502 1006 gioueni,
1542 956 1586 996 et
1617 953 1760 996 hanno
1793 954 1906 996 fatto
1940 954 2012 995 de-

246 1022 353 1065 creti
395 1023 547 1063 contra
587 1020 630 1062 la
671 1018 957 1072 Compagnffl,
1000 1017 1072 1072 piu
1114 1020 1262 1072 presto
1305 1018 1384 1059 6116
1424 1018 1466 1059 111
1509 1018 1672 1061 fauore.
1739 1019 1821 1060 Per
1861 1021 2012 1072 queste

245 1102 396 1137 cause,
440 1089 483 1129 et
515 1099 645 1127 senza
678 1084 818 1137 quelle
858 1083 1143 1126 desideriamo
1184 1083 1228 1125 13
1259 1086 1422 1125 venuta
1465 1084 1578 1125 della
1610 1084 1655 1127 P.
1690 1084 1742 1127 V.
1776 1084 1819 1125 in
1861 1086 2012 1137 queste

244 1154 406 1203 bande,
457 1166 480 1194 ο
524 1155 777 1193 veramente
825 1149 893 1191 del
937 1148 1192 1190 Reuerendo
1237 1148 1371 1203 padre
1414 1149 1576 1192 Natale
1624 1185 1631 1192 .
1679 1150 1717 1191 d'
1745 1149 2011 1203 Ingolstadio

243 1220 338 1261 Fer.
374 1220 415 1260 3³
446 1215 726 1259 Hebdomade
765 1214 923 1256 Sancte
960 1215 1084 1256 1562.

1274 1279 1408 1321 Filius
1437 1279 1643 1333 jndignus
1675 1280 1718 1321 in
1751 1279 1921 1322 Christo

1421 1345 1448 1396 1-
1481 1345 1578 1399 Alp.
1613 1344 1708 1399 pisa
1739 1345 1767 1397 †

362 1437 525 1478 Ihesus.
569 1435 624 1476 Al
656 1434 789 1475 molto
823 1432 1077 1474 Reuerendo
1111 1432 1153 1473 111
1187 1431 1355 1474 Christo
1389 1432 1542 1483 Padre.
1576 1432 1607 1474 il
1639 1433 1773 1487 padre
1797 1432 2009 1486 Magistro

243 1503 422 1546 Jacomo
455 1502 627 1554 Laynez
659 1498 881 1554 preposito
914 1498 1121 1551 generale
1155 1497 1269 1539 della
1302 1497 1568 1552 Compagnia
1601 1497 1643 1539 di
1675 1498 1793 1548 Jesu,
1824 1499 1871 1552 jn

1797 1569 1948 1612 Roma.

363 1662 545 1695 Salmeron
583 1658 745 1703 quidem,
782 1658 838 1691 cui
874 1656 961 1690 haec
998 1656 1153 1700 epistula
1179 1655 1313 1690 Romae
1339 1656 1473 1690 tradita
1509 1659 1581 1694 est.
1619 1657 1653 1690 in
1680 1656 1751 1691 PP.
1779 1656 1943 1690 Lainium
1974 1658 2009 1690 61

241 1714 408 1749 Natalem
427 1726 471 1747 ex
486 1712 604 1748 Gallia
622 1712 658 1745 in
674 1710 902 1746 Germaniam
921 1710 1021 1744 brevi
1040 1711 1212 1743 venturos
1230 1709 1356 1743 harum
1376 1710 1701 1744 controversiarum
1718 1709 2008 1754 compositionem

240 1768 365 1803 reiecit
394 1767 491 1810 (vide
518 1777 626 1810 supra
652 1777 685 1810 p.
712 1764 936 1806 411—412);
964 1775 1029 1797 nec
1055 1766 1177 1797 tamen
1203 1762 1271 1797 sibi
1296 1765 1497 1807 temperare
1524 1764 1660 1808 potuit,
1697 1764 1782 1807 quin
1810 1762 2008 1797 Victoriam

242 1822 284 1856 de
311 1820 466 1866 querelis
492 1820 535 1853 ob
562 1819 681 1853 Oibini
707 1817 1023 1852 commutationem
1051 1817 1173 1850 effusis
1199 1815 1498 1861 reprehenderet;
1526 1817 1561 1850 111
1588 1816 1750 1851 *litteris
1777 1816 1870 1850 enim
1896 1817 2009 1850 Roma

243 1876 298 1909 11.
324 1874 460 1919 Aprilis
489 1873 579 1908 1562
615 1873 659 1906 ad
694 1871 811 1916 ipsum
849 1870 961 1904 datis:
1003 1869 1057 1911 „Jl
1091 1869 1240 1913 negocio
1277 1869 1310 1903 di
1337 1869 1471 1905 oibin.“
1509 1870 1639 1914 inquit.
1681 1870 1919 1912 „intendiamo
1945 1882 2009 1915 per

239 1928 369 1963 lettere
396 1928 439 1962 de
465 1926 548 1960 altri
575 1937 674 1960 esere
701 1926 812 1959 statto
840 1924 929 1958 bene
957 1923 1154 1968 espeditto:
1195 1926 1230 1957 et
1265 1934 1304 1957 se
1338 1923 1428 1957 bene
1463 1923 1534 1957 fusi
1570 1923 1595 1956 il
1621 1921 1798 1957 contrario
1825 1923 1859 1957 la
1885 1922 1926 1957 R.
1953 1923 2007 1963 V..

241 1982 303 2026 gia
328 1981 393 2016 6116
419 1981 454 2014 13
482 1991 564 2014 0063
591 1990 651 2013 era
678 1979 770 2012 satta
797 1980 833 2011 et
860 1977 1046 2011 conciusa.
1085 1988 1153 2010 non
1190 1976 1328 2010 doueua
1355 1977 1430 2010 fare
1456 1978 1558 2010 tanto
1584 1988 1725 2011 rumore
1751 1988 1795 2010 ne
1823 1977 1947 2011 dentro
1974 1977 2008 2011 di

241 2046 325 2069 casa
350 2047 395 2068 ne
420 2034 523 2068 fuora
550 2045 614 2067 con
641 2043 791 2077 persone
818 2030 980 2065 seculare
1007 2030 1064 2074 poi
1091 2030 1156 2064 che
1184 2031 1313 2074 poteua
1339 2041 1490 2074 pensare
1517 2029 1581 2063 che
1609 2030 1734 2064 sarebe
1760 2041 1868 2064 senza
1893 2030 2007 2065 fruto:

241 2100 298 2122 1113
324 2087 420 2123 saria
446 2089 541 2122 stato
576 2085 708 2129 meglio
744 2084 887 2118 auisare
912 2083 956 2117 V.
984 2083 1201 2117 Reuerentia
1236 2083 1260 2116 il
1286 2082 1402 2117 Padre
1429 2083 1656 2117 Prouinciale
1692 2083 1748 2117 del
1783 2095 1847 2117 suo
1882 2095 2008 2128 parere

241 2144 276 2175 et
302 2141 468 2175 rimetere
494 2140 529 2174 13
556 2151 639 2174 6063
665 2138 756 2173 alui“
783 2138 843 2181 (ex
862 2136 1070 2182 apographo
1089 2136 1249 2170 eiusdem
1266 2136 1450 2181 temporis.
1487 2136 1570 2171 Cod.
1594 2136 1734 2179 „Germ
1757 2136 1867 2171 1562“
1889 2136 1911 2171 f.
1931 2136 2006 2181 43).

1057 2254 1189 2296 384.

975 2343 1036 2380 30.
1062 2342 1147 2380 Maii
1173 2342 1268 2379 1562.

358 2434 413 2467 Ex
430 2432 542 2466 totius
561 2431 736 2476 epistulae
755 2430 962 2475 apographo
982 2430 1104 2464 eodem
1123 2432 1282 2474 tempore
1301 2429 1444 2474 scripte.
1483 2428 1566 2462 Cod.
1590 2428 1729 2470 ‚Germ
1751 2429 1861 2463 1561“
1884 2428 1908 2463 f.
1927 2429 1972 2463 49
1981 2435 2003 2464 ³.

359 2512 392 2544 A
419 2511 455 2544 S.
483 2510 678 2543 Francis-co
705 2510 837 2551 Borffl'a
866 2508 1023 2541 Victoria
1049 2508 1090 2540 de
1122 2508 1258 2550 collegyc'i
1289 2506 1558 2539 vindobonensis
1592 2506 1828 2549 ΐῃροῃναρῖιῖα-
1862 2507 1912 2539 rel
1941 2506 2005 2539 Ca-

240 2566 371 2599 niszssum
397 2565 446 2597 vel
473 2564 645 2597 Laim'emz
672 2562 850 2595 consedere
878 2561 1027 2604 iubetur,
1063 2565 1167 2604 atque
1203 2562 1317 2603 ipsam
1348 2560 1485 2592 Canc'se'i
1516 2561 1680 2602 potestati
1712 2559 1904 2592 subiectum
1938 2570 2006 2592 esse

240 2620 353 2652 denuo
378 2619 561 2661 repetitur.

359 2701 504 2742 Scelus
528 2700 682 2754 aliquis
706 2713 906 2740 romanus
928 2697 997 2749 (P.
1020 2699 1279 2740 Franciscus
1301 2698 1532 2739 Petrarclza
1549 2698 1588 2750 ?)
1610 2700 1776 2740 nomine
1798 2700 1841 2741 S.
1861 2699 2003 2740 Fran-

240 2768 336 2807 cisci
359 2766 554 2819 Boi-qtae.
588 2765 739 2805 vicarii
769 2764 979 2818 qenai-alis
1002 2764 1044 2806 S.
1069 2763 1126 2812 J„
1163 2768 1197 2804 et
1230 2765 1506 2805 consultorum
1531 2765 1621 2804 eius
1644 2764 1778 2805 Roma
1799 2766 1868 2806 30.
1893 2764 2005 2805 Maii

242 2833 355 2872 1562
389 2831 447 2871 ad
478 2830 527 2872 P.
560 2830 763 2870 Ioannem
796 2829 847 2870 (le
880 2829 1061 2869 Victoria
1095 2829 1138 2870 S.
1173 2828 1215 2870 J.
1250 2829 1351 2869 haec
1393 2829 1443 2870 de
1485 2829 1642 2884 colleyii
1682 2828 2004 2870 vindobonensis

240 2895 517 2950 typogyraplzia
561 2893 635 2947 (cf.
681 2908 813 2948 supra
856 2908 896 2948 p.
941 2894 1042 2935 262.
1088 2892 1196 2945 269)
1244 2907 1292 2934 ac
1341 2893 1391 2934 de
1437 2894 1571 2947 ipsius
1614 2894 1821 2935 Victoriae
1867 2893 2002 2948 officio

240 2962 430 3014 scripsit:
462 2959 545 3000 Nel
576 2957 756 3011 negocio
790 2958 904 2999 della
936 2960 1109 3012 stampa
1138 2956 1180 2999 di
1213 2959 1297 3011 qua
1328 2957 1453 2999 nonsi
1486 2957 1540 2999 da
1572 2958 1686 3000 altra
1707 2958 1896 3012 risposta
1926 2972 2004 3012 per

241 3024 317 3065 6116
350 3024 379 3065 il
411 3024 551 3066 Padre
582 3022 854 3065 Prouinciale
895 3022 1022 3064 basta
1054 3036 1131 3076 per
1171 3022 1443 3064 conciuderlo
1485 3025 1529 3065 et
1570 3036 1594 3064 a
1635 3022 1694 3064 lui
1726 3023 1763 3065 si
1795 3022 1903 3065 deue
1934 3023 2004 3065 far

241 3102 347 3141 capo
379 3088 421 3129 in
455 3091 628 3141 questo3
672 3090 695 3129 o
729 3089 980 3129 ueramente
1021 3088 1060 3129 3]
1096 3087 1237 3129 Padre
1270 3087 1482 3129 Generale
1524 3087 1601 3128 che
1638 3090 1760 3129 stara
1792 3088 1861 3129 nel
1893 3087 2002 3129 Con-

241 3151 336 3193 cilio
371 3186 379 3194 .
414 3152 661 3193 Parimente
693 3154 820 3206 potra
860 3151 917 3193 lei
957 3151 1147 3193 scriuere
1188 3151 1337 3194 adetto
1378 3154 1528 3194 nostro
1561 3152 1700 3193 Padre
1742 3165 1871 3206 sopra
1903 3153 2002 3205 quel
