2093 3444
233 215 317 255 514
471 211 550 244 718.
585 209 749 243 Canisius
774 207 998 241 Ferdinando
1026 206 1050 240 I.
1091 208 1183 251 Aug.
1212 207 1352 243 Vindel.
1380 206 1436 241 23.
1464 206 1630 241 Octobris
1659 205 1759 241 1562.

237 327 475 369 ,Mandaiiit“‚
502 326 627 369 inquit,
658 325 810 367 ,Caesar
829 324 969 367 Pragae
995 323 1036 358 R.
1056 324 1094 358 P.
1114 324 1295 358 Victoriae
1321 325 1362 356 vt
1388 322 1561 356 consultis
1588 322 1780 366 Theologis
1806 322 1995 357 Societatis

233 382 292 426 qui
319 382 441 415 essent
468 379 607 423 Pragae
644 380 679 412 et
704 378 865 411 Viennae
891 377 1130 421 perscriberet
1165 378 1208 411 ad
1235 388 1273 410 se
1308 388 1353 410 ex
1380 375 1557 420 communj
1593 376 1749 410 omnium
1778 375 1924 410 consilio
1950 386 1994 410 an

233 435 408 469 iudicaret
434 433 602 478 expedire
628 434 669 466 vt
695 430 960 467 Communionis
987 441 1074 464 vsus
1100 431 1166 464 sub
1193 432 1347 473 Vtraque
1373 428 1526 473 amplius
1553 440 1659 472 quam
1687 430 1769 463 ante
1794 430 1996 472 vrgeretur,

234 492 269 522 et
296 499 316 522 a
342 499 410 532 quo
437 486 533 521 calix
559 488 654 520 esset
681 483 916 529 postulandus
943 495 963 517 a
990 482 1191 518 Concilione
1219 495 1262 516 an
1289 494 1309 516 a
1337 481 1519 516 Pontifice.
1571 481 1688 524 Quare
1714 482 1755 516 R.
1782 482 1821 516 P.
1837 480 1996 516 Victoria

234 541 386 576 collecta
412 539 592 574 sententia
619 538 853 581 Pragensium
882 536 1059 570 Viennam
1084 536 1309 582 properauit,
1344 535 1406 569 vbi
1431 534 1609 569 neminem
1641 535 1778 569 inuenit
1803 535 1864 579 qui
1889 534 1996 569 talem

234 594 443 640 petitionem
479 593 653 626 iudicaret
688 603 766 625 esse
792 590 1097 635 prosequendam:
1133 601 1243 634 quare
1271 589 1313 623 de
1349 588 1524 633 eommunj
1562 588 1709 622 consilio
1735 588 1919 633 profectus
1944 589 2000 622 est

235 648 411 682 celeribus
439 647 539 690 equis
568 646 607 679 R.
627 645 665 678 P.
680 644 843 678 Victoria
869 643 1089 684 Tridentum,
1117 646 1157 676 vt
1184 654 1203 676 a
1229 642 1270 676 R.
1291 642 1330 676 P.
1350 641 1478 675 Nostro
1506 641 1673 675 Generali
1700 641 1837 686 consilij
1864 640 1997 685 aliquid

237 704 381 746 caperet
407 700 491 744 quid
519 698 664 743 Caesarj
693 697 978 742 respondendum
1005 697 1120 730 esset“
1153 696 1254 739 (Cod.
1285 694 1559 737 ,Aust1·.Fund.
1587 695 1668 728 111.“
1700 695 1722 729 f.
1744 694 1860 739 18012).
1900 693 2000 735 Quod
2052 662 2053 665 Ἴ

242 755 485 799 ,Responsum
511 751 773 795 Theologorum
801 750 845 784 ad
872 749 1035 794 quaesita
1060 761 1124 794 per
1149 749 1293 783 decreta
1320 747 1353 782 S.
1382 747 1418 781 C.
1446 747 1668 782 Maiestatis“
1699 747 1754 782 26.
1783 747 2001 792 Septembris

238 812 273 842 et
299 808 330 841 2.
351 807 518 841 Octobris
539 805 627 839 1562
655 805 750 844 data,
777 815 868 848 quae
895 804 926 838 5.
947 803 1112 837 Octobris
1142 803 1308 844 ,fuerunt
1333 801 1446 846 primo
1472 801 1666 842 exhibita“,
1694 803 1869 835 Victoriae
1894 812 2000 834 manu

238 862 432 906 scriptum,
468 863 575 903 atque
602 858 760 892 eiusdem
788 857 930 891 litterae
957 856 1202 900 autographae
1228 858 1264 889 et
1290 855 1460 888 'Pridento
1486 854 1542 888 31.
1570 854 1735 889 Octobris
1764 854 1854 889 1562
1879 853 2000 897 lingua

239 914 427 949 castiliana
454 913 498 947 ad
516 923 698 947 caesarem
718 912 834 951 datae,
861 910 1071 954 quibuscum
1091 910 1204 943 eidem
1224 919 1434 953 responsum
1453 908 1629 949 mittebat,
1656 919 1749 942 nunc
1767 908 2004 941 Hannoverae

240 970 386 1002 exstant
412 968 448 1001 in
476 966 623 1000 archivo
650 964 750 1008 regni
778 963 963 1001 borussici,
991 962 1095 996 Ersk.
1127 963 1159 1003 l.,
1187 962 1232 996 32
1259 962 1282 995 f.
1314 961 1451 995 1³—2b.
1480 961 1648 995 72—201'.
1692 960 1744 995 Ac
1770 960 2004 1006 copiosissimi

240 1022 347 1056 huius
374 1020 536 1065 responsi
562 1029 738 1053 summam
757 1018 912 1058 brevem,
940 1016 1034 1050 haud
1054 1019 1173 1050 tamen
1200 1015 1276 1049 sine
1304 1014 1458 1059 partium
1485 1014 1602 1048 studio
1629 1014 1880 1059 conscriptam,
1906 1013 2004 1059 ponit

243 1076 378 1118 Saftien
400 1074 422 1108 1.
441 1085 470 1107 0.
490 1085 522 1118 p.
546 1071 692 1106 15—18.
733 1071 808 1114 Ego
835 1071 923 1105 haec
946 1072 1087 1104 tantum
1115 1081 1159 1103 ex
1186 1068 1381 1113 archetypo
1409 1079 1581 1113 excerpo:
1612 1067 1805 1110 „Absolute
1831 1067 2005 1111 loquendo

245 1128 339 1162 calix
366 1140 434 1161 non
462 1126 649 1171 expedit'·;
686 1128 846 1159 attamen
876 1123 1108 1168 ,quibusdam
1136 1122 1277 1165 magnis
1304 1121 1531 1166 Principibus
1567 1121 1689 1155 calicis
1716 1132 1803 1155 vsus
1829 1120 1888 1154 vel
1913 1120 2007 1154 vltro

243 1182 329 1223 dari,
358 1181 417 1215 vel
435 1182 529 1215 certe
549 1179 705 1216 concedi,
732 1179 761 1213 si
788 1178 823 1212 id
841 1180 1039 1222 opt-arent”‚
1068 1179 1189 1221 posset
1217 1175 1400 1218 (videntur
1419 1175 1560 1209 omnino
1578 1187 1647 1208 non
1667 1174 1790 1208 horum
1808 1174 2007 1219 principum

244 1235 387 1275 subditi,
415 1234 478 1268 sed
497 1233 597 1268 solae
615 1243 788 1278 personae
815 1230 1022 1275 significari.
1049 1230 1206 1264 maxime
1224 1231 1343 1263 autem
1363 1228 1633 1262 Maximilianus
1651 1228 1707 1268 ll„
1735 1227 1835 1262 cuius
1849 1227 2007 1262 Victoria

243 1288 348 1322 valde
375 1291 453 1322 erat
478 1287 680 1321 studiosus:
708 1286 752 1320 cf.
773 1297 880 1329 supra
908 1297 939 1329 p.
960 1284 1038 1318 269.
1058 1283 1187 1326 270⁶);
1214 1294 1329 1326 neque
1355 1281 1449 1315 enim
1476 1281 1548 1315 ulla
1575 1293 1620 1315 ex
1647 1293 1688 1315 ea
1714 1293 1751 1315 re
1777 1280 1873 1315 mala
1903 1280 2006 1323 ,oriri

242 1354 347 1388 posse
362 1342 563 1376 videntur‘.
591 1339 724 1382 Quodsi
738 1338 844 1378 mala,
864 1349 955 1382 quae
970 1349 1014 1371 ex
1030 1337 1139 1370 calice
1154 1348 1223 1370 non
1242 1347 1411 1370 concesso
1429 1335 1612 1376 timentur,
1634 1334 1752 1377 „nulla
1770 1335 1927 1369 ratione“
1949 1333 2007 1367 vel

244 1395 408 1441 impediri
427 1395 485 1428 vel
509 1393 638 1433 „tolliz
666 1394 767 1432 bona,
795 1403 886 1436 quae
913 1403 958 1424 ex
985 1391 1107 1424 eodem
1126 1400 1295 1424 concesso
1321 1391 1488 1423 secutura
1508 1388 1684 1429 dicuntur,
1715 1389 1851 1431 „certo“
1874 1387 2011 1433 sperari

244 1452 420 1494 poterant.
448 1448 542 1483 calix
569 1450 602 1481 et
622 1447 694 1491 peti
717 1445 871 1490 -potuit⁵
903 1448 937 1478 et
957 1444 1066 1478 certis
1093 1455 1172 1478 cum
1191 1442 1457 1477 condicionibus
1476 1441 1621 1476 concedi
1648 1441 1702 1483 iis,
1729 1441 1787 1486 qui
1816 1441 1886 1476 iam
1904 1443 2010 1475 antea

245 1503 388 1548 saepius
426 1513 506 1536 euin
542 1503 790 1545 sumpserunt.
826 1499 1000 1533 facultate
1036 1497 1183 1541 reliquis
1217 1496 1428 1540 singulatim
1464 1507 1545 1529 eum
1570 1494 1800 1540 permittendi
1836 1494 2012 1539 episcopis

245 1557 402 1596 tributa;
438 1558 597 1589 attamen
629 1553 834 1597 grauiores
861 1552 1080 1586 conditiones
1116 1550 1247 1594 requiri
1276 1549 1461 1583 videntur⁴³
1492 1560 1625 1593 eaeque
1651 1548 1709 1582 vel
1735 1560 1798 1593 per
1824 1547 2011 1582 concilium

246 1611 305 1644 vel
331 1622 394 1655 per
420 1609 624 1654 pontificem
652 1606 894 1649 designandae
924 1606 1030 1649 (quae
1066 1603 1275 1647 singulatim
1303 1603 1564 1646 recensentur).
1616 1601 1705 1636 Cum
1731 1604 1849 1636 autem
1878 1612 2013 1640 caesar,

250 1664 378 1708 quibus
406 1664 447 1697 de
475 1662 592 1697 causis
612 1661 706 1695 calix
733 1659 979 1695 concedendus
1007 1669 1085 1692 esse
1105 1658 1298 1695 videretur,
1326 1657 1395 1690 iarn
1422 1656 1508 1690 adeo
1540 1655 1770 1699 ⁷,diligenter“
1801 1657 1836 1689 et
1863 1654 2010 1689 concilio

248 1720 283 1752 et
308 1717 467 1762 pontifici
503 1715 726 1761 exposuerit,
764 1713 898 1748 multae
934 1712 1092 1746 rationes
1127 1711 1234 1755 (quae
1261 1710 1470 1754 singulatim
1497 1707 1691 1754 ponuntur)
1726 1707 1932 1753 prohibent,
1968 1719 2011 1742 ne

252 1783 347 1813 ‚rem
374 1770 526 1804 vlterius
554 1770 721 1812 vrgoaff:
761 1767 818 1811 qui
846 1769 986 1806 tamen,
1022 1776 1112 1809 quae
1144 1764 1205 1806 ,de
1233 1764 1334 1798 inodo
1361 1763 1620 1798 concessionis“
1652 1764 1773 1804 erunt,
1809 1762 2013 1796 etiamnunc

252 1825 487 1870 „proponere“
519 1823 668 1867 poterit.
706 1832 819 1864 neque
847 1820 1037 1864 quicquam
1074 1818 1211 1857 obstat,
1249 1816 1438 1861 quominus
1465 1827 1485 1849 a.
1511 1815 1677 1861 pontifice
1712 1815 1859 1849 calicem
1894 1816 2013 1860 petat;

249 1889 357 1923 penes
384 1889 489 1921 quein
517 1887 683 1921 suprema
710 1874 858 1908 docendi
884 1871 1102 1915 regendique
1129 1873 1185 1905 est
1211 1872 1390 1915 potestas:
1418 1869 1525 1903 immo
1552 1869 1706 1903 fortasse
1727 1868 1863 1902 caesari
1881 1868 1950 1902 iam
1970 1879 2014 1901 ne

249 1932 333 1965 licet
352 1931 494 1974 quidem
522 1941 600 1963 cum
629 1927 778 1962 concilio
804 1927 987 1970 negotium
1014 1925 1100 1959 illud
1127 1927 1296 1964 tractare,
1328 1935 1390 1965 ,ne
1410 1922 1535 1968 Caput,
1563 1922 1655 1966 quod
1676 1921 1871 1956 Concilium
1897 1921 2014 1966 ipsum

251 1984 415 2029 agnoscit
441 1994 645 2027 supremum
673 1982 707 2015 in
734 1980 895 2015 Ecclesia
924 1979 1067 2019 Christi,
1094 1978 1159 2012 hoc
1187 1978 1263 2022 ipso
1291 1977 1474 2010 videretur
1499 1988 1569 2010 non
1594 1977 1824 2019 agnosce1·e“.

369 2044 420 2078 De
452 2054 623 2087 responso
652 2040 821 2084 Giengeri
856 2042 892 2073 et
927 2039 968 2073 de
1005 2041 1106 2083 parte
1142 2037 1303 2082 responsi
1339 2036 1544 2076 cuiusdam,
1580 2035 1674 2079 quod
1701 2034 1838 2069 Saftien
1873 2033 2014 2078 quidem

252 2097 416 2142 Staphyli
444 2107 523 2130 esse
550 2098 682 2135 censet,
709 2094 855 2139 scripsit
880 2093 973 2127 idem
1002 2093 1138 2134 Safrien
1166 2090 1189 2124 1.
1217 2102 1245 2124 c.
1275 2102 1306 2135 p.
1334 2090 1484 2124 20—25.

370 2157 562 2190 Praeterea
590 2154 827 2188 Hannoverae
862 2153 884 2186 1.
913 2164 941 2186 c.
969 2151 1073 2185 Ersk.
1103 2151 1135 2191 1,
1173 2150 1217 2184 20
1254 2151 1275 2183 f.
1307 2149 1488 2183 153³—19b
1523 2148 1617 2182 aliud
1646 2149 1766 2181 exstat
1796 2157 2016 2191 responsum,

253 2211 307 2245 cui
343 2222 408 2244 nec
434 2220 562 2243 nomen
589 2208 747 2242 auctoris
782 2218 847 2241 nec
874 2206 973 2240 locus
1009 2216 1073 2238 nec
1099 2207 1242 2248 tempus
1278 2203 1434 2247 ascripta
1461 2204 1562 2241 sunt,
1600 2201 1764 2245 quodque
1797 2200 1847 2234 sic
1873 2199 2017 2244 incipit:

258 2263 457 2308 ,Principio
485 2261 626 2306 [igi]tur
653 2264 691 2294 vt
718 2260 820 2305 [rsus
847 2258 1000 2303 c]a[licis
1026 2257 1162 2301 lai]cis⁸
1194 2259 1260 2291 etc.
1305 2256 1422 2299 Atque
1451 2256 1591 2298 Saftien
1617 2254 1759 2298 quidem
1786 2253 1851 2287 hoc
1878 2263 2019 2297 quoque

254 2328 465 2362 responsum
492 2328 510 2350 a
540 2315 684 2350 Canisio
711 2314 833 2348 datum
870 2325 949 2347 esse
985 2314 1108 2346 censet
1147 2310 1184 2353 (l.
1212 2322 1240 2344 c.
1269 2321 1301 2354 p.
1332 2308 1433 2352 18¹);
1470 2320 1536 2351 ego
1562 2319 1648 2342 vero
1683 2307 1717 2341 id
1744 2306 1924 2341 affirmare
1950 2317 2019 2339 non

256 2372 388 2411 ausim:
415 2381 497 2404 narn
528 2371 557 2403 1.
587 2369 708 2412 ignota
735 2368 794 2401 illa
822 2378 960 2405 manus,
988 2377 1056 2410 qua
1084 2375 1294 2409 responsum
1321 2363 1496 2407 scriptum
1522 2364 1586 2402 est,
1615 2363 1650 2395 et
1675 2372 1695 2394 a
1722 2371 1828 2394 manu
1858 2359 2019 2393 Andreae

258 2424 348 2465 St'or,
376 2435 445 2468 quo
474 2423 639 2456 Canisius
666 2433 697 2455 a.
719 2421 808 2455 1562
834 2431 948 2464 usque
974 2419 1018 2453 ad
1046 2420 1237 2452 exeuntem
1264 2428 1309 2450 m.
1329 2415 1568 2449 Novembrem
1594 2414 1646 2448 uti
1672 2413 1811 2448 solebat
1835 2412 2021 2457 scriptore,

257 2481 292 2511 et
318 2489 338 2511 a
364 2476 513 2520 reliquis
540 2475 723 2515 inanibus,
759 2485 850 2518 quas
876 2473 941 2507 sub
978 2472 1011 2506 id
1038 2474 1181 2516 tempus
1207 2482 1227 2504 a
1255 2469 1397 2504 Canisio
1434 2468 1477 2502 ad
1503 2467 1730 2502 scribendum
1756 2476 2020 2509 nonnumquam

257 2530 435 2564 adhibitas
462 2541 541 2563 esse
569 2540 633 2572 ego
660 2527 802 2572 quidem
831 2526 1004 2571 comperi,
1041 2525 1168 2558 differt.
1220 2524 1252 2557 2.
1280 2521 1429 2557 Dicendi
1455 2533 1596 2565 quoque
1622 2531 1736 2564 genus
1762 2519 1880 2553 minus
1906 2529 2021 2553 emen-

259 2585 381 2618 datum
409 2583 627 2626 elegansque
654 2592 732 2615 esse
759 2580 913 2619 videtur,
941 2589 1048 2622 quam
1074 2577 1172 2619 illud,
1200 2588 1268 2620 quo
1297 2575 1461 2609 Canisius
1487 2574 1674 2613 utebatur3
1702 2574 1741 2606 ut
1768 2584 1846 2606 cum
1873 2571 2022 2606 dicitur:

263 2636 434 2679 ,Quidam
468 2635 561 2669 docti
678 2633 837 2677 Regibus
955 2631 1167 2670 consulunt,
1203 2632 1244 2663 vt
1280 2628 1549 2674 permissionem
1576 2626 1706 2661 Calicis
1733 2626 1850 2670 Layco
1886 2625 1919 2658 in
1956 2624 2021 2658 hoc

259 2689 406 2725 concilio
424 2690 608 2732 vrgeaut²
653 2687 882 2727 ,Timendum
910 2688 974 2725 est,
1003 2712 1009 2718 .
1031 2712 1064 2718 ..
1093 2683 1185 2728 quod
1212 2682 1336 2716 multis
1363 2709 1396 2716 ..
1426 2681 1565 2715 occasio
1592 2679 1765 2714 dabitu1·.“
1809 2678 2024 2721 ,Credentes

260 2744 353 2788 quod
381 2771 386 2776 .
409 2771 415 2776 .
437 2771 442 2776 .
471 2742 634 2786 capiant*
665 2743 732 2774 etc.
784 2740 815 2774 3.
843 2737 1018 2783 Responsi
1044 2740 1168 2772 auctor
1200 2736 1316 2779 magis
1343 2745 1449 2779 quam
1477 2733 1642 2768 Canisius
1669 2744 1689 2766 a
1716 2731 1825 2766 calice
1851 2731 2020 2765 laicorum

260 2797 447 2837 abhorret,
484 2806 606 2829 omnes
632 2794 707 2828 fere
734 2792 989 2827 catholicorum
1016 2790 1217 2836 principum
1243 2788 1424 2827 subditos,
1461 2786 1521 2831 qui
1548 2798 1627 2820 eum
1655 2787 1798 2831 petant,
1824 2783 2024 2819 haereticos

261 2862 340 2884 esse
367 2860 517 2884 censens
545 2851 579 2882 et
606 2847 657 2882 sic
684 2846 826 2881 tandem
854 2844 1088 2879 concludens:
1116 2843 1225 2876 Plura
1252 2841 1476 2876 incommoda
1503 2852 1547 2874 ex
1574 2839 1684 2874 calice
1711 2849 1889 2879 concesso,
1917 2848 2022 2881 quam

262 2916 306 2937 ex
331 2915 401 2937 non
420 2913 589 2937 concesso
613 2912 692 2935 esse
709 2899 878 2934 timenda.
916 2897 1090 2941 Equidem
1116 2896 1228 2939 igitur
1246 2907 1315 2928 non
1335 2894 1527 2933 Canisium,
1554 2893 1616 2927 sed
1635 2891 1834 2927 Conradum
1855 2891 2023 2927 Brunum,

263 2956 472 2991 canonicum
499 2956 760 2998 augustanum.
787 2953 875 2986 haec
901 2950 1090 2995 scripsisse
1116 2951 1223 2994 puto;
1250 2948 1285 2982 in
1313 2948 1435 2981 eodem
1462 2947 1556 2981 enim
1582 2945 1773 2986 fasciculo,
1800 2945 1835 2978 in
1863 2955 1930 2987 quo
1957 2941 2021 2975 hoc

262 3021 356 3044 nunc
383 3011 504 3043 exstat
529 3019 749 3053 responsum,
777 3006 902 3040 folium
928 3006 1111 3048 comparet
1139 3002 1178 3046 (f.
1206 3001 1278 3045 21),
1307 3001 1401 3044 quod
1427 3011 1580 3033 vacuum
1608 3000 1672 3039 est,
1705 2997 1773 3031 nisi
1799 2997 1890 3040 quod
1916 3006 2022 3029 manu

263 3063 322 3097 vel
348 3061 531 3096 secretarii
558 3061 617 3095 vel
644 3059 848 3095 cancellarii
875 3056 1036 3092 caesarei
1061 3056 1097 3090 in
1124 3067 1164 3089 eo
1189 3057 1353 3088 notatum
1381 3056 1436 3087 est
1466 3053 1525 3094 ,D.
1547 3053 1688 3086 Brunus
1708 3079 1714 3085 .
1735 3050 1904 3084 Rationes
1931 3047 2023 3092 quod

265 3115 446 3150 concessio
473 3114 595 3149 calicis
620 3126 689 3148 non
716 3113 762 3148 sit
781 3111 944 3158 petenda.
972 3111 1004 3145 8.
1023 3110 1105 3143 Jun.
1134 3109 1234 3142 Anno
1262 3108 1349 3147 63⁴2
1378 3107 1470 3151 quod
1488 3105 1612 3140 folium
1638 3104 1682 3138 ad
1700 3113 1910 3148 responsum
1936 3100 2024 3135 illud

265 3169 443 3213 pertinere
471 3167 632 3202 dixerim.

2085 3146 2087 3149 ,
2072 2810 2086 3126 .=-·>ae->-.⁴›.³—-.—..,ch
2078 2770 2085 2790 „s
2076 2707 2085 2759 qne:
