2093 3444
307 224 464 258 Monam.
495 224 728 268 (augustana)
758 225 837 259 251.
867 224 930 268 (M.
956 224 1152 259 Novembri
1179 227 1215 259 et
1239 224 1428 259 Decembri
1457 226 1574 270 1561.)
1739 229 1823 270 629

55 342 227 392 tiosum,
263 341 427 383 nullum
450 344 751 384 ornamentum
784 342 1015 393 sufficiens,
1049 343 1103 384 ad
1126 344 1324 384 uentrem
1359 345 1403 384 et
1424 345 1644 384 terrenum
1669 358 1824 398 corpus

57 407 346 450 decorandum
388 408 432 449 et
473 406 769 449 exaltandum.
834 406 958 449 Ciues
991 407 1143 450 uolunt
1184 421 1279 449 esse
1312 407 1476 449 nobiles
1518 411 1562 450 et
1593 409 1824 451 iunckeros

55 472 216 513 habere
248 471 372 522 filios,
406 470 572 513 nobiles
605 474 861 513 consumunt
895 475 1104 525 quantum
1137 472 1317 514 comites
1350 475 1394 514 et
1425 472 1653 527 principes.
1715 474 1825 524 Quid

56 550 161 590 ergo
193 536 370 587 mirum,
414 550 439 579 a
471 536 564 578 Deo
596 550 674 578 nos
706 536 873 590 percuti
906 537 1092 580 carestia
1133 539 1177 579 et
1208 537 1400 587 inaedia‚
1445 551 1540 579 cum
1572 553 1658 580 non
1691 539 1824 581 simus

55 601 378 651 misericordes,
422 600 508 643 imo
541 601 674 643 etiam
706 603 797 643 tam
830 602 1016 656 turpiter
1047 603 1323 653 abutamura,
1366 605 1415 645 ut
1446 603 1598 644 melius
1632 606 1748 646 esset
1781 607 1825 646 et

56 666 303 721 optabilius,
336 681 415 708 nos
447 680 542 708 esse
564 668 692 708 natos
724 666 943 708 mendicos
975 670 1019 709 et
1041 681 1334 721 perseuerare,
1371 666 1540 722 [quam]
1576 669 1689 721 quod
1722 682 1825 722 opes

56 746 134 774 nos
166 732 453 786 perducerent
493 731 549 773 ad
589 731 809 785 peccatab,
853 735 897 774 et
938 733 1144 774 scandala
1184 733 1269 774 imo
1311 733 1441 774 etiam
1475 733 1728 787 plerumque
1770 734 1824 776 ad

56 798 223 839 certam
256 797 590 840 damnationem.
638 796 837 849 Cogitate
869 796 1030 839 fratres
1064 799 1306 852 exemplum
1341 798 1498 840 Christi
1531 800 1575 841 et
1607 813 1824 841 commen-

55 862 181 904 datos
213 863 371 904 habete
412 862 535 904 uobis
567 875 781 916 pauperes
815 896 823 904 .
862 863 904 903 1‘?
937 862 1093 904 Nonne
1124 866 1296 917 tempus
1338 863 1391 905 ad
1423 864 1503 905 hoc
1546 867 1713 914 monet,
1757 864 1824 907 die

54 928 176 973 kalte
209 928 294 969 vnd
328 930 506 981 strenge
528 927 634 977 Zeit,
668 940 809 968 nonne
835 941 1049 980 pauperes
1072 928 1342 981 potissimum
1375 943 1487 970 nunc
1511 932 1642 982 egent
1674 932 1825 972 nostra

54 992 372 1042 misericordia,
420 994 465 1035 2?
498 992 600 1042 Quis
642 992 780 1034 nescit
819 991 1046 1034 Caristiam
1088 993 1304 1046 lignorum
1348 996 1392 1036 et
1434 994 1622 1036 omnium
1664 1009 1822 1046 rerum,

55 1072 166 1111 quae
205 1058 287 1099 emi
321 1058 502 1109 debent,
545 1059 591 1099 35²
624 1056 796 1107 Quanta
828 1057 956 1099 turba
994 1072 1232 1112 pauperum
1273 1073 1382 1112 quae
1415 1058 1458 1100 in
1491 1060 1581 1102 dies
1623 1063 1822 1113 augetur,

54 1137 151 1165 cum
184 1123 373 1165 artifices
414 1122 546 1165 etiam
586 1136 671 1164 non
704 1122 894 1164 habeant
927 1123 1039 1175 quod
1078 1126 1234 1176 agant,
1279 1127 1323 1166 et
1354 1127 1596 1177 grauantur
1637 1125 1715 1167 mit
1748 1125 1824 1167 der

53 1188 371 1242 hausshaltung
411 1202 549 1231 vxore
593 1190 637 1230 et
678 1187 846 1237 liberis,
892 1201 977 1229 non
1021 1191 1204 1242 possunt
1249 1190 1443 1243 operari,
1488 1204 1575 1232 non
1618 1190 1821 1241 uendere,

53 1253 293 1299 uendentes
324 1268 478 1308 parum
509 1254 746 1295 lucrantur.

872 1381 992 1423 251.

609 1470 652 1507 M.
679 1471 872 1508 Novembri
899 1472 936 1507 et
963 1470 1152 1507 Decembri
1178 1471 1264 1508 1561.

60 1610 61 1613 Ἴ
174 1560 228 1594 Ex
264 1560 466 1594 contionum
503 1560 769 1594 commentariis
804 1560 1013 1605 archetypis
1049 1562 1085 1594 et
1119 1560 1162 1594 ab
1198 1561 1275 1605 ipso
1303 1560 1444 1595 Canisio
1480 1561 1686 1605 recognitis.
1738 1561 1824 1598 Cod.

58 1612 164 1663 „Cam
192 1613 234 1647 X.
263 1613 342 1647 Aa“
373 1613 397 1648 f.
427 1614 504 1648 144.
533 1614 634 1648 183¹&

176 1691 345 1725 Cauisius
380 1702 422 1725 ex
457 1691 671 1725 cathedralis
706 1691 865 1724 ecclesiae
900 1695 1122 1735 anqustanae
1155 1696 1314 1735 suqqestu
1353 1692 1578 1726 auditoribus
1612 1693 1824 1727 vehementer

52 1746 288 1788 commendat,
324 1749 362 1778 ut
388 1745 436 1778 ad
460 1745 651 1778 vestiendos
677 1745 909 1778 adulescentes
928 1755 1127 1788 pauperes,
1164 1746 1225 1788 qui
1249 1745 1377 1777 litteris
1411 1745 1593 1789 studeant,
1628 1747 1824 1780 sacerdotes

52 1802 172 1842 postea
196 1800 328 1842 futuri,
354 1799 476 1842 stipem
502 1799 700 1840 conferant.

176 1885 212 1926 1.
249 1883 449 1925 C'cmisius
490 1884 535 1925 iu
569 1884 754 1925 contione
786 1885 855 1925 23.
890 1882 1136 1925 Novembris
1171 1884 1283 1925 1561
1318 1884 1536 1936 Auqustue
1577 1885 1617 1925 iu
1653 1885 1823 1926 ecclesia

52 1950 290 1991 cathedrali
322 1949 490 1990 habita:
531 1948 841 2001 Euangelium,
887 1950 1043 2004 iuquit,
1085 1947 1294 2003 [quinque
1319 1963 1484 2002 sumum
1519 1964 1544 1989 (c
1580 1949 1742 1991 Christo
1775 1950 1820 1991 in

53 2015 230 2056 desertis
262 2012 658 2068 multiplicutorum]
674 2015 687 2041 1
719 2014 834 2056 inter
857 2018 1031 2055 caetera
1055 2013 1159 2055 dicit
1182 2013 1397 2054 Christum
1422 2014 1692 2056 consultasse
1726 2029 1821 2057 cum

52 2078 277 2133 Apostolis
309 2079 538 2134 presertim
572 2093 668 2121 cum
690 2079 911 2133 Philippoc
944 2076 1028 2133 [et]
1062 2077 1309 2121 Andrea2d.
1358 2077 1428 2120 Sic
1460 2080 1504 2120 et
1533 2079 1693 2121 Paulus
1726 2094 1821 2121 cum

51 2143 284 2199 Corinthijs
307 2144 527 2187 consultat
559 2144 612 2186 de
635 2144 857 2186 collectis3
882 2179 889 2186 .
915 2144 995 2185 hoc
1028 2144 1274 2197 exemplum
1306 2157 1374 2185 me
1398 2146 1544 2186 monet
1576 2147 1624 2186 ut
1652 2144 1783 2187 etiam
1795 2151 1820 2197 ⁹,

51 2209 133 2252 hoc
163 2212 360 2264 tempore
390 2209 551 2252 nostris
583 2209 844 2264 pauperibus
877 2211 1169 2259 succurratur,
1203 2208 1302 2250 Non
1336 2209 1570 2260 consulam,
1605 2212 1653 2252 ut
1684 2210 1823 2253 multa

51 2274 188 2317 millia
229 2275 439 2325 cibemus,
483 2275 596 2328 quod
639 2277 706 2316 est
747 2273 880 2316 solius
913 2273 1121 2324 Christi4,
1168 2275 1213 2315 2?
1253 2276 1301 2315 ut
1343 2273 1486 2315 omnia
1526 2274 1822 2328 relinquamus

51 2340 333 2394 pauperibus,
377 2340 489 2382 sicut
521 2339 784 2394 Cyprianus,
827 2338 1087 2381 Laurentius
1145 2340 1200 2381 .3⁰
1239 2338 1339 2380 Non
1371 2341 1419 2381 ut
1452 2339 1637 2381 demus
1671 2339 1822 2381 dimi-

53 2404 192 2447 diam
245 2409 460 2460 partem
506 2405 769 2446 bonorum
823 2404 934 2446 sicut
982 2403 1175 2445 Zacheus
1222 2403 1462 2445 reddens
1516 2403 1648 2446 etiam
1696 2419 1822 2458 qua-

52 2470 300 2524 druplo5,
344 2474 384 2512 40
416 2472 466 2513 vt
499 2469 590 2524 qui
622 2470 788 2512 habet
827 2468 982 2511 duasf
1018 2468 1242 2511 tunicas
1285 2468 1376 2510 det
1416 2483 1520 2511 non
1558 2470 1821 2513 habenti6

51 2549 182 2578 unam
216 2570 224 2578 .
259 2538 308 2578 vt
340 2535 525 2578 Ioannes
558 2535 685 2577 docet
719 2570 727 2578 .
761 2534 874 2576 sicut
906 2533 1162 2576 Franciscus
1194 2533 1466 2584 Dominicus,
1507 2537 1551 2578 et
1588 2535 1715 2578 multi
1747 2535 1820 2589 alij

51 2600 272 2652 fecerunt,
317 2600 414 2654 quig
451 2600 583 2643 etiam
615 2613 831 2654 pauperes
864 2613 959 2641 esse
991 2599 1233 2642 uoluerunt.
1297 2599 1392 2641 Hoc
1424 2599 1584 2641 unumh
1622 2600 1743 2654 petoi
1777 2604 1821 2644 et

169 2721 184 2736 ὃ
210 2716 400 2750 abutemur
425 2716 506 2750 libr.
603 2715 618 2736 ἢ
645 2716 791 2760 peccato
817 2716 898 2749 libr.
995 2721 1007 2736 ⁰
1032 2717 1070 2750 V.
1097 2727 1119 2749 a
1144 2716 1226 2750 libr.
1251 2727 1366 2759 supra
1391 2727 1529 2750 versum
1553 2717 1735 2759 scriptum.

170 2769 186 2789 d
212 2772 233 2802 8
258 2781 308 2803 vv.
333 2780 405 2813 sqq.
433 2780 456 2802 a
482 2769 564 2802 libr.
589 2771 629 2802 in
653 2779 767 2812 marq.
795 2769 920 2802 addita
945 2774 1038 2804 sunt.

171 2828 183 2843 θ
211 2823 453 2866 Supplendum
480 2823 619 2856 videtur
643 2823 694 2855 vel
719 2821 905 2856 vobiscum
932 2822 1127 2864 consulam,
1155 2821 1330 2867 quomodo
1356 2823 1406 2856 vel
1430 2821 1535 2856 vobis
1558 2822 1753 2864 consulam,
1780 2825 1822 2857 ut

51 2877 103 2910 vel
128 2877 269 2919 aliquid
292 2876 415 2910 simile.
513 2875 524 2895 f
547 2874 635 2909 duos
661 2876 742 2909 libr.
839 2881 853 2901 ἕ
878 2877 1050 2920 Sequitur
1074 2887 1124 2920 se,
1151 2877 1195 2909 ab
1220 2878 1297 2920 ipso
1321 2876 1403 2910 libr.
1431 2876 1677 2910 oblitteratum.

170 2929 186 2949 '³
212 2928 513 2973 Sequiturquod,
539 2929 583 2962 ab
607 2929 685 2972 ipso
710 2929 790 2962 libr.
818 2929 1065 2964 oblitteratum.

176 2982 184 3003 i
210 2985 232 3015 2
257 2994 306 3016 vv.
331 2993 404 3026 sqq.
431 2993 454 3015 a
480 2982 560 3016 libr.
586 2993 700 3026 supra
724 2993 860 3016 versum
886 2985 1022 3027 scripta
1047 2987 1140 3017 sunt.

173 3088 183 3108 ¹
211 3086 264 3122 Cf.
290 3087 339 3122 Io.
367 3087 397 3129 6,
424 3087 552 3122 5-14,
650 3087 663 3108 ²
689 3087 742 3122 Cf.
769 3087 817 3121 Io.
845 3088 876 3130 6,
903 3088 1007 3122 5—9.
1107 3088 1120 3109 ³
1147 3087 1200 3122 Cf.
1229 3088 1247 3122 1
1275 3086 1355 3122 Cor.
1385 3087 1440 3129 16,
1469 3087 1570 3121 1-4.

171 3142 184 3161 ⁴
211 3140 264 3175 Cf.
291 3140 421 3175 Matth.
450 3140 504 3182 14,
529 3140 586 3175 21.
613 3139 678 3182 22;
706 3141 759 3182 15,
786 3140 842 3176 37.
869 3140 926 3176 38.
968 3140 1053 3175 Luc.
1080 3141 1111 3182 9,
1142 3141 1278 3176 14—17
1307 3142 1374 3175 etc.

171 3194 185 3214 ⁵
211 3194 295 3228 Luc.
324 3194 376 3235 19,
403 3193 436 3228 8.
534 3193 547 3214 ⁶
572 3192 657 3228 Luc.
684 3193 715 3235 3,
745 3194 798 3228 11.
