2093 3444
361 149 440 184 625.
478 148 645 184 Canisius
671 149 852 184 Stanislao
879 150 1001 185 Hosio.
1043 148 1137 192 Aug.
1164 148 1270 184 Vind.
1297 149 1329 183 8.
1356 148 1449 184 Nov.
1478 149 1579 183 1561.
1773 150 1857 192 295

201 268 266 309 De
288 266 477 309 Jndiana
498 266 768 321 profectione
801 271 845 311 et
876 282 1018 310 messe
1050 268 1196 309 monui
1218 268 1431 310 Rectores
1447 268 1476 317 1,
1511 266 1860 309 obseruabuntur

85 333 239 387 quibus
272 331 491 374 dederit
532 331 794 386 spiritum
836 333 1132 375 Dominus2
1164 333 1218 375 ad
1251 332 1332 375 hoc
1365 346 1472 387 opus
1506 335 1551 376 et
1582 334 1782 374 sanctum
1816 333 1860 373 et

82 397 377 441 necessarium
410 396 767 450 aggrediendum.

203 462 563 504 Commendamus
585 476 664 504 nos
687 464 939 505 reuerenter
961 467 1134 518 patrum
1158 477 1208 505 ac
1231 463 1417 506 fratrum
1439 462 1651 517 precibus,
1679 477 1862 517 quarum

83 528 247 571 uirtute
270 527 566 570 confortemur
596 526 640 569 in
672 528 950 570 vocatione
982 529 1194 571 sancta3
1227 531 1272 571 et
1302 528 1385 571 hac
1413 542 1555 570 messe
1578 528 1859 583 amplissima.

84 593 295 636 Dominus
338 592 510 635 JESVS
554 606 633 647 per
675 592 883 636 sacrifitia
926 593 978 636 R.
1019 594 1065 637 T.
1108 594 1247 637 nostri
1291 593 1564 637 misereatur.
1633 593 1862 646 Augustae

87 660 112 701 8
145 658 358 701 Nouemb.
397 659 507 700 1561

1037 719 1197 761 Seruus
1229 719 1272 761 in
1305 718 1476 762 Christo
1507 719 1555 762 P.
1590 718 1800 761 Canisius.

205 807 233 859 †
264 804 321 847 Al
362 805 496 849 molto
538 805 796 847 Reuerendo
836 806 881 847 in
923 806 1092 849 Christo
1134 807 1297 859 Padre,
1336 808 1370 862 jl
1408 807 1549 850 Padre
1590 807 1648 850 M.
1682 807 1864 850 Jacomo
1924 835 1926 837 -

86 872 274 926 Laynez,
307 870 565 926 Praeposito
600 871 813 913 Generale
846 871 960 914 della
992 872 1257 927 Compagnia
1291 872 1332 914 di
1364 873 1484 916 JeSV.

1560 938 1619 981 Jn
1649 938 1802 980 Roma.

207 1018 394 1054 Salmeron
434 1018 513 1064 (per
550 1018 591 1052 P.
622 1018 855 1053 Franciscum
894 1018 937 1053 de
972 1019 1187 1061 Petrarcha,
1226 1022 1267 1054 ut
1302 1019 1461 1065 videtur)
1499 1019 1644 1055 Canisio
1678 1018 1867 1064 rescripsit
1891 1068 1898 1073 ¹

87 1073 144 1108 22.
171 1072 387 1107 Novembris
415 1073 517 1107 1561.

912 1167 1043 1209 625.

828 1273 1125 1321 CANISIUS

405 1371 822 1415 STANISLAO
858 1371 1270 1416 CARDINALI
1301 1373 1552 1428 Hoslo,

372 1453 434 1488 uni
460 1465 506 1487 ex
532 1453 676 1488 concilii
702 1453 890 1487 tridentini
916 1454 1153 1499 praesidibus,
1181 1454 1347 1500 episcopo
1373 1455 1580 1490 varmiensi.

532 1547 703 1594 Augusta
728 1546 1006 1583 Vindelicorum
1032 1548 1065 1583 8.
1094 1547 1307 1584 Novembris
1334 1547 1420 1584 1561.

143 1690 189 1726 22
207 1636 263 1671 Ex
290 1635 488 1681 archetypo
517 1635 588 1679 (2⁰3
628 1637 644 1671 1
673 1636 744 1682 p.)‚
780 1649 801 1670 a
829 1636 972 1671 Canisio
1003 1637 1080 1682 ipso
1106 1636 1320 1682 subscripto.
1373 1636 1457 1671 Cod.
1483 1636 1630 1680 gothan.
1663 1638 1721 1680 „E.
1749 1638 1794 1672 Η.
1825 1638 1863 1672 1“

87 1691 112 1726 f.
193 1691 225 1725 7.

209 1743 411 1789 Epistulam
438 1754 484 1777 ex
510 1743 707 1789 archetypo
734 1743 871 1788 primus
898 1743 1009 1778 edidit
1038 1744 1244 1787 Cyprianus
1269 1743 1292 1778 1.
1319 1755 1349 1778 c.
1376 1755 1409 1789 p.
1439 1744 1636 1779 193—195.
1676 1745 1797 1779 Pauca
1823 1757 1869 1778 ex

90 1808 132 1832 ea
170 1799 369 1843 posuerunt
394 1797 695 1841 Laqomarse'nius
732 1797 767 1831 in
803 1797 955 1840 Pogiani
981 1797 1154 1842 Epistolis
1190 1797 1242 1839 H,
1282 1797 1392 1839 369111,
1431 1799 1467 1832 et
1492 1799 1696 1842 Eichlwrn,
1736 1798 1868 1833 Hosius

88 1850 134 1893 II,
158 1851 232 1885 45⁴.

212 1929 263 1962 De
297 1930 418 1962 iuvene
444 1929 596 1972 quodam
624 1929 698 1961 Deo
722 1929 950 1962 reconciliato
986 1933 1015 1961 ec
1042 1929 1226 1962 Societatis
1260 1929 1412 1962 vinculis
1441 1930 1564 1963 soluto.
1616 1930 1670 1963 De
1695 1930 1821 1963 libellis
1847 1940 1870 1962 ιι

89 1992 124 2015 se
148 1982 275 2016 missis.
319 1983 516 2016 Germanos
541 1982 643 2015 tarde
669 1982 716 2015 ad
743 1982 932 2015 concilium
958 1982 1062 2014 adire
1087 1982 1186 2015 dolet.
1226 1981 1467 2016 Cone-iliorum
1493 1987 1571 2015 acta
1599 1983 1732 2026 intem-e
1757 1984 1813 2016 edi
1840 1987 1870 2016 et

95 2036 259 2069 Tridentz·
285 2035 480 2079 nommlla,
517 2036 644 2079 quihus
669 2036 811 2069 ecclesia
838 2036 1008 2068 adversus·
1032 2039 1270 2078 protestantes
1295 2035 1528 2079 defendatur,
1562 2037 1737 2069 conscribi
1762 2038 1869 2080 cupit.

888 2129 1076 2172 Jhesusa

181 2213 276 2255 Pax
308 2212 468 2256 Christi
499 2212 723 2255 nobiscum
756 2211 1134 2254 Reuerendissime
1167 2214 1212 2254 et
1242 2212 1549 2255 Jllustrissime
1581 2213 1777 2256 Domine.

210 2300 343 2344 Venit
383 2300 467 2342 huc
509 2300 785 2351 Guilielmus,
829 2300 881 2342 de
923 2314 1006 2354 quo
1047 2300 1189 2354 pietas
1230 2302 1308 2343 tua
1347 2301 1573 2355 praeclare
1615 2305 1682 2344 est
1713 2302 1872 2345 merita

91 2366 289 2409 Viennae
321 2368 455 2420 atque
486 2366 705 2417 Tridenti,
744 2366 1007 2419 tandemque
1039 2365 1082 2407 in
1115 2365 1189 2407 illo
1220 2365 1406 2420 perfecit
1438 2367 1551 2420 quod
1583 2367 1743 2418 uoluit,
1778 2368 1870 2410 Deo

92 2431 150 2475 sit
181 2445 353 2487 semper
393 2431 552 2486 gratia.
616 2431 875 2485 Priusquam
916 2444 1021 2472 uero
1062 2430 1215 2473 literas
1247 2431 1485 2487 Amplitud.
1518 2434 1621 2474 tuae
1658 2433 1870 2484 traderet,

93 2511 269 2551 egeram
302 2511 400 2539 cum
430 2496 505 2539 illo
528 2497 581 2539 de
604 2496 884 2539 Confessione
915 2499 1196 2550 peccatorum
1216 2496 1498 2549 instituenda,
1532 2500 1582 2541 ut
1604 2512 1651 2540 se
1683 2498 1870 2553 primum

91 2562 205 2606 irato
227 2563 320 2604 Deo
352 2562 670 2605 reconciliaret.
713 2561 797 2603 Hic
828 2560 944 2603 illius
976 2561 1276 2604 Conscientiae
1307 2561 1371 2604 fui
1401 2563 1606 2614 medicus,
1641 2566 1686 2606 et
1719 2577 1870 2606 ouem

94 2627 384 2670 errantem4
414 2626 602 2670 libenter
633 2627 677 2669 in
709 2626 825 2669 uiam
859 2626 1026 2678 reduxi,
1061 2640 1198 2680 eaque
1228 2626 1431 2682 praestiti
1461 2642 1541 2683 per
1561 2628 1644 2670 Dei
1665 2628 1869 2683 gratiam,

94 2706 205 2747 quae
236 2695 391 2748 postea
423 2692 513 2735 suis
545 2707 571 2735 a
602 2706 672 2734 me
703 2691 842 2735 literis
865 2691 973 2734 Cels.
1006 2694 1085 2734 tua
1117 2692 1326 2747 singularj
1351 2693 1539 2747 quadam
1570 2693 1737 2748 pietate
1769 2708 1870 2736 con-

92 2757 246 2801 tendit.
290 2757 445 2812 Itaque
476 2772 590 2800 nunc
622 2757 764 2800 laetus
797 2757 902 2808 abit,
936 2757 1177 2799 etsolutus
1209 2757 1382 2800 uinculo
1398 2759 1428 2808 5,
1461 2772 1590 2812 quem
1623 2772 1703 2812 ego
1737 2758 1870 2802 etiam

212 2902 227 2917 ³
252 2897 330 2931 Hoc
353 2908 383 2931 v.
411 2902 441 2930 et
467 2899 490 2930 7
513 2908 585 2940 sqq.
613 2907 636 2929 (ι
664 2897 772 2940 Gypr.
800 2897 929 2930 omissa
953 2901 1046 2931 sunt.

217 3026 228 3046 ¹
253 3025 346 3060 Vide
372 3036 483 3070 supra
511 3036 547 3070 p.
572 3024 652 3058 265.
752 3024 766 3044 2
790 3023 875 3058 Luc.
905 3024 959 3066 11,
988 3024 1042 3059 13.
1093 3024 1195 3059 Rom.
1224 3025 1278 3067 11,
1305 3024 1337 3059 8.
1388 3024 1480 3070 Eph.
1509 3025 1538 3068 1,
1567 3026 1610 3060 17
1638 3028 1706 3060 etc.

215 3079 229 3099 ⁸
254 3079 275 3113 2
302 3078 392 3113 Tim.
422 3079 452 3121 1,
480 3078 511 3113 9.
611 3079 624 3098 4
652 3077 668 3112 1
697 3077 795 3112 Petr.
823 3077 855 3119 2,
882 3077 938 3112 25.
988 3077 1121 3112 Matth.
1150 3077 1204 3120 18,
1233 3078 1289 3112 12.

216 3133 230 3152 ⁵
253 3131 431 3167 Votorum
456 3130 673 3176 simplicium
700 3129 911 3172 Societatis;
938 3130 1021 3165 vide
1047 3141 1157 3176 supra
1181 3143 1216 3176 p.
1243 3131 1323 3166 291.
