<?xml version="1.0" encoding="UTF-8"?>
<!DOCTYPE html PUBLIC "-//W3C//DTD XHTML 1.0 Transitional//EN"
    "http://www.w3.org/TR/xhtml1/DTD/xhtml1-transitional.dtd">
<html xmlns="http://www.w3.org/1999/xhtml" xml:lang="en" lang="en">
 <head>
  <title>
</title>
<meta http-equiv="Content-Type" content="text/html;charset=utf-8" />
  <meta name='ocr-system' content='tesseract 3.04.00' />
  <meta name='ocr-capabilities' content='ocr_page ocr_carea ocr_par ocr_line ocrx_word'/>
</head>
<body>
  <div class='ocr_page' id='page_1' title='image "beatipetricanisi03cani_0112.png"; bbox 0 0 2093 3444; ppageno 0'>
   <div class='ocr_carea' id='block_1_1' title="bbox 193 187 1374 231">
    <p class='ocr_par' dir='ltr' id='par_1_1' title="bbox 193 187 1374 231">
     <span class='ocr_line' id='line_1_1' title="bbox 193 187 1374 231; baseline 0.004 -12"><span class='ocrx_word' id='word_1_1' title='bbox 193 191 246 231; x_wconf 81' lang='grc'><em>36</em></span> <span class='ocrx_word' id='word_1_2' title='bbox 776 188 855 222; x_wconf 86' lang='grc'><strong>516.</strong></span> <span class='ocrx_word' id='word_1_3' title='bbox 894 187 1059 222; x_wconf 86' lang='lat' dir='ltr'><em>Canisius</em></span> <span class='ocrx_word' id='word_1_4' title='bbox 1086 188 1212 222; x_wconf 88' lang='lat' dir='ltr'><em>Iacobo</em></span> <span class='ocrx_word' id='word_1_5' title='bbox 1240 188 1374 224; x_wconf 87' lang='lat' dir='ltr'><em>Lainio.</em></span> 
     </span>
    </p>
   </div>
   <div class='ocr_carea' id='block_1_2' title="bbox 310 303 1959 352">
    <p class='ocr_par' dir='ltr' id='par_1_2' title="bbox 310 303 1959 352">
     <span class='ocr_line' id='line_1_2' title="bbox 310 303 1959 352; baseline 0.004 -15"><span class='ocrx_word' id='word_1_6' title='bbox 310 304 441 338; x_wconf 81' lang='lat' dir='ltr'><em>Exstat</em></span> <span class='ocrx_word' id='word_1_7' title='bbox 466 304 574 338; x_wconf 85' lang='lat' dir='ltr'><em>etiam</em></span> <span class='ocrx_word' id='word_1_8' title='bbox 598 303 752 338; x_wconf 86' lang='lat' dir='ltr'><em>alterum</em></span> <span class='ocrx_word' id='word_1_9' title='bbox 771 304 1018 349; x_wconf 82' lang='lat' dir='ltr'>apographum</span> <span class='ocrx_word' id='word_1_10' title='bbox 1039 305 1113 349; x_wconf 84' lang='lat' dir='ltr'><em>(B),</em></span> <span class='ocrx_word' id='word_1_11' title='bbox 1140 317 1185 339; x_wconf 86' lang='lat' dir='ltr'><em>ex</em></span> <span class='ocrx_word' id='word_1_12' title='bbox 1204 305 1325 340; x_wconf 88' lang='lat' dir='ltr'><em>eodem</em></span> <span class='ocrx_word' id='word_1_13' title='bbox 1346 305 1544 352; x_wconf 82' lang='lat' dir='ltr'><em>archetypo</em></span> <span class='ocrx_word' id='word_1_14' title='bbox 1562 307 1629 341; x_wconf 91' lang='lat' dir='ltr'><em>sub</em></span> <span class='ocrx_word' id='word_1_15' title='bbox 1647 319 1678 342; x_wconf 87' lang='lat' dir='ltr'><em>a.</em></span> <span class='ocrx_word' id='word_1_16' title='bbox 1701 308 1791 343; x_wconf 83' lang='lat'>1860</span> <span class='ocrx_word' id='word_1_17' title='bbox 1809 310 1959 343; x_wconf 83' lang='lat' dir='ltr'><strong>curante</strong></span> 
     </span>
    </p>
   </div>
   <div class='ocr_carea' id='block_1_3' title="bbox 191 357 1957 457">
    <p class='ocr_par' dir='ltr' id='par_1_3' title="bbox 191 357 1957 457">
     <span class='ocr_line' id='line_1_3' title="bbox 191 357 1030 403; baseline 0 -10"><span class='ocrx_word' id='word_1_18' title='bbox 191 360 304 393; x_wconf 87' lang='lat' dir='ltr'><em>Boero</em></span> <span class='ocrx_word' id='word_1_19' title='bbox 331 357 552 403; x_wconf 84' lang='lat' dir='ltr'><em>exscriptum</em></span> <span class='ocrx_word' id='word_1_20' title='bbox 580 360 615 392; x_wconf 85' lang='lat' dir='ltr'><em>et</em></span> <span class='ocrx_word' id='word_1_21' title='bbox 642 360 768 403; x_wconf 83' lang='lat' dir='ltr'><em>postea</em></span> <span class='ocrx_word' id='word_1_22' title='bbox 794 358 1030 401; x_wconf 84' lang='lat' dir='ltr'><em>recognitum.</em></span> 
     </span>
     <span class='ocr_line' id='line_1_4' title="bbox 308 411 1957 457; baseline 0.003 -13"><span class='ocrx_word' id='word_1_23' title='bbox 308 411 440 456; x_wconf 86' lang='lat' dir='ltr'><em>Aliqua</em></span> <span class='ocrx_word' id='word_1_24' title='bbox 467 423 512 445; x_wconf 82' lang='lat' dir='ltr'><em>ex</em></span> <span class='ocrx_word' id='word_1_25' title='bbox 536 411 605 445; x_wconf 88' lang='lat' dir='ltr'><em>hac</em></span> <span class='ocrx_word' id='word_1_26' title='bbox 631 411 787 455; x_wconf 81' lang='lat' dir='ltr'>epistula</span> <span class='ocrx_word' id='word_1_27' title='bbox 813 411 964 456; x_wconf 87' lang='lat' dir='ltr'><em>protulit</em></span> <span class='ocrx_word' id='word_1_28' title='bbox 998 412 1218 455; x_wconf 75' lang='lat' dir='ltr'>(germanice</span> <span class='ocrx_word' id='word_1_29' title='bbox 1245 412 1367 456; x_wconf 87' lang='lat' dir='ltr'><em>versa)</em></span> <span class='ocrx_word' id='word_1_30' title='bbox 1396 412 1457 448; x_wconf 87' lang='lat' dir='ltr'><em>Dr.</em></span> <span class='ocrx_word' id='word_1_31' title='bbox 1490 414 1563 448; x_wconf 84' lang='lat' dir='ltr'><em>Nic.</em></span> <span class='ocrx_word' id='word_1_32' title='bbox 1592 414 1728 448; x_wconf 80' lang='lat' dir='ltr'><em>Paulus</em></span> <span class='ocrx_word' id='word_1_33' title='bbox 1752 414 1788 448; x_wconf 92' lang='lat' dir='ltr'><em>in</em></span> <span class='ocrx_word' id='word_1_34' title='bbox 1819 414 1957 457; x_wconf 88' lang='lat' dir='ltr'><em>„Histo-</em></span> 
     </span>
    </p>
   </div>
   <div class='ocr_carea' id='block_1_4' title="bbox 188 464 1173 509">
    <p class='ocr_par' dir='ltr' id='par_1_4' title="bbox 188 464 1173 509">
     <span class='ocr_line' id='line_1_5' title="bbox 188 464 1173 509; baseline 0.001 -10"><span class='ocrx_word' id='word_1_35' title='bbox 188 465 326 500; x_wconf 87' lang='lat' dir='ltr'><em>risches</em></span> <span class='ocrx_word' id='word_1_36' title='bbox 353 464 557 499; x_wconf 76' lang='lat' dir='ltr'><em>Jahrbuch“</em></span> <span class='ocrx_word' id='word_1_37' title='bbox 590 464 675 498; x_wconf 81' lang='lat' dir='ltr'><em>XIV</em></span> <span class='ocrx_word' id='word_1_38' title='bbox 704 464 901 507; x_wconf 74' lang='lat' dir='ltr'><em>(Miinche&#39;n</em></span> <span class='ocrx_word' id='word_1_39' title='bbox 929 465 1049 509; x_wconf 84' lang='lat'>1893),</span> <span class='ocrx_word' id='word_1_40' title='bbox 1077 465 1173 500; x_wconf 82' lang='lat'><em>548¹.</em></span> 
     </span>
    </p>
   </div>
   <div class='ocr_carea' id='block_1_5' title="bbox 170 547 1956 2462">
    <p class='ocr_par' dir='ltr' id='par_1_5' title="bbox 181 547 1956 1020">
     <span class='ocr_line' id='line_1_6' title="bbox 311 547 1956 595; baseline 0.002 -14"><span class='ocrx_word' id='word_1_41' title='bbox 311 548 548 590; x_wconf 74' lang='lat' dir='ltr'><em>Oenipontani</em></span> <span class='ocrx_word' id='word_1_42' title='bbox 566 547 720 591; x_wconf 79' lang='lat' dir='ltr'><em>Socimn,</em></span> <span class='ocrx_word' id='word_1_43' title='bbox 746 548 809 591; x_wconf 76' lang='lat' dir='ltr'><em>qni</em></span> <span class='ocrx_word' id='word_1_44' title='bbox 826 552 856 580; x_wconf 79' lang='lat' dir='ltr'><em>et</em></span> <span class='ocrx_word' id='word_1_45' title='bbox 874 549 1007 591; x_wconf 66' lang='lat' dir='ltr'><em>reglinis</em></span> <span class='ocrx_word' id='word_1_46' title='bbox 1025 553 1055 581; x_wconf 88' lang='lat' dir='ltr'><em>et</em></span> <span class='ocrx_word' id='word_1_47' title='bbox 1074 549 1202 592; x_wconf 72' lang='lat' dir='ltr'><em>oppido</em></span> <span class='ocrx_word' id='word_1_48' title='bbox 1220 550 1451 592; x_wconf 77' lang='lat' dir='ltr'><em>contionetur,</em></span> <span class='ocrx_word' id='word_1_49' title='bbox 1464 554 1601 592; x_wconf 68' lang='lat' dir='ltr'><em>petunt.</em></span> <span class='ocrx_word' id='word_1_50' title='bbox 1641 550 1828 584; x_wconf 80' lang='lat' dir='ltr'><em>Contiones</em></span> <span class='ocrx_word' id='word_1_51' title='bbox 1844 562 1956 595; x_wconf 69' lang='lat' dir='ltr'><em>auqu-</em></span> 
     </span>
     <span class='ocr_line' id='line_1_7' title="bbox 186 601 1954 647; baseline 0.002 -13"><span class='ocrx_word' id='word_1_52' title='bbox 186 607 318 635; x_wconf 79' lang='lat' dir='ltr'><em>stonae.</em></span> <span class='ocrx_word' id='word_1_53' title='bbox 374 601 527 644; x_wconf 73' lang='lat' dir='ltr'><em>Colleyia</em></span> <span class='ocrx_word' id='word_1_54' title='bbox 554 602 839 645; x_wconf 75' lang='lat' dir='ltr'><em>oenipontamma,</em></span> <span class='ocrx_word' id='word_1_55' title='bbox 868 602 1131 645; x_wconf 67' lang='lat' dir='ltr'><em>vindobonense,</em></span> <span class='ocrx_word' id='word_1_56' title='bbox 1158 604 1398 646; x_wconf 66' lang='lat' dir='ltr'><em>tyrnacieme,</em></span> <span class='ocrx_word' id='word_1_57' title='bbox 1426 604 1661 647; x_wconf 71' lang='lat' dir='ltr'><em>slilinyanum.</em></span> <span class='ocrx_word' id='word_1_58' title='bbox 1704 605 1954 647; x_wconf 81' lang='lat' dir='ltr'><em>Professiones.</em></span> 
     </span>
     <span class='ocr_line' id='line_1_8' title="bbox 187 655 1956 699; baseline 0.002 -11"><span class='ocrx_word' id='word_1_59' title='bbox 187 656 225 689; x_wconf 87' lang='lat' dir='ltr'><em>P.</em></span> <span class='ocrx_word' id='word_1_60' title='bbox 255 655 412 689; x_wconf 76' lang='lat' dir='ltr'><em>Victoria</em></span> <span class='ocrx_word' id='word_1_61' title='bbox 436 655 691 698; x_wconf 77' lang='lat' dir='ltr'><em>professionem</em></span> <span class='ocrx_word' id='word_1_62' title='bbox 718 659 865 688; x_wconf 77' lang='lat' dir='ltr'><em>recusat.</em></span> <span class='ocrx_word' id='word_1_63' title='bbox 917 656 1046 689; x_wconf 84' lang='lat' dir='ltr'><em>Poloni</em></span> <span class='ocrx_word' id='word_1_64' title='bbox 1072 656 1193 689; x_wconf 80' lang='lat' dir='ltr'><em>Socios</em></span> <span class='ocrx_word' id='word_1_65' title='bbox 1218 660 1433 699; x_wconf 71' lang='lat' dir='ltr'><em>eaepetentes,·</em></span> <span class='ocrx_word' id='word_1_66' title='bbox 1467 657 1635 691; x_wconf 80' lang='lat' dir='ltr'><em>Polonioe</em></span> <span class='ocrx_word' id='word_1_67' title='bbox 1659 662 1781 691; x_wconf 80' lang='lat' dir='ltr'><em>status.</em></span> <span class='ocrx_word' id='word_1_68' title='bbox 1834 658 1956 692; x_wconf 78' lang='lat' dir='ltr'><em>Socios</em></span> 
     </span>
     <span class='ocr_line' id='line_1_9' title="bbox 187 709 1956 754; baseline 0.001 -12"><span class='ocrx_word' id='word_1_69' title='bbox 187 719 258 742; x_wconf 77' lang='lat' dir='ltr'><em>non</em></span> <span class='ocrx_word' id='word_1_70' title='bbox 286 709 323 742; x_wconf 83' lang='lat' dir='ltr'><em>in</em></span> <span class='ocrx_word' id='word_1_71' title='bbox 349 709 521 751; x_wconf 60' lang='lat' dir='ltr'><em>collegiis,</em></span> <span class='ocrx_word' id='word_1_72' title='bbox 556 709 615 741; x_wconf 80' lang='lat' dir='ltr'><em>sed</em></span> <span class='ocrx_word' id='word_1_73' title='bbox 646 709 685 741; x_wconf 80' lang='lat' dir='ltr'><em>in</em></span> <span class='ocrx_word' id='word_1_74' title='bbox 714 709 1000 742; x_wconf 68' lang='lat' dir='ltr'><em>universitatibus</em></span> <span class='ocrx_word' id='word_1_75' title='bbox 1035 709 1083 742; x_wconf 79' lang='lat' dir='ltr'><em>acl</em></span> <span class='ocrx_word' id='word_1_76' title='bbox 1114 710 1254 751; x_wconf 72' lang='lat' dir='ltr'><em>yradns</em></span> <span class='ocrx_word' id='word_1_77' title='bbox 1283 711 1488 752; x_wconf 73' lang='lat' dir='ltr'><em>promoveri</em></span> <span class='ocrx_word' id='word_1_78' title='bbox 1513 712 1692 753; x_wconf 64' lang='lat' dir='ltr'><em>convenit,-</em></span> <span class='ocrx_word' id='word_1_79' title='bbox 1725 711 1840 754; x_wconf 77' lang='lat' dir='ltr'><em>alz&#39;qui</em></span> <span class='ocrx_word' id='word_1_80' title='bbox 1867 722 1956 754; x_wconf 78' lang='lat' dir='ltr'><em>pro-</em></span> 
     </span>
     <span class='ocr_line' id='line_1_10' title="bbox 185 762 1954 806; baseline 0.002 -12"><span class='ocrx_word' id='word_1_81' title='bbox 185 763 278 795; x_wconf 81' lang='lat' dir='ltr'><em>moti.</em></span> <span class='ocrx_word' id='word_1_82' title='bbox 332 762 456 796; x_wconf 66' lang='lat' dir='ltr'><em>Socios</em></span> <span class='ocrx_word' id='word_1_83' title='bbox 491 762 637 805; x_wconf 80' lang='lat' dir='ltr'><em>qnidam</em></span> <span class='ocrx_word' id='word_1_84' title='bbox 672 762 720 795; x_wconf 83' lang='lat' dir='ltr'><em>ad</em></span> <span class='ocrx_word' id='word_1_85' title='bbox 750 762 1014 806; x_wconf 76' lang='lat' dir='ltr'><em>philosophiam</em></span> <span class='ocrx_word' id='word_1_86' title='bbox 1051 764 1087 795; x_wconf 78' lang='lat' dir='ltr'><em>in</em></span> <span class='ocrx_word' id='word_1_87' title='bbox 1114 765 1342 796; x_wconf 73' lang='lat' dir='ltr'><em>universitate</em></span> <span class='ocrx_word' id='word_1_88' title='bbox 1367 764 1636 806; x_wconf 63' lang='lat' dir='ltr'><em>ingolstadiensi</em></span> <span class='ocrx_word' id='word_1_89' title='bbox 1660 765 1873 798; x_wconf 79' lang='lat' dir='ltr'><em>tradendam</em></span> <span class='ocrx_word' id='word_1_90' title='bbox 1898 776 1954 798; x_wconf 77' lang='lat' dir='ltr'><em>ex-</em></span> 
     </span>
     <span class='ocr_line' id='line_1_11' title="bbox 183 817 1956 862; baseline 0.002 -14"><span class='ocrx_word' id='word_1_91' title='bbox 183 818 327 859; x_wconf 80' lang='lat' dir='ltr'><em>petitur.</em></span> <span class='ocrx_word' id='word_1_92' title='bbox 383 817 557 849; x_wconf 81' lang='lat' dir='ltr'><em>Germani</em></span> <span class='ocrx_word' id='word_1_93' title='bbox 582 817 691 849; x_wconf 79' lang='lat' dir='ltr'><em>latine</em></span> <span class='ocrx_word' id='word_1_94' title='bbox 717 817 832 859; x_wconf 80' lang='lat' dir='ltr'><em>eloqui</em></span> <span class='ocrx_word' id='word_1_95' title='bbox 859 817 1029 850; x_wconf 78' lang='lat' dir='ltr'><em>nesciunt.</em></span> <span class='ocrx_word' id='word_1_96' title='bbox 1084 817 1275 850; x_wconf 75' lang='lat' dir='ltr'><em>Conradus</em></span> <span class='ocrx_word' id='word_1_97' title='bbox 1299 818 1449 851; x_wconf 79' lang='lat' dir='ltr'><em>Brnnus</em></span> <span class='ocrx_word' id='word_1_98' title='bbox 1477 818 1642 851; x_wconf 81' lang='lat' dir='ltr'><em>Societati</em></span> <span class='ocrx_word' id='word_1_99' title='bbox 1676 819 1817 852; x_wconf 82' lang='lat' dir='ltr'><em>domum</em></span> <span class='ocrx_word' id='word_1_100' title='bbox 1852 819 1956 862; x_wconf 82' lang='lat' dir='ltr'><em>offert</em></span> 
     </span>
     <span class='ocr_line' id='line_1_12' title="bbox 185 870 1954 915; baseline 0.001 -12"><span class='ocrx_word' id='word_1_101' title='bbox 185 871 328 913; x_wconf 76' lang='lat' dir='ltr'><em>eiusque</em></span> <span class='ocrx_word' id='word_1_102' title='bbox 353 870 526 902; x_wconf 79' lang='lat' dir='ltr'><em>bonorum</em></span> <span class='ocrx_word' id='word_1_103' title='bbox 551 870 798 912; x_wconf 64' lang='lat' dir='ltr'><em>spiritualium</em></span> <span class='ocrx_word' id='word_1_104' title='bbox 818 871 1002 913; x_wconf 75' lang='lat' dir='ltr'><em>particeps</em></span> <span class='ocrx_word' id='word_1_105' title='bbox 1027 870 1121 912; x_wconf 77' lang='lat' dir='ltr'><em>effici</em></span> <span class='ocrx_word' id='word_1_106' title='bbox 1149 871 1227 903; x_wconf 66' lang='lat' dir='ltr'><em>vult.</em></span> <span class='ocrx_word' id='word_1_107' title='bbox 1271 871 1380 904; x_wconf 84' lang='lat' dir='ltr'><em>Liber</em></span> <span class='ocrx_word' id='word_1_108' title='bbox 1392 873 1641 914; x_wconf 77' lang='lat' dir='ltr'><em>precationum</em></span> <span class='ocrx_word' id='word_1_109' title='bbox 1663 883 1732 915; x_wconf 78' lang='lat' dir='ltr'><em>pro</em></span> <span class='ocrx_word' id='word_1_110' title='bbox 1751 873 1954 906; x_wconf 82' lang='lat' dir='ltr'><em>litterarum</em></span> 
     </span>
     <span class='ocr_line' id='line_1_13' title="bbox 182 922 1953 969; baseline 0.002 -13"><span class='ocrx_word' id='word_1_111' title='bbox 182 924 349 957; x_wconf 79' lang='lat' dir='ltr'><em>studiosis</em></span> <span class='ocrx_word' id='word_1_112' title='bbox 375 923 667 964; x_wconf 80' lang='lat' dir='ltr'><em>conscribendus;</em></span> <span class='ocrx_word' id='word_1_113' title='bbox 692 922 777 956; x_wconf 81' lang='lat' dir='ltr'><em>libri</em></span> <span class='ocrx_word' id='word_1_114' title='bbox 800 923 1002 956; x_wconf 77' lang='lat' dir='ltr'><em>scholastici</em></span> <span class='ocrx_word' id='word_1_115' title='bbox 1029 924 1140 956; x_wconf 81' lang='lat' dir='ltr'><em>Roma</em></span> <span class='ocrx_word' id='word_1_116' title='bbox 1169 925 1338 958; x_wconf 75' lang='lat' dir='ltr'><em>mittendi.</em></span> <span class='ocrx_word' id='word_1_117' title='bbox 1392 924 1653 968; x_wconf 72' lang='lat' dir='ltr'><em>,‚Facnltates“.</em></span> <span class='ocrx_word' id='word_1_118' title='bbox 1694 926 1831 969; x_wconf 78' lang='lat' dir='ltr'><em>Sibylla</em></span> <span class='ocrx_word' id='word_1_119' title='bbox 1858 926 1953 969; x_wconf 66' lang='grc' dir='ltr'><em>Γαρ-</em></span> 
     </span>
     <span class='ocr_line' id='line_1_14' title="bbox 181 976 939 1020; baseline -0.001 -10"><span class='ocrx_word' id='word_1_120' title='bbox 181 987 279 1019; x_wconf 72' lang='lat' dir='ltr'><em>yera.</em></span> <span class='ocrx_word' id='word_1_121' title='bbox 337 977 559 1010; x_wconf 70' lang='lat' dir='ltr'><em>Trererensis</em></span> <span class='ocrx_word' id='word_1_122' title='bbox 585 976 721 1020; x_wconf 66' lang='lat' dir='ltr'><em>collegii</em></span> <span class='ocrx_word' id='word_1_123' title='bbox 747 977 939 1010; x_wconf 78' lang='lat' dir='ltr'><em>necessitas.</em></span> 
     </span>
    </p>

    <p class='ocr_par' dir='ltr' id='par_1_6' title="bbox 426 1061 1707 1188">
     <span class='ocr_line' id='line_1_15' title="bbox 1056 1061 1082 1112; baseline 0 -31"><span class='ocrx_word' id='word_1_124' title='bbox 1056 1061 1082 1112; x_wconf 74' lang='lat'><strong>†</strong></span> 
     </span>
     <span class='ocr_line' id='line_1_16' title="bbox 426 1142 1707 1188; baseline 0.003 -4"><span class='ocrx_word' id='word_1_125' title='bbox 426 1142 519 1184; x_wconf 82' lang='lat' dir='ltr'><em>Pax</em></span> <span class='ocrx_word' id='word_1_126' title='bbox 552 1143 710 1185; x_wconf 78' lang='lat' dir='ltr'><em>Christi</em></span> <span class='ocrx_word' id='word_1_127' title='bbox 743 1143 963 1185; x_wconf 89' lang='lat' dir='ltr'><em>nobiscum</em></span> <span class='ocrx_word' id='word_1_128' title='bbox 998 1143 1253 1185; x_wconf 88' lang='lat' dir='ltr'><em>Reuerende</em></span> <span class='ocrx_word' id='word_1_129' title='bbox 1285 1143 1328 1185; x_wconf 90' lang='lat' dir='ltr'><em>in</em></span> <span class='ocrx_word' id='word_1_130' title='bbox 1361 1143 1530 1187; x_wconf 85' lang='lat' dir='ltr'><em>Christo</em></span> <span class='ocrx_word' id='word_1_131' title='bbox 1564 1144 1707 1188; x_wconf 90' lang='lat' dir='ltr'><em>Pater.</em></span> 
     </span>
    </p>

    <p class='ocr_par' dir='ltr' id='par_1_7' title="bbox 176 1231 1951 1876">
     <span class='ocr_line' id='line_1_17' title="bbox 303 1231 1951 1288; baseline 0.002 -15"><span class='ocrx_word' id='word_1_132' title='bbox 303 1232 355 1272; x_wconf 87' lang='grc'><em>18</em></span> <span class='ocrx_word' id='word_1_133' title='bbox 379 1231 576 1285; x_wconf 79' lang='lat' dir='ltr'><em>Januarij</em></span> <span class='ocrx_word' id='word_1_134' title='bbox 610 1232 737 1274; x_wconf 88' lang='lat' dir='ltr'><em>datas</em></span> <span class='ocrx_word' id='word_1_135' title='bbox 764 1232 925 1285; x_wconf 87' lang='lat' dir='ltr'><em>accepi.</em></span> <span class='ocrx_word' id='word_1_136' title='bbox 971 1232 1034 1274; x_wconf 86' lang='lat' dir='ltr'><em>De</em></span> <span class='ocrx_word' id='word_1_137' title='bbox 1058 1233 1107 1274; x_wconf 93' lang='lat' dir='ltr'><em>D.</em></span> <span class='ocrx_word' id='word_1_138' title='bbox 1133 1232 1378 1282; x_wconf 84' lang='lat' dir='ltr'><em>Lamberto,</em></span> <span class='ocrx_word' id='word_1_139' title='bbox 1413 1232 1485 1285; x_wconf 85' lang='lat' dir='ltr'><em>qui</em></span> <span class='ocrx_word' id='word_1_140' title='bbox 1508 1232 1676 1275; x_wconf 89' lang='lat' dir='ltr'><em>Nuncio</em></span> <span class='ocrx_word' id='word_1_141' title='bbox 1700 1234 1951 1288; x_wconf 78' lang='lat' dir='ltr'><em>Apostolico</em></span> 
     </span>
     <span class='ocr_line' id='line_1_18' title="bbox 181 1295 1951 1355; baseline 0.003 -18"><span class='ocrx_word' id='word_1_142' title='bbox 181 1295 361 1339; x_wconf 77' lang='lat' dir='ltr'><em>adheret</em></span> <span class='ocrx_word' id='word_1_143' title='bbox 393 1296 435 1338; x_wconf 90' lang='lat' dir='ltr'><em>in</em></span> <span class='ocrx_word' id='word_1_144' title='bbox 470 1296 660 1339; x_wconf 81' lang='lat' dir='ltr'><em>Saxonia</em></span> <span class='ocrx_word' id='word_1_145' title='bbox 693 1297 857 1352; x_wconf 84' lang='lat' dir='ltr'><em>scripsi.</em></span> <span class='ocrx_word' id='word_1_146' title='bbox 923 1297 1048 1339; x_wconf 87' lang='lat' dir='ltr'><em>Nunc</em></span> <span class='ocrx_word' id='word_1_147' title='bbox 1083 1297 1194 1339; x_wconf 87' lang='lat' dir='ltr'><em>idem</em></span> <span class='ocrx_word' id='word_1_148' title='bbox 1235 1311 1260 1339; x_wconf 88' lang='lat' dir='ltr'><em>a</em></span> <span class='ocrx_word' id='word_1_149' title='bbox 1293 1298 1486 1339; x_wconf 87' lang='lat' dir='ltr'><em>Dominis</em></span> <span class='ocrx_word' id='word_1_150' title='bbox 1520 1298 1844 1353; x_wconf 85' lang='lat' dir='ltr'><em>OEnipontanis</em></span> <span class='ocrx_word' id='word_1_151' title='bbox 1875 1314 1951 1355; x_wconf 90' lang='lat' dir='ltr'><em>pe-</em></span> 
     </span>
     <span class='ocr_line' id='line_1_19' title="bbox 179 1360 1949 1420; baseline 0.003 -18"><span class='ocrx_word' id='word_1_152' title='bbox 179 1360 308 1411; x_wconf 91' lang='lat' dir='ltr'><em>titur,</em></span> <span class='ocrx_word' id='word_1_153' title='bbox 351 1365 399 1404; x_wconf 91' lang='lat' dir='ltr'><em>ut</em></span> <span class='ocrx_word' id='word_1_154' title='bbox 439 1362 610 1404; x_wconf 88' lang='lat' dir='ltr'><em>filiabus</em></span> <span class='ocrx_word' id='word_1_155' title='bbox 643 1362 840 1405; x_wconf 78' lang='lat' dir='ltr'><em>Caesaris</em></span> <span class='ocrx_word' id='word_1_156' title='bbox 882 1363 1070 1405; x_wconf 88' lang='lat' dir='ltr'><em>nondum</em></span> <span class='ocrx_word' id='word_1_157' title='bbox 1112 1363 1257 1417; x_wconf 88' lang='lat' dir='ltr'><em>nuptis</em></span> <span class='ocrx_word' id='word_1_158' title='bbox 1299 1363 1486 1417; x_wconf 86' lang='lat' dir='ltr'><em>quinque</em></span> <span class='ocrx_word' id='word_1_159' title='bbox 1528 1367 1572 1406; x_wconf 90' lang='lat' dir='ltr'><em>et</em></span> <span class='ocrx_word' id='word_1_160' title='bbox 1613 1364 1750 1406; x_wconf 90' lang='lat' dir='ltr'><em>eidem</em></span> <span class='ocrx_word' id='word_1_161' title='bbox 1793 1365 1949 1420; x_wconf 92' lang='lat' dir='ltr'><em>oppido</em></span> 
     </span>
     <span class='ocr_line' id='line_1_20' title="bbox 179 1426 1947 1483; baseline 0.002 -14"><span class='ocrx_word' id='word_1_162' title='bbox 179 1426 344 1469; x_wconf 85' lang='lat' dir='ltr'><em>seruiat</em></span> <span class='ocrx_word' id='word_1_163' title='bbox 376 1427 683 1478; x_wconf 81' lang='lat' dir='ltr'><em>concionando,</em></span> <span class='ocrx_word' id='word_1_164' title='bbox 718 1442 802 1470; x_wconf 87' lang='lat' dir='ltr'><em>non</em></span> <span class='ocrx_word' id='word_1_165' title='bbox 833 1442 958 1470; x_wconf 88' lang='lat' dir='ltr'><em>secus</em></span> <span class='ocrx_word' id='word_1_166' title='bbox 990 1442 1118 1482; x_wconf 85' lang='lat' dir='ltr'><em>quam</em></span> <span class='ocrx_word' id='word_1_167' title='bbox 1143 1429 1236 1480; x_wconf 85' lang='lat' dir='ltr'><em>Ego</em></span> <span class='ocrx_word' id='word_1_168' title='bbox 1270 1429 1382 1483; x_wconf 86' lang='lat' dir='ltr'><em>apud</em></span> <span class='ocrx_word' id='word_1_169' title='bbox 1407 1430 1688 1482; x_wconf 80' lang='lat' dir='ltr'><em>Augustanos</em></span> <span class='ocrx_word' id='word_1_170' title='bbox 1718 1429 1904 1472; x_wconf 88' lang='lat' dir='ltr'><em>inseruio</em></span> <span class='ocrx_word' id='word_1_171' title='bbox 1920 1432 1947 1474; x_wconf 86' lang='lat'><em>1.</em></span> 
     </span>
     <span class='ocr_line' id='line_1_21' title="bbox 179 1492 1950 1550; baseline 0.003 -17"><span class='ocrx_word' id='word_1_172' title='bbox 179 1492 410 1534; x_wconf 82' lang='lat' dir='ltr'><em>Excusabo</em></span> <span class='ocrx_word' id='word_1_173' title='bbox 435 1493 709 1544; x_wconf 86' lang='lat' dir='ltr'><em>Societatem,</em></span> <span class='ocrx_word' id='word_1_174' title='bbox 738 1497 785 1536; x_wconf 90' lang='lat' dir='ltr'><em>ut</em></span> <span class='ocrx_word' id='word_1_175' title='bbox 807 1493 949 1537; x_wconf 85' lang='lat' dir='ltr'><em>sciant</em></span> <span class='ocrx_word' id='word_1_176' title='bbox 972 1494 1062 1536; x_wconf 87' lang='lat' dir='ltr'><em>eius</em></span> <span class='ocrx_word' id='word_1_177' title='bbox 1086 1508 1246 1536; x_wconf 82' lang='lat' dir='ltr'><em>morem</em></span> <span class='ocrx_word' id='word_1_178' title='bbox 1271 1494 1443 1545; x_wconf 87' lang='lat' dir='ltr'><em>rectius,</em></span> <span class='ocrx_word' id='word_1_179' title='bbox 1473 1494 1663 1548; x_wconf 86' lang='lat' dir='ltr'><em>nihilque</em></span> <span class='ocrx_word' id='word_1_180' title='bbox 1685 1496 1774 1538; x_wconf 88' lang='lat' dir='ltr'><em>tale</em></span> <span class='ocrx_word' id='word_1_181' title='bbox 1795 1499 1950 1550; x_wconf 88' lang='lat' dir='ltr'><em>putent</em></span> 
     </span>
     <span class='ocr_line' id='line_1_22' title="bbox 177 1555 1948 1616; baseline 0.003 -18"><span class='ocrx_word' id='word_1_182' title='bbox 177 1555 401 1611; x_wconf 83' lang='lat' dir='ltr'><em>impetrari</em></span> <span class='ocrx_word' id='word_1_183' title='bbox 423 1573 562 1613; x_wconf 88' lang='lat' dir='ltr'><em>posse,</em></span> <span class='ocrx_word' id='word_1_184' title='bbox 588 1573 683 1601; x_wconf 86' lang='lat' dir='ltr'><em>cum</em></span> <span class='ocrx_word' id='word_1_185' title='bbox 707 1559 815 1601; x_wconf 84' lang='lat' dir='ltr'><em>adeo</em></span> <span class='ocrx_word' id='word_1_186' title='bbox 838 1560 895 1602; x_wconf 89' lang='lat' dir='ltr'><em>sit</em></span> <span class='ocrx_word' id='word_1_187' title='bbox 918 1559 988 1601; x_wconf 92' lang='lat' dir='ltr'><em>ille</em></span> <span class='ocrx_word' id='word_1_188' title='bbox 1011 1559 1177 1601; x_wconf 91' lang='lat' dir='ltr'><em>Vienne</em></span> <span class='ocrx_word' id='word_1_189' title='bbox 1201 1560 1483 1603; x_wconf 80' lang='lat' dir='ltr'><em>necessarius.</em></span> <span class='ocrx_word' id='word_1_190' title='bbox 1528 1560 1662 1602; x_wconf 88' lang='lat' dir='ltr'><em>Miror</em></span> <span class='ocrx_word' id='word_1_191' title='bbox 1684 1560 1736 1602; x_wconf 90' lang='lat' dir='ltr'><em>de</em></span> <span class='ocrx_word' id='word_1_192' title='bbox 1759 1561 1948 1616; x_wconf 86' lang='lat' dir='ltr'><em>Collegio</em></span> 
     </span>
     <span class='ocr_line' id='line_1_23' title="bbox 179 1622 1948 1679; baseline 0.003 -15"><span class='ocrx_word' id='word_1_193' title='bbox 179 1622 494 1678; x_wconf 88' lang='lat' dir='ltr'><em>OEnipontano</em></span> <span class='ocrx_word' id='word_1_194' title='bbox 527 1625 677 1667; x_wconf 82' lang='lat' dir='ltr'><em>tandiu</em></span> <span class='ocrx_word' id='word_1_195' title='bbox 710 1625 859 1675; x_wconf 88' lang='lat' dir='ltr'><em>taceri,</em></span> <span class='ocrx_word' id='word_1_196' title='bbox 895 1639 944 1667; x_wconf 87' lang='lat' dir='ltr'><em>ac</em></span> <span class='ocrx_word' id='word_1_197' title='bbox 978 1625 1108 1667; x_wconf 88' lang='lat' dir='ltr'><em>toties</em></span> <span class='ocrx_word' id='word_1_198' title='bbox 1142 1625 1195 1666; x_wconf 87' lang='lat' dir='ltr'><em>ad</em></span> <span class='ocrx_word' id='word_1_199' title='bbox 1223 1638 1291 1666; x_wconf 89' lang='lat' dir='ltr'><em>me</em></span> <span class='ocrx_word' id='word_1_200' title='bbox 1313 1628 1459 1668; x_wconf 84' lang='lat' dir='ltr'><em>tamen</em></span> <span class='ocrx_word' id='word_1_201' title='bbox 1493 1625 1622 1668; x_wconf 87' lang='lat' dir='ltr'><em>scribi</em></span> <span class='ocrx_word' id='word_1_202' title='bbox 1655 1626 1708 1668; x_wconf 92' lang='lat' dir='ltr'><em>de</em></span> <span class='ocrx_word' id='word_1_203' title='bbox 1731 1627 1948 1679; x_wconf 89' lang='lat' dir='ltr'><em>querendo</em></span> 
     </span>
     <span class='ocr_line' id='line_1_24' title="bbox 177 1688 1945 1748; baseline 0.002 -18"><span class='ocrx_word' id='word_1_204' title='bbox 177 1688 262 1731; x_wconf 92' lang='lat' dir='ltr'><em>illis</em></span> <span class='ocrx_word' id='word_1_205' title='bbox 296 1689 613 1733; x_wconf 82' lang='lat' dir='ltr'><em>concionatore.</em></span> <span class='ocrx_word' id='word_1_206' title='bbox 684 1690 786 1741; x_wconf 86' lang='lat' dir='ltr'><em>Quis</em></span> <span class='ocrx_word' id='word_1_207' title='bbox 819 1693 963 1733; x_wconf 87' lang='lat' dir='ltr'><em>autem</em></span> <span class='ocrx_word' id='word_1_208' title='bbox 998 1690 1135 1745; x_wconf 82' lang='lat' dir='ltr'><em>possit</em></span> <span class='ocrx_word' id='word_1_209' title='bbox 1167 1690 1393 1744; x_wconf 71' lang='lat' dir='ltr'><em>Auguste⁸</em></span> <span class='ocrx_word' id='word_1_210' title='bbox 1424 1704 1519 1733; x_wconf 90' lang='lat' dir='ltr'><em>meo</em></span> <span class='ocrx_word' id='word_1_211' title='bbox 1552 1691 1646 1733; x_wconf 91' lang='lat' dir='ltr'><em>loco</em></span> <span class='ocrx_word' id='word_1_212' title='bbox 1679 1691 1945 1748; x_wconf 87' lang='lat' dir='ltr'><em>Concionarj,</em></span> 
     </span>
     <span class='ocr_line' id='line_1_25' title="bbox 176 1754 1946 1810; baseline 0.003 -15"><span class='ocrx_word' id='word_1_213' title='bbox 176 1754 213 1795; x_wconf 90' lang='lat' dir='ltr'><em>si</em></span> <span class='ocrx_word' id='word_1_214' title='bbox 244 1754 346 1797; x_wconf 90' lang='lat' dir='ltr'><em>mihi</em></span> <span class='ocrx_word' id='word_1_215' title='bbox 374 1755 429 1797; x_wconf 87' lang='lat' dir='ltr'><em>ad</em></span> <span class='ocrx_word' id='word_1_216' title='bbox 452 1756 673 1810; x_wconf 84' lang='lat' dir='ltr'><em>Synodum</em></span> <span class='ocrx_word' id='word_1_217' title='bbox 706 1756 949 1798; x_wconf 87' lang='lat' dir='ltr'><em>abeundum</em></span> <span class='ocrx_word' id='word_1_218' title='bbox 983 1756 1063 1798; x_wconf 86' lang='lat' dir='ltr'><em>hac</em></span> <span class='ocrx_word' id='word_1_219' title='bbox 1087 1759 1228 1799; x_wconf 85' lang='lat' dir='ltr'><em>estate</em></span> <span class='ocrx_word' id='word_1_220' title='bbox 1251 1755 1376 1805; x_wconf 81' lang='lat' dir='ltr'><em>foret,</em></span> <span class='ocrx_word' id='word_1_221' title='bbox 1412 1756 1607 1810; x_wconf 89' lang='lat' dir='ltr'><em>equidem</em></span> <span class='ocrx_word' id='word_1_222' title='bbox 1635 1759 1830 1800; x_wconf 87' lang='lat' dir='ltr'><em>statuere</em></span> <span class='ocrx_word' id='word_1_223' title='bbox 1862 1772 1946 1800; x_wconf 92' lang='lat' dir='ltr'><em>non</em></span> 
     </span>
     <span class='ocr_line' id='line_1_26' title="bbox 176 1821 1440 1876; baseline 0.002 -15"><span class='ocrx_word' id='word_1_224' title='bbox 176 1833 363 1874; x_wconf 89' lang='lat' dir='ltr'><em>possum,</em></span> <span class='ocrx_word' id='word_1_225' title='bbox 398 1821 474 1863; x_wconf 91' lang='lat' dir='ltr'><em>sed</em></span> <span class='ocrx_word' id='word_1_226' title='bbox 506 1821 586 1863; x_wconf 87' lang='lat' dir='ltr'><em>hoc</em></span> <span class='ocrx_word' id='word_1_227' title='bbox 618 1821 819 1863; x_wconf 89' lang='lat' dir='ltr'><em>iudicium</em></span> <span class='ocrx_word' id='word_1_228' title='bbox 853 1821 1093 1875; x_wconf 85' lang='lat' dir='ltr'><em>relinquam</em></span> <span class='ocrx_word' id='word_1_229' title='bbox 1127 1821 1440 1876; x_wconf 86' lang='lat' dir='ltr'><em>Superioribus.</em></span> 
     </span>
    </p>

    <p class='ocr_par' dir='ltr' id='par_1_8' title="bbox 173 1886 1944 2202">
     <span class='ocr_line' id='line_1_27' title="bbox 295 1886 1944 1940; baseline 0.001 -12"><span class='ocrx_word' id='word_1_230' title='bbox 295 1886 487 1928; x_wconf 86' lang='lat' dir='ltr'><em>Scribam</em></span> <span class='ocrx_word' id='word_1_231' title='bbox 520 1887 574 1929; x_wconf 89' lang='lat' dir='ltr'><em>ad</em></span> <span class='ocrx_word' id='word_1_232' title='bbox 597 1887 841 1940; x_wconf 85' lang='lat' dir='ltr'><em>Pragenses</em></span> <span class='ocrx_word' id='word_1_233' title='bbox 864 1887 1076 1929; x_wconf 85' lang='lat' dir='ltr'><em>Doctores</em></span> <span class='ocrx_word' id='word_1_234' title='bbox 1093 1886 1121 1937; x_wconf 87' lang='lat'><em>²,</em></span> <span class='ocrx_word' id='word_1_235' title='bbox 1155 1889 1202 1929; x_wconf 88' lang='lat' dir='ltr'><em>ut</em></span> <span class='ocrx_word' id='word_1_236' title='bbox 1231 1887 1453 1929; x_wconf 89' lang='lat' dir='ltr'><em>solennem</em></span> <span class='ocrx_word' id='word_1_237' title='bbox 1475 1887 1793 1930; x_wconf 78' lang='lat' dir='ltr'><em>professionem</em></span> <span class='ocrx_word' id='word_1_238' title='bbox 1826 1888 1944 1931; x_wconf 87' lang='lat' dir='ltr'><em>illam</em></span> 
     </span>
     <span class='ocr_line' id='line_1_28' title="bbox 175 1951 1944 2006; baseline 0.002 -14"><span class='ocrx_word' id='word_1_239' title='bbox 175 1964 260 1992; x_wconf 91' lang='lat' dir='ltr'><em>non</em></span> <span class='ocrx_word' id='word_1_240' title='bbox 303 1951 524 2001; x_wconf 86' lang='lat' dir='ltr'><em>differant,</em></span> <span class='ocrx_word' id='word_1_241' title='bbox 568 1966 663 1994; x_wconf 92' lang='lat' dir='ltr'><em>cum</em></span> <span class='ocrx_word' id='word_1_242' title='bbox 706 1952 761 1994; x_wconf 88' lang='lat' dir='ltr'><em>ad</em></span> <span class='ocrx_word' id='word_1_243' title='bbox 802 1966 974 1994; x_wconf 88' lang='lat' dir='ltr'><em>manum</em></span> <span class='ocrx_word' id='word_1_244' title='bbox 1018 1952 1209 1994; x_wconf 83' lang='lat' dir='ltr'><em>habeant</em></span> <span class='ocrx_word' id='word_1_245' title='bbox 1239 1952 1539 2006; x_wconf 84' lang='lat' dir='ltr'><em>Praepositum</em></span> <span class='ocrx_word' id='word_1_246' title='bbox 1556 1953 1583 1995; x_wconf 85' lang='lat'><em>3.</em></span> <span class='ocrx_word' id='word_1_247' title='bbox 1649 1952 1757 2003; x_wconf 89' lang='lat' dir='ltr'><em>Quid</em></span> <span class='ocrx_word' id='word_1_248' title='bbox 1798 1955 1944 1996; x_wconf 90' lang='lat' dir='ltr'><em>autem</em></span> 
     </span>
     <span class='ocr_line' id='line_1_29' title="bbox 174 2015 1944 2073; baseline 0.002 -15"><span class='ocrx_word' id='word_1_249' title='bbox 174 2015 225 2059; x_wconf 84' lang='lat' dir='ltr'><em>R.</em></span> <span class='ocrx_word' id='word_1_250' title='bbox 260 2016 306 2058; x_wconf 89' lang='lat' dir='ltr'><em>T.</em></span> <span class='ocrx_word' id='word_1_251' title='bbox 342 2016 394 2058; x_wconf 91' lang='lat' dir='ltr'><em>de</em></span> <span class='ocrx_word' id='word_1_252' title='bbox 426 2016 613 2059; x_wconf 89' lang='lat' dir='ltr'><em>Rectore</em></span> <span class='ocrx_word' id='word_1_253' title='bbox 648 2017 914 2060; x_wconf 65' lang='lat' dir='ltr'><em>Viennensi*</em></span> <span class='ocrx_word' id='word_1_254' title='bbox 955 2018 1046 2072; x_wconf 86' lang='lat' dir='ltr'><em>fierj</em></span> <span class='ocrx_word' id='word_1_255' title='bbox 1089 2017 1216 2067; x_wconf 90' lang='lat' dir='ltr'><em>uelit,</em></span> <span class='ocrx_word' id='word_1_256' title='bbox 1264 2017 1379 2060; x_wconf 87' lang='lat' dir='ltr'><em>forte</em></span> <span class='ocrx_word' id='word_1_257' title='bbox 1420 2018 1476 2060; x_wconf 92' lang='lat' dir='ltr'><em>ad</em></span> <span class='ocrx_word' id='word_1_258' title='bbox 1516 2017 1636 2059; x_wconf 90' lang='lat' dir='ltr'><em>illum</em></span> <span class='ocrx_word' id='word_1_259' title='bbox 1677 2018 1804 2060; x_wconf 91' lang='lat' dir='ltr'><em>modo</em></span> <span class='ocrx_word' id='word_1_260' title='bbox 1846 2032 1944 2073; x_wconf 89' lang='lat' dir='ltr'><em>per-</em></span> 
     </span>
     <span class='ocr_line' id='line_1_30' title="bbox 173 2081 1943 2137; baseline 0.001 -14"><span class='ocrx_word' id='word_1_261' title='bbox 173 2081 358 2135; x_wconf 88' lang='lat' dir='ltr'><em>scripsit.</em></span> <span class='ocrx_word' id='word_1_262' title='bbox 433 2082 651 2124; x_wconf 87' lang='lat' dir='ltr'><em>Recusare</em></span> <span class='ocrx_word' id='word_1_263' title='bbox 698 2083 870 2125; x_wconf 86' lang='lat' dir='ltr'><em>uidetur</em></span> <span class='ocrx_word' id='word_1_264' title='bbox 917 2086 993 2126; x_wconf 88' lang='lat' dir='ltr'><em>aut</em></span> <span class='ocrx_word' id='word_1_265' title='bbox 1040 2082 1212 2125; x_wconf 86' lang='lat' dir='ltr'><em>differre</em></span> <span class='ocrx_word' id='word_1_266' title='bbox 1256 2082 1398 2126; x_wconf 87' lang='lat' dir='ltr'><em>studio</em></span> <span class='ocrx_word' id='word_1_267' title='bbox 1446 2083 1630 2137; x_wconf 88' lang='lat' dir='ltr'><em>quodam</em></span> <span class='ocrx_word' id='word_1_268' title='bbox 1678 2084 1789 2125; x_wconf 85' lang='lat' dir='ltr'><em>hanc</em></span> <span class='ocrx_word' id='word_1_269' title='bbox 1836 2083 1943 2125; x_wconf 91' lang='lat' dir='ltr'><em>Pro-</em></span> 
     </span>
     <span class='ocr_line' id='line_1_31' title="bbox 173 2146 1123 2202; baseline 0.004 -15"><span class='ocrx_word' id='word_1_270' title='bbox 173 2146 418 2198; x_wconf 86' lang='lat' dir='ltr'><em>fessionem,</em></span> <span class='ocrx_word' id='word_1_271' title='bbox 453 2162 499 2190; x_wconf 89' lang='lat' dir='ltr'><em>se</em></span> <span class='ocrx_word' id='word_1_272' title='bbox 531 2147 606 2189; x_wconf 90' lang='lat' dir='ltr'><em>illa</em></span> <span class='ocrx_word' id='word_1_273' title='bbox 637 2148 859 2202; x_wconf 84' lang='lat' dir='ltr'><em>indignum</em></span> <span class='ocrx_word' id='word_1_274' title='bbox 893 2148 1123 2191; x_wconf 85' lang='lat' dir='ltr'><em>arbitrans.</em></span> 
     </span>
    </p>

    <p class='ocr_par' dir='ltr' id='par_1_9' title="bbox 170 2212 1941 2462">
     <span class='ocr_line' id='line_1_32' title="bbox 292 2212 1941 2267; baseline 0.001 -13"><span class='ocrx_word' id='word_1_275' title='bbox 292 2212 468 2254; x_wconf 80' lang='lat' dir='ltr'><em>Gaudeo</em></span> <span class='ocrx_word' id='word_1_276' title='bbox 498 2227 752 2267; x_wconf 89' lang='lat' dir='ltr'><em>responsum</em></span> <span class='ocrx_word' id='word_1_277' title='bbox 776 2227 870 2255; x_wconf 88' lang='lat' dir='ltr'><em>esse</em></span> <span class='ocrx_word' id='word_1_278' title='bbox 894 2213 1053 2267; x_wconf 90' lang='lat' dir='ltr'><em>aliquid</em></span> <span class='ocrx_word' id='word_1_279' title='bbox 1077 2213 1464 2256; x_wconf 84' lang='lat' dir='ltr'><em>Reuerendissimis</em></span> <span class='ocrx_word' id='word_1_280' title='bbox 1489 2214 1729 2255; x_wconf 86' lang='lat' dir='ltr'><em>Gnesnensi</em></span> <span class='ocrx_word' id='word_1_281' title='bbox 1762 2216 1807 2256; x_wconf 86' lang='lat' dir='ltr'><em>et</em></span> <span class='ocrx_word' id='word_1_282' title='bbox 1831 2213 1941 2256; x_wconf 86' lang='lat' dir='ltr'><em>Var-</em></span> 
     </span>
     <span class='ocr_line' id='line_1_33' title="bbox 172 2276 1941 2332; baseline 0.002 -14"><span class='ocrx_word' id='word_1_283' title='bbox 172 2276 373 2331; x_wconf 68' lang='lat' dir='ltr'><em>miensjb,</em></span> <span class='ocrx_word' id='word_1_284' title='bbox 409 2281 456 2320; x_wconf 89' lang='lat' dir='ltr'><em>ut</em></span> <span class='ocrx_word' id='word_1_285' title='bbox 489 2278 708 2332; x_wconf 88' lang='lat' dir='ltr'><em>patienter</em></span> <span class='ocrx_word' id='word_1_286' title='bbox 740 2278 885 2322; x_wconf 88' lang='lat' dir='ltr'><em>ferant</em></span> <span class='ocrx_word' id='word_1_287' title='bbox 918 2293 1000 2321; x_wconf 89' lang='lat' dir='ltr'><em>non</em></span> <span class='ocrx_word' id='word_1_288' title='bbox 1034 2279 1184 2322; x_wconf 87' lang='lat' dir='ltr'><em>statim</em></span> <span class='ocrx_word' id='word_1_289' title='bbox 1216 2281 1389 2321; x_wconf 88' lang='lat' dir='ltr'><em>nostros</em></span> <span class='ocrx_word' id='word_1_290' title='bbox 1422 2278 1617 2328; x_wconf 88' lang='lat' dir='ltr'><em>extrudi,</em></span> <span class='ocrx_word' id='word_1_291' title='bbox 1660 2293 1767 2332; x_wconf 88' lang='lat' dir='ltr'><em>quos</em></span> <span class='ocrx_word' id='word_1_292' title='bbox 1798 2279 1941 2321; x_wconf 90' lang='lat' dir='ltr'><em>media</em></span> 
     </span>
     <span class='ocr_line' id='line_1_34' title="bbox 172 2342 1939 2398; baseline 0.001 -14"><span class='ocrx_word' id='word_1_293' title='bbox 172 2342 303 2384; x_wconf 88' lang='lat' dir='ltr'><em>etiam</em></span> <span class='ocrx_word' id='word_1_294' title='bbox 330 2343 484 2397; x_wconf 80' lang='lat' dir='ltr'><em>hyeme</em></span> <span class='ocrx_word' id='word_1_295' title='bbox 507 2357 713 2385; x_wconf 86' lang='lat' dir='ltr'><em>euocasse</em></span> <span class='ocrx_word' id='word_1_296' title='bbox 736 2343 950 2393; x_wconf 89' lang='lat' dir='ltr'><em>uidentur,</em></span> <span class='ocrx_word' id='word_1_297' title='bbox 986 2344 1089 2385; x_wconf 88' lang='lat' dir='ltr'><em>nihil</em></span> <span class='ocrx_word' id='word_1_298' title='bbox 1112 2344 1244 2386; x_wconf 87' lang='lat' dir='ltr'><em>etiam</em></span> <span class='ocrx_word' id='word_1_299' title='bbox 1274 2343 1382 2386; x_wconf 90' lang='lat' dir='ltr'><em>certi</em></span> <span class='ocrx_word' id='word_1_300' title='bbox 1404 2343 1710 2398; x_wconf 85' lang='lat' dir='ltr'><em>promittentes</em></span> <span class='ocrx_word' id='word_1_301' title='bbox 1725 2345 1754 2387; x_wconf 85' lang='lat'><em>5.</em></span> <span class='ocrx_word' id='word_1_302' title='bbox 1797 2343 1939 2387; x_wconf 90' lang='lat' dir='ltr'><em>Audio</em></span> 
     </span>
     <span class='ocr_line' id='line_1_35' title="bbox 170 2407 1938 2462; baseline 0.002 -13"><span class='ocrx_word' id='word_1_303' title='bbox 170 2407 366 2460; x_wconf 87' lang='lat' dir='ltr'><em>grauiter</em></span> <span class='ocrx_word' id='word_1_304' title='bbox 390 2408 590 2450; x_wconf 89' lang='lat' dir='ltr'><em>laborare</em></span> <span class='ocrx_word' id='word_1_305' title='bbox 615 2409 835 2451; x_wconf 90' lang='lat' dir='ltr'><em>Poloniam</em></span> <span class='ocrx_word' id='word_1_306' title='bbox 867 2410 946 2451; x_wconf 85' lang='lat' dir='ltr'><em>obc</em></span> <span class='ocrx_word' id='word_1_307' title='bbox 978 2412 1121 2452; x_wconf 90' lang='lat' dir='ltr'><em>sectas</em></span> <span class='ocrx_word' id='word_1_308' title='bbox 1155 2409 1280 2451; x_wconf 85' lang='lat' dir='ltr'><em>ualde</em></span> <span class='ocrx_word' id='word_1_309' title='bbox 1312 2409 1398 2450; x_wconf 92' lang='lat' dir='ltr'><em>illic</em></span> <span class='ocrx_word' id='word_1_310' title='bbox 1427 2411 1694 2462; x_wconf 85' lang='lat' dir='ltr'><em>grassantes,</em></span> <span class='ocrx_word' id='word_1_311' title='bbox 1729 2409 1938 2452; x_wconf 85' lang='lat' dir='ltr'><em>aduersus</em></span> 
     </span>
    </p>
   </div>
   <div class='ocr_carea' id='block_1_6' title="bbox 288 2553 1854 2600">
    <p class='ocr_par' dir='ltr' id='par_1_10' title="bbox 288 2553 1854 2600">
     <span class='ocr_line' id='line_1_36' title="bbox 288 2553 1854 2600; baseline 0.001 -13"><span class='ocrx_word' id='word_1_312' title='bbox 288 2559 303 2573; x_wconf 71' lang='lat'><strong>³</strong></span> <span class='ocrx_word' id='word_1_313' title='bbox 329 2553 516 2597; x_wconf 82' lang='lat' dir='ltr'><em>Augustae</em></span> <span class='ocrx_word' id='word_1_314' title='bbox 543 2555 598 2595; x_wconf 90' lang='lat' dir='ltr'><em>B‚·</em></span> <span class='ocrx_word' id='word_1_315' title='bbox 623 2555 791 2598; x_wconf 77' lang='lat' dir='ltr'><em>Augusta</em></span> <span class='ocrx_word' id='word_1_316' title='bbox 819 2557 862 2589; x_wconf 84' lang='lat' dir='ltr'><em>A.</em></span> <span class='ocrx_word' id='word_1_317' title='bbox 961 2555 976 2576; x_wconf 70' lang='lat' dir='ltr'><em>b</em></span> <span class='ocrx_word' id='word_1_318' title='bbox 1003 2554 1204 2600; x_wconf 88' lang='lat' dir='ltr'><em>Parmiensj</em></span> <span class='ocrx_word' id='word_1_319' title='bbox 1232 2556 1289 2596; x_wconf 76' lang='lat' dir='ltr'><em>A‚·</em></span> <span class='ocrx_word' id='word_1_320' title='bbox 1317 2554 1535 2589; x_wconf 85' lang='lat' dir='ltr'><em>Warmiensi</em></span> <span class='ocrx_word' id='word_1_321' title='bbox 1563 2556 1603 2589; x_wconf 91' lang='lat' dir='ltr'><em>B.</em></span> <span class='ocrx_word' id='word_1_322' title='bbox 1701 2560 1713 2575; x_wconf 72' lang='lat'><strong>⁶</strong></span> <span class='ocrx_word' id='word_1_323' title='bbox 1738 2554 1782 2588; x_wconf 86' lang='lat' dir='ltr'><em>ab</em></span> <span class='ocrx_word' id='word_1_324' title='bbox 1810 2557 1854 2588; x_wconf 83' lang='grc' dir='ltr'><em>Α.</em></span> 
     </span>
    </p>
   </div>
   <div class='ocr_carea' id='block_1_7' title="bbox 168 2687 1935 2840">
    <p class='ocr_par' dir='ltr' id='par_1_11' title="bbox 168 2687 1935 2840">
     <span class='ocr_line' id='line_1_37' title="bbox 292 2687 1935 2734; baseline 0.001 -12"><span class='ocrx_word' id='word_1_325' title='bbox 292 2688 300 2707; x_wconf 92' lang='lat'>¹</span> <span class='ocrx_word' id='word_1_326' title='bbox 328 2687 368 2722; x_wconf 92' lang='lat' dir='ltr'><em>P.</em></span> <span class='ocrx_word' id='word_1_327' title='bbox 395 2687 609 2723; x_wconf 87' lang='lat' dir='ltr'><em>Lambertus</em></span> <span class='ocrx_word' id='word_1_328' title='bbox 635 2689 732 2723; x_wconf 87' lang='lat' dir='ltr'><em>Auer</em></span> <span class='ocrx_word' id='word_1_329' title='bbox 758 2688 792 2723; x_wconf 84' lang='lat' dir='ltr'><em>S.</em></span> <span class='ocrx_word' id='word_1_330' title='bbox 821 2688 874 2729; x_wconf 89' lang='lat' dir='ltr'><em>J.,</em></span> <span class='ocrx_word' id='word_1_331' title='bbox 910 2700 1016 2733; x_wconf 89' lang='lat' dir='ltr'><em>quem</em></span> <span class='ocrx_word' id='word_1_332' title='bbox 1048 2688 1209 2730; x_wconf 80' lang='lat' dir='ltr'><em>„Domini</em></span> <span class='ocrx_word' id='word_1_333' title='bbox 1235 2689 1423 2732; x_wconf 82' lang='lat' dir='ltr'><em>regentes“</em></span> <span class='ocrx_word' id='word_1_334' title='bbox 1454 2687 1532 2722; x_wconf 87' lang='lat' dir='ltr'><em>sive</em></span> <span class='ocrx_word' id='word_1_335' title='bbox 1566 2688 1742 2724; x_wconf 86' lang='lat' dir='ltr'><em>officiales</em></span> <span class='ocrx_word' id='word_1_336' title='bbox 1773 2688 1935 2734; x_wconf 86' lang='lat' dir='ltr'><em>praefec-</em></span> 
     </span>
     <span class='ocr_line' id='line_1_38' title="bbox 168 2741 1932 2787; baseline 0.001 -13"><span class='ocrx_word' id='word_1_337' title='bbox 168 2741 270 2774; x_wconf 86' lang='lat' dir='ltr'><em>turae</em></span> <span class='ocrx_word' id='word_1_338' title='bbox 298 2741 466 2776; x_wconf 87' lang='lat' dir='ltr'><em>Austriae</em></span> <span class='ocrx_word' id='word_1_339' title='bbox 491 2741 689 2787; x_wconf 88' lang='lat' dir='ltr'><em>superioris</em></span> <span class='ocrx_word' id='word_1_340' title='bbox 714 2753 778 2786; x_wconf 91' lang='lat' dir='ltr'><em>pro</em></span> <span class='ocrx_word' id='word_1_341' title='bbox 807 2741 982 2785; x_wconf 79' lang='lat' dir='ltr'><em>„reginis“</em></span> <span class='ocrx_word' id='word_1_342' title='bbox 1013 2741 1250 2785; x_wconf 84' lang='lat' dir='ltr'><em>Magdalena,</em></span> <span class='ocrx_word' id='word_1_343' title='bbox 1278 2741 1473 2784; x_wconf 87' lang='lat' dir='ltr'><em>Eleonora,</em></span> <span class='ocrx_word' id='word_1_344' title='bbox 1509 2741 1727 2785; x_wconf 86' lang='lat' dir='ltr'><em>Margarita,</em></span> <span class='ocrx_word' id='word_1_345' title='bbox 1765 2742 1932 2785; x_wconf 84' lang='lat' dir='ltr'><em>Barbara,</em></span> 
     </span>
     <span class='ocr_line' id='line_1_39' title="bbox 168 2792 1933 2840; baseline 0.001 -13"><span class='ocrx_word' id='word_1_346' title='bbox 168 2792 308 2828; x_wconf 88' lang='lat' dir='ltr'><em>Helena</em></span> <span class='ocrx_word' id='word_1_347' title='bbox 334 2797 370 2828; x_wconf 89' lang='lat' dir='ltr'><em>et</em></span> <span class='ocrx_word' id='word_1_348' title='bbox 394 2807 458 2840; x_wconf 88' lang='lat' dir='ltr'><em>pro</em></span> <span class='ocrx_word' id='word_1_349' title='bbox 494 2795 572 2840; x_wconf 89' lang='lat' dir='ltr'><em>ipsa</em></span> <span class='ocrx_word' id='word_1_350' title='bbox 605 2795 694 2830; x_wconf 89' lang='lat' dir='ltr'><em>urbe</em></span> <span class='ocrx_word' id='word_1_351' title='bbox 729 2795 968 2840; x_wconf 87' lang='lat' dir='ltr'><em>oenipontana</em></span> <span class='ocrx_word' id='word_1_352' title='bbox 1002 2795 1193 2840; x_wconf 83' lang='lat' dir='ltr'><em>petebant,</em></span> <span class='ocrx_word' id='word_1_353' title='bbox 1229 2794 1499 2839; x_wconf 82' lang='lat' dir='ltr'><em>Rattenbergae</em></span> <span class='ocrx_word' id='word_1_354' title='bbox 1529 2794 1783 2838; x_wconf 86' lang='lat' dir='ltr'><em>(Rattenberg)</em></span> <span class='ocrx_word' id='word_1_355' title='bbox 1823 2806 1933 2840; x_wconf 89' lang='lat' dir='ltr'><em>prope</em></span> 
     </span>
    </p>
   </div>
   <div class='ocr_carea' id='block_1_8' title="bbox 168 2845 1794 2946">
    <p class='ocr_par' dir='ltr' id='par_1_12' title="bbox 168 2845 1794 2946">
     <span class='ocr_line' id='line_1_40' title="bbox 168 2845 1418 2893; baseline 0.002 -13"><span class='ocrx_word' id='word_1_356' title='bbox 168 2845 307 2880; x_wconf 87' lang='lat' dir='ltr'><em>Oenum</em></span> <span class='ocrx_word' id='word_1_357' title='bbox 332 2847 369 2881; x_wconf 88' lang='lat' dir='ltr'><em>in</em></span> <span class='ocrx_word' id='word_1_358' title='bbox 394 2847 504 2882; x_wconf 88' lang='lat' dir='ltr'><em>Tiroli</em></span> <span class='ocrx_word' id='word_1_359' title='bbox 530 2850 639 2882; x_wconf 84' lang='lat' dir='ltr'><em>natus</em></span> <span class='ocrx_word' id='word_1_360' title='bbox 665 2850 743 2882; x_wconf 82' lang='lat' dir='ltr'><em>erat</em></span> <span class='ocrx_word' id='word_1_361' title='bbox 770 2848 876 2891; x_wconf 78' lang='lat' dir='ltr'><em>(Can.</em></span> <span class='ocrx_word' id='word_1_362' title='bbox 906 2847 993 2893; x_wconf 86' lang='lat' dir='ltr'><em>Epp.</em></span> <span class='ocrx_word' id='word_1_363' title='bbox 1022 2848 1047 2887; x_wconf 83' lang='grc' dir='ltr'><em>Ι,</em></span> <span class='ocrx_word' id='word_1_364' title='bbox 1073 2848 1162 2887; x_wconf 84' lang='grc'><strong>414;</strong></span> <span class='ocrx_word' id='word_1_365' title='bbox 1190 2848 1233 2889; x_wconf 84' lang='lat' dir='ltr'><em>Il,</em></span> <span class='ocrx_word' id='word_1_366' title='bbox 1261 2848 1418 2891; x_wconf 84' lang='lat'><em>668¹,²).</em></span> 
     </span>
     <span class='ocr_line' id='line_1_41' title="bbox 287 2899 1794 2946; baseline 0 -11"><span class='ocrx_word' id='word_1_367' title='bbox 287 2899 300 2920; x_wconf 82' lang='lat'><strong>²</strong></span> <span class='ocrx_word' id='word_1_368' title='bbox 324 2900 364 2934; x_wconf 88' lang='lat' dir='ltr'><em>P.</em></span> <span class='ocrx_word' id='word_1_369' title='bbox 391 2900 545 2935; x_wconf 87' lang='lat' dir='ltr'><em>Paulum</em></span> <span class='ocrx_word' id='word_1_370' title='bbox 571 2901 759 2935; x_wconf 86' lang='lat' dir='ltr'><em>Hoffaeum</em></span> <span class='ocrx_word' id='word_1_371' title='bbox 786 2903 823 2935; x_wconf 86' lang='lat' dir='ltr'><em>et</em></span> <span class='ocrx_word' id='word_1_372' title='bbox 848 2901 887 2935; x_wconf 91' lang='lat' dir='ltr'><em>P.</em></span> <span class='ocrx_word' id='word_1_373' title='bbox 915 2900 1111 2935; x_wconf 85' lang='lat' dir='ltr'><em>Hem-icum</em></span> <span class='ocrx_word' id='word_1_374' title='bbox 1138 2900 1387 2942; x_wconf 83' lang='lat' dir='ltr'><em>Blissemium;</em></span> <span class='ocrx_word' id='word_1_375' title='bbox 1415 2900 1497 2934; x_wconf 89' lang='lat' dir='ltr'><em>vide</em></span> <span class='ocrx_word' id='word_1_376' title='bbox 1523 2911 1632 2946; x_wconf 86' lang='lat' dir='ltr'><em>supra</em></span> <span class='ocrx_word' id='word_1_377' title='bbox 1657 2912 1690 2946; x_wconf 91' lang='lat' dir='ltr'><em>p.</em></span> <span class='ocrx_word' id='word_1_378' title='bbox 1721 2900 1794 2935; x_wconf 79' lang='lat'><em>17².</em></span> 
     </span>
    </p>
   </div>
   <div class='ocr_carea' id='block_1_9' title="bbox 286 2953 1930 3105">
    <p class='ocr_par' dir='ltr' id='par_1_13' title="bbox 286 2953 1930 3105">
     <span class='ocr_line' id='line_1_42' title="bbox 286 2953 1196 2999; baseline 0 -11"><span class='ocrx_word' id='word_1_379' title='bbox 286 2953 300 2973; x_wconf 80' lang='lat'>³</span> <span class='ocrx_word' id='word_1_380' title='bbox 325 2953 520 2988; x_wconf 88' lang='lat' dir='ltr'><em>Henricum</em></span> <span class='ocrx_word' id='word_1_381' title='bbox 546 2953 788 2995; x_wconf 84' lang='lat' dir='ltr'><em>Scribonium3</em></span> <span class='ocrx_word' id='word_1_382' title='bbox 816 2954 898 2988; x_wconf 90' lang='lat' dir='ltr'><em>vide</em></span> <span class='ocrx_word' id='word_1_383' title='bbox 923 2965 1033 2998; x_wconf 88' lang='lat' dir='ltr'><em>supra</em></span> <span class='ocrx_word' id='word_1_384' title='bbox 1059 2966 1091 2999; x_wconf 93' lang='lat' dir='ltr'><em>p.</em></span> <span class='ocrx_word' id='word_1_385' title='bbox 1121 2955 1196 2988; x_wconf 82' lang='lat'><em>17³.</em></span> 
     </span>
     <span class='ocr_line' id='line_1_43' title="bbox 286 3006 1168 3052; baseline 0.001 -12"><span class='ocrx_word' id='word_1_386' title='bbox 286 3007 299 3026; x_wconf 76' lang='lat'><strong>⁴</strong></span> <span class='ocrx_word' id='word_1_387' title='bbox 325 3006 363 3041; x_wconf 90' lang='lat' dir='ltr'><em>P.</em></span> <span class='ocrx_word' id='word_1_388' title='bbox 392 3007 523 3041; x_wconf 87' lang='lat' dir='ltr'><em>Ioanne</em></span> <span class='ocrx_word' id='word_1_389' title='bbox 549 3008 592 3041; x_wconf 88' lang='lat' dir='ltr'><em>de</em></span> <span class='ocrx_word' id='word_1_390' title='bbox 618 3007 796 3048; x_wconf 85' lang='lat' dir='ltr'><em>Victoria;</em></span> <span class='ocrx_word' id='word_1_391' title='bbox 824 3007 869 3042; x_wconf 90' lang='lat' dir='ltr'><em>cf.</em></span> <span class='ocrx_word' id='word_1_392' title='bbox 896 3018 1006 3052; x_wconf 87' lang='lat' dir='ltr'><em>supra</em></span> <span class='ocrx_word' id='word_1_393' title='bbox 1031 3018 1064 3052; x_wconf 90' lang='lat' dir='ltr'><em>p.</em></span> <span class='ocrx_word' id='word_1_394' title='bbox 1094 3007 1168 3042; x_wconf 79' lang='lat'><em>172.</em></span> 
     </span>
     <span class='ocr_line' id='line_1_44' title="bbox 286 3058 1930 3105; baseline 0 -12"><span class='ocrx_word' id='word_1_395' title='bbox 286 3060 299 3079; x_wconf 85' lang='lat'>⁵</span> <span class='ocrx_word' id='word_1_396' title='bbox 324 3060 476 3094; x_wconf 88' lang='lat' dir='ltr'><em>Ioannes</em></span> <span class='ocrx_word' id='word_1_397' title='bbox 502 3060 759 3101; x_wconf 88' lang='lat' dir='ltr'><em>Przerembski,</em></span> <span class='ocrx_word' id='word_1_398' title='bbox 787 3060 1078 3105; x_wconf 88' lang='lat' dir='ltr'><em>archiepiscopus</em></span> <span class='ocrx_word' id='word_1_399' title='bbox 1104 3059 1328 3104; x_wconf 84' lang='lat' dir='ltr'><em>gnesnensis,</em></span> <span class='ocrx_word' id='word_1_400' title='bbox 1355 3062 1464 3104; x_wconf 86' lang='lat' dir='ltr'><em>atque</em></span> <span class='ocrx_word' id='word_1_401' title='bbox 1490 3059 1597 3093; x_wconf 84' lang='lat' dir='ltr'><em>etiarn</em></span> <span class='ocrx_word' id='word_1_402' title='bbox 1623 3078 1670 3083; x_wconf 89' lang='lat'>—</span> <span class='ocrx_word' id='word_1_403' title='bbox 1695 3058 1796 3092; x_wconf 88' lang='lat' dir='ltr'><em>Hosii</em></span> <span class='ocrx_word' id='word_1_404' title='bbox 1822 3070 1930 3104; x_wconf 83' lang='lat' dir='ltr'><em>opera</em></span> 
     </span>
    </p>
   </div>
   <div class='ocr_carea' id='block_1_10' title="bbox 165 3111 1928 3210">
    <p class='ocr_par' dir='ltr' id='par_1_14' title="bbox 165 3111 1928 3210">
     <span class='ocr_line' id='line_1_45' title="bbox 165 3111 1928 3158; baseline 0.001 -13"><span class='ocrx_word' id='word_1_405' title='bbox 165 3111 378 3157; x_wconf 85' lang='lat' dir='ltr'><em>interposita</em></span> <span class='ocrx_word' id='word_1_406' title='bbox 416 3135 458 3139; x_wconf 97' lang='lat'>—</span> <span class='ocrx_word' id='word_1_407' title='bbox 498 3113 661 3148; x_wconf 85' lang='lat' dir='ltr'><em>Andreas</em></span> <span class='ocrx_word' id='word_1_408' title='bbox 698 3112 934 3154; x_wconf 89' lang='lat' dir='ltr'><em>Noskowski,</em></span> <span class='ocrx_word' id='word_1_409' title='bbox 977 3113 1166 3158; x_wconf 87' lang='lat' dir='ltr'><em>episcopus</em></span> <span class='ocrx_word' id='word_1_410' title='bbox 1204 3112 1408 3158; x_wconf 74' lang='lat' dir='ltr'><em>plocensis,</em></span> <span class='ocrx_word' id='word_1_411' title='bbox 1447 3111 1569 3147; x_wconf 87' lang='lat' dir='ltr'><em>Socios</em></span> <span class='ocrx_word' id='word_1_412' title='bbox 1606 3111 1802 3157; x_wconf 85' lang='lat' dir='ltr'><em>petierant;</em></span> <span class='ocrx_word' id='word_1_413' title='bbox 1846 3112 1928 3147; x_wconf 89' lang='lat' dir='ltr'><em>vide</em></span> 
     </span>
     <span class='ocr_line' id='line_1_46' title="bbox 165 3166 419 3210; baseline 0.008 -12"><span class='ocrx_word' id='word_1_414' title='bbox 165 3175 276 3209; x_wconf 87' lang='lat' dir='ltr'><em>supra</em></span> <span class='ocrx_word' id='word_1_415' title='bbox 302 3177 335 3210; x_wconf 91' lang='lat' dir='ltr'><em>p.</em></span> <span class='ocrx_word' id='word_1_416' title='bbox 365 3166 419 3200; x_wconf 88' lang='lat'><em>17.</em></span> 
     </span>
    </p>
   </div>
   <div class='ocr_carea' id='block_1_11' title="bbox 2056 2219 2069 2354">
    <p class='ocr_par' dir='ltr' id='par_1_15' title="bbox 2056 2219 2069 2354">
     <span class='ocr_line' id='line_1_47' title="bbox 2056 2219 2069 2354; textangle 90"><span class='ocrx_word' id='word_1_417' title='bbox 2056 2287 2069 2354; x_wconf 47' lang='grc' dir='ltr'><em>,ει-..Γ</em></span> <span class='ocrx_word' id='word_1_418' title='bbox 2063 2255 2067 2278; x_wconf 57' lang='lat'><em>.„</em></span> <span class='ocrx_word' id='word_1_419' title='bbox 2064 2219 2066 2226; x_wconf 50' lang='grc'>,</span> 
     </span>
    </p>
   </div>
   <div class='ocr_carea' id='block_1_12' title="bbox 2062 2491 2070 2598">
    <p class='ocr_par' dir='ltr' id='par_1_16' title="bbox 2062 2491 2070 2598">
     <span class='ocr_line' id='line_1_48' title="bbox 2062 2491 2070 2598; textangle 90"><span class='ocrx_word' id='word_1_420' title='bbox 2062 2543 2070 2598; x_wconf 50' lang='lat' dir='ltr'><em>oeu—</em></span> <span class='ocrx_word' id='word_1_421' title='bbox 2065 2510 2069 2539; x_wconf 37' lang='grc' dir='ltr'><em>,ῃ</em></span> <span class='ocrx_word' id='word_1_422' title='bbox 2063 2491 2069 2505; x_wconf 52' lang='grc' dir='ltr'><strong>Α</strong></span> 
     </span>
    </p>
   </div>
  </div>
 </body>
</html>
