2093 3444
343 158 422 192 626.
461 158 610 192 Iacobus
637 158 783 193 Lainius
811 159 954 194 Canisio
981 162 1048 195 etc.
1088 160 1238 196 Parisiis
1264 173 1310 196 m.
1337 162 1436 197 Nov.>
1458 163 1559 198 1561.
1755 167 1838 208 297

882 273 1013 315 (326.

609 357 932 402 IACOBUS
965 359 1287 413 LAINIUS,

559 433 786 478 praepositus
814 435 995 478 generalis
1022 435 1215 470 Societatis
1242 437 1333 478 Iesu,

142 512 399 562 OANISIO
440 511 832 568 OETERISQUE
871 513 1240 562 SOCIETATIS
1281 515 1752 563 SUPERIORIBUS

526 589 598 635 IN
638 589 896 636 EUROPA
935 591 1360 640 DEGENTIBUS.

311 691 468 729 Parisiis
496 691 609 736 (Fano
636 691 808 727 Germani
820 692 851 737 Ρ)
878 702 923 728 111.
950 692 1143 729 Novembri
1172 695 1272 737 (ante
1299 693 1471 740 medium)
1497 693 1584 731 1561.

180 771 237 805 Ex
271 770 347 805 cod.
379 769 567 813 „Defuncti
606 769 714 803 1557“
754 770 779 803 f.
815 781 886 803 non
922 770 1014 813 sign.
1049 773 1084 805 et
1119 783 1164 805 ex
1192 772 1388 817 Sacchino,
1423 771 1518 807 Hist.
1546 772 1580 807 S.
1608 773 1642 807 J.
1670 772 1721 814 Π,
1757 773 1779 807 1.
1808 773 1840 814 5,

61 839 95 860 n.
123 824 202 860 208.

182 896 305 930 Socios
331 905 474 938 operam
500 895 588 927 dare
615 894 726 937 iubet,
758 898 796 926 ut
821 894 1012 927 christiani
1037 906 1154 929 omnes
1179 897 1356 929 ecclesiam
1382 897 1605 940 veliementer,
1627 898 1838 941 praesertim

64 953 100 984 in
130 950 266 993 Gallia,
292 949 469 991 afflictanti
494 948 568 981 Deo
594 948 840 980 commendent.

182 1034 417 1077 Saccliinus
450 1033 493 1073 in
528 1033 748 1074 Societatis
781 1032 983 1085 historia,
1018 1032 1110 1086 ubi,
1150 1034 1255 1087 quid
1286 1034 1473 1076 Lainius
1507 1049 1532 1075 a
1564 1048 1703 1076 mense
1736 1035 1838 1089 Sep-

61 1100 211 1141 tembri
244 1099 302 1140 ad
335 1097 603 1140 Decembrem
637 1112 674 1139 a.
710 1098 824 1139 1561
859 1098 902 1138 in
938 1098 1112 1139 Gallial
1141 1100 1328 1153 yesserit,
1363 1114 1569 1155 quamque
1600 1101 1750 1141 misere
1782 1100 1842 1141 ibi

63 1170 100 1207 et
134 1178 359 1220 procerum
401 1164 672 1218 quorundam
712 1164 886 1217 irqnavia
929 1168 965 1204 et
1006 1163 1325 1218 Huyonotorum
1377 1166 1565 1206 azulacia
1617 1165 1842 1207 catholicae

62 1231 279 1285 reliyionis
311 1243 377 1270 res
409 1231 452 1269 in
489 1230 646 1269 exitum
680 1229 858 1280 ruerint,
892 1235 1068 1281 narrat,
1103 1230 1202 1271 haec
1236 1230 1286 1271 de
1319 1230 1476 1271 Lainio
1509 1229 1664 1284 refert:
1708 1230 1842 1283 „Cum

60 1298 145 1337 iam
175 1296 347 1350 pridem
378 1299 463 1336 tota
495 1295 538 1336 *in
565 1295 766 1336 Societate
795 1293 929 1346 fundi
953 1294 1012 1334 ad
1034 1294 1170 1335 Deum
1199 1310 1355 1350 preces,
1390 1297 1548 1350 suscipi
1577 1297 1842 1337 voluntarias

56 1375 230 1416 poenas,
271 1361 367 1415 fieri
408 1359 642 1413 sacrificia,
688 1364 722 1400 et
763 1374 870 1414 (suae
912 1360 1001 1400 alia
1044 1361 1101 1400 ad
1137 1361 1246 1401 iram
1277 1360 1359 1401 Dei
1393 1361 1656 1416 placandam
1690 1362 1840 1414 valent,

61 1428 252 1468 iussisset
267 1426 297 1480 2,
333 1439 462 1480 eaque
483 1425 598 1479 Socij
627 1425 773 1479 ‘coique
805 1426 993 1466 certatim
1016 1430 1344 1480 exequerentum
1376 1431 1512 1467 tamen
1547 1441 1639 1467 cum
1672 1427 1718 1467 in
1752 1427 1842 1467 dies

64 1494 289 1534 necessitas
328 1492 661 1546 inqrauesceret,
706 1495 741 1531 et
783 1491 912 1531 oculis
954 1491 1138 1532 subiecta
1180 1492 1400 1532 calamitas
1443 1492 1628 1533 acriores
1663 1493 1841 1533 misera-

61 1559 189 1599 tionis
230 1557 419 1598 stimulos
461 1556 551 1597 dies
595 1570 643 1597 ac
684 1560 819 1597 noctes
862 1556 1125 1610 admoueret,
1174 1556 1225 1598 de
1265 1557 1424 1611 inteyro
1466 1557 1524 1598 ad
1566 1571 1706 1598 omnes
1740 1571 1841 1611 pro-

62 1624 229 1664 uincias
261 1622 484 1676 Europae,
527 1621 595 1663 vbi
627 1621 811 1662 Societas
854 1626 978 1675 esset,
1022 1622 1213 1677 scripsit,
1255 1626 1295 1662 vt
1334 1623 1576 1664 insisterent
1611 1623 1782 1677 populis
1816 1636 1843 1663 a

61 1689 211 1730 scelere
246 1688 536 1729 deterrendis:
571 1701 715 1742 eosque
748 1686 1022 1741 confessarij,
1056 1689 1377 1741 concionatores,
1412 1689 1617 1745 mayistri,
1653 1689 1844 1729 uniuersi

63 1755 241 1808 denique
283 1753 521 1807 sinyulique
548 1766 629 1807 pro
672 1766 751 1793 sua
784 1753 920 1806 oniti,
962 1752 1030 1793 vbi
1061 1767 1104 1794 se
1132 1752 1267 1805 ferret
1303 1754 1483 1805 occasio,
1528 1753 1587 1794 ad
1618 1754 1727 1794 tanti
1758 1767 1842 1794 mo-

61 1820 190 1861 menti
221 1832 395 1860 causam
427 1818 516 1859 Deo
551 1819 670 1859 enixe
712 1819 1092 1859 commendandam
1128 1819 1376 1860 incitarent:
1418 1819 1591 1860 adirent
1622 1823 1843 1860 extraneos

61 1899 221 1940 quoque
253 1885 564 1926 concionatores
597 1897 646 1924 ac
668 1884 912 1938 Reliqiosos,
949 1884 1137 1938 idemque
1166 1884 1507 1926 commendarent
1516 1899 1534 1937 ,·
1565 1889 1845 1939 currerentque

61 1955 101 1992 vt
144 1964 272 2006 quam
314 1950 599 2004 plurimorum
644 1950 877 2004 supplicum
918 1948 1116 2004 precibus
1159 1949 1363 1990 Numinis
1408 1951 1480 1990 ira
1523 1954 1841 2004 temperaretur.

64 2016 212 2057 Videri
246 2016 353 2057 enim
380 2029 564 2070 prorsus
600 2015 769 2068 iratum,
809 2016 980 2069 iraeque
1014 2016 1103 2056 eius
1132 2015 1315 2068 fiumina
1347 2015 1393 2056 in
1430 2015 1845 2057 Cliristianissimum

63 2082 161 2123 olim
194 2095 370 2136 reanum
413 2079 651 2135 depluere.“
717 2081 771 2122 In
812 2080 1001 2121 indiculo
1044 2085 1180 2121 autem
1218 2085 1540 2135 praeceptorum
1577 2095 1604 2121 a
1636 2082 1844 2135 supremis

65 2147 285 2189 Societatis
318 2146 656 2187 moderatoribus
687 2147 748 2188 vel
780 2147 853 2186 toti
885 2146 1082 2188 Societati
1113 2147 1174 2187 vei
1206 2146 1490 2200 compluribus
1530 2147 1619 2187 eius
1652 2146 1845 2187 domibus

63 2213 290 2253 missorum
321 2245 332 2265 ,
369 2211 576 2264 „Diuersi
607 2211 775 2253 ordini“
814 2212 1016 2266 inscripto
1048 2216 1082 2252 et
1113 2212 1278 2252 saeculo
1300 2210 1419 2253 XVI.
1454 2211 1614 2252 Romae
1646 2213 1690 2253 in
1726 2212 1844 2253 domo

56 2276 256 2332 professa
289 2277 508 2319 Societatis
540 2278 693 2332 scripto
726 2275 800 2330 (cf.
834 2290 968 2332 supra
988 2291 1033 2331 p.
1061 2275 1182 2330 159),
1217 2277 1329 2329 haec,
1357 2281 1531 2331 praeter
1563 2278 1665 2330 alia,
1698 2281 1845 2318 notata

62 2347 161 2384 sunt
192 2343 237 2384 in
271 2357 310 2384 a.
346 2343 485 2384 1561:
520 2343 586 2394 „A
609 2344 680 2384 22.
716 2342 763 2383 di
794 2341 1017 2383 nouembre
1051 2343 1089 2382 si
1121 2342 1278 2383 mando
1310 2342 1338 2383 l’
1365 2342 1516 2384 ordine
1548 2342 1619 2383 elie
1652 2343 1690 2383 si
1722 2343 1846 2384 diede

65 2408 112 2449 di
144 2412 330 2449 essortar
369 2408 401 2449 li
431 2409 610 2449 secolari
651 2408 804 2449 esterni
837 2408 861 2448 a
892 2406 971 2460 far
1011 2408 1203 2448 oratione
1245 2412 1282 2448 et
1315 2408 1420 2449 altre
1458 2421 1579 2462 opere
1607 2408 1677 2462 pie
1703 2422 1784 2463 per
1815 2408 1847 2449 Zi

65 2472 226 2528 bisoyni
250 2473 361 2515 della
378 2473 518 2515 chiesa
543 2507 550 2515 .
577 2474 601 2513 ὰ
621 2474 809 2528 Spayna,
833 2472 1010 2526 Vienna,
1040 2472 1233 2514 Toscana
1254 2477 1288 2513 et
1303 2472 1583 2527 Lombardia,
1606 2472 1841 2528 Auoustaf‘

184 2564 222 2598 Si
257 2564 338 2609 quis
372 2564 584 2599 relationem
616 2564 782 2598 Sacchini
821 2563 897 2608 (qui
933 2564 1093 2608 ipsarum
1129 2563 1333 2598 litterarum
1368 2565 1574 2610 exemplum
1608 2564 1645 2599 in
1679 2564 1846 2599 manibus

64 2618 233 2653 habuisse
259 2617 419 2662 videtur)
449 2629 530 2652 cum
556 2618 624 2652 hoc
656 2618 837 2661 „regesto“
869 2619 978 2661 atque
1004 2629 1087 2652 cum
1113 2629 1163 2661 eo,
1191 2617 1285 2662 quod
1311 2629 1421 2663 supra
1446 2630 1481 2663 p.
1500 2618 1568 2653 265
1594 2618 1751 2663 positum
1778 2620 1845 2659 est,

64 2673 101 2706 et
127 2683 207 2706 cum
227 2671 362 2706 Canisii
387 2671 521 2706 litteris
550 2671 603 2706 13.
623 2670 833 2705 Decembris
853 2671 943 2705 1561
964 2670 1164 2705 Salmeroni
1188 2671 1311 2706 missis
1337 2671 1540 2714 contulerit,
1566 2671 1675 2706 facile
1701 2671 1845 2712 dixerit,

64 2724 228 2759 Lainium
263 2725 330 2760 has
364 2724 507 2759 litteras
534 2725 686 2759 Romam
720 2724 765 2758 ad
792 2723 1039 2758 Salmeronem
1064 2724 1259 2766 vicarium,
1295 2726 1336 2759 ut
1368 2724 1483 2770 ipsius
1518 2736 1626 2770 opera
1660 2725 1697 2758 in
1730 2724 1845 2758 multa

65 2778 231 2824 exempla
267 2779 510 2823 transcriptae
548 2790 613 2823 per
648 2777 865 2812 Societatem
904 2777 1200 2821 divulgarentur,
1238 2778 1392 2812 misisse.
1443 2776 1602 2819 Quarum
1641 2777 1846 2822 exemplum

64 2832 272 2876 Augustam
307 2832 352 2866 ad
379 2831 564 2867 Canisium
591 2831 651 2865 vel
687 2842 767 2864 cum
794 2830 1013 2865 Salmeronis
1050 2831 1204 2876 epistula
1239 2831 1296 2865 22.
1323 2830 1539 2866 Novembris
1567 2831 1656 2865 1561
1693 2831 1738 2865 ad
1764 2842 1846 2864 eum

65 2885 151 2920 data
179 2885 287 2930 (quae
312 2885 408 2920 infra
430 2883 612 2930 ponetur),
638 2884 698 2918 vel
724 2895 805 2918 cum
831 2884 992 2918 eiusdem
1019 2884 1174 2930 epistula
1203 2884 1257 2919 15.
1275 2883 1486 2919 Decembris
1512 2884 1557 2918 ad
1583 2884 1734 2918 eundem
1761 2884 1845 2918 data

63 2938 125 2973 vel
149 2949 230 2973 cum
255 2941 410 2984 utraque
435 2938 586 2973 missum
613 2949 694 2972 esse
720 2948 766 2971 ex
792 2937 919 2971 iisdem
946 2938 1187 2972 monumentis
1213 2932 1420 2973 conieceris.

188 3039 199 3058 ¹
225 3037 393 3079 Lainius,
420 3047 501 3071 cum
527 3035 692 3070 Possiaci
718 3037 754 3069 et
779 3035 869 3069 Fani
897 3035 1067 3070 Germani
1094 3047 1242 3070 causam
1266 3035 1453 3080 religionis
1480 3038 1516 3070 et
1542 3035 1686 3080 publice
1713 3037 1749 3069 et
1774 3034 1844 3080 pri-

65 3091 181 3126 vatim
214 3092 466 3136 procurasset,
504 3089 586 3123 inde
621 3100 667 3122 m.
696 3087 844 3123 Octobri
878 3089 939 3124 vel
964 3089 1162 3124 Novembri
1187 3089 1348 3124 Parisios
1384 3089 1487 3124 venit
1514 3088 1728 3133 (Sacchinus
1761 3088 1786 3123 1.
1814 3100 1844 3123 c.

64 3144 90 3179 1.
116 3144 147 3186 5,
174 3156 208 3178 n.
236 3145 316 3180 208.
359 3145 487 3187 Boero,
513 3141 645 3176 Lainez
671 3153 705 3187 p.
732 3142 832 3186 240).
980 3143 992 3163 ²
1018 3142 1111 3177 Vide
1136 3154 1247 3188 supra
1273 3155 1307 3188 p.
1337 3142 1535 3178 154—155.
1564 3143 1642 3177 159.
