2093 3444
308 183 387 218 548.
424 184 554 218 Petrus
582 184 624 218 de
651 184 889 218 Ribadeneira
917 183 1071 219 Canisio.
1116 184 1242 219 Genua
1268 184 1323 218 26.
1357 184 1489 230 Aprilis
1519 185 1620 219 1561.
1773 188 1851 227 121

78 312 169 345 quae
193 301 291 335 illius
310 302 548 343 *„F0rmalae
565 300 764 335 scribendi⁸
791 301 851 345 (cf.
877 302 961 335 Can.
983 301 1071 346 Epp.
1092 301 1136 341 ΙΙ,
1164 300 1274 341 ,5824;
1301 304 1426 345 postea
1455 302 1489 334 in
1508 301 1584 335 eius
1604 301 1721 335 locum
1740 301 1855 335 altera

76 355 274 390 substituta
301 355 372 398 est)
401 355 547 399 positis:
579 354 877 396 „Animaduertat
904 366 948 388 an
975 366 1035 396 ea,
1064 366 1155 398 quae
1182 355 1318 395 scribit,
1347 355 1595 389 communibus
1621 355 1737 389 literis
1763 366 1855 398 quae

77 408 158 454 alijs
194 408 334 443 ostendi
359 410 524 453 possent,
561 419 606 442 an
632 408 752 453 potius
788 407 870 453 alijs
897 419 1058 442 seorsum
1092 408 1256 453 scriptis,
1293 408 1483 453 complecti
1520 410 1703 453 oporteat,
1739 410 1775 442 et
1810 420 1856 442 an

76 462 279 496 huiusmodi
305 473 466 496 seorsum
485 461 631 506 scriptis
649 461 765 496 literis
791 462 827 495 in
845 461 1078 506 inscriptione
1103 461 1219 495 notari
1239 462 1416 496 debeanta
1443 462 1535 505 quod
1555 461 1621 496 soli
1639 462 1855 503 scribantur,

76 527 122 550 an
147 528 217 550 non
244 527 355 560 quum
381 527 439 550 res
464 517 653 560 tantopere
689 517 869 549 secretum
902 527 970 549 non
998 515 1169 559 requirit,
1204 515 1291 549 licet
1315 514 1450 560 passim
1487 514 1568 560 alijs
1602 515 1856 550 communicari

76 581 146 603 non
173 569 346 603 debeant“
378 568 479 612 (Cod.
513 569 679 612 „Antiqu.
707 568 878 611 Ingolstf
911 570 934 602 f.
963 569 1059 611 69¹7.

197 622 331 656 Eodem
357 622 413 656 die
440 621 620 656 Polancus
647 621 762 656 Lainii
789 622 930 655 nomine
956 622 1140 655 Victoriae
1171 621 1279 664 „soli“
1309 621 1470 663 litteras,
1504 622 1633 666 quibus
1661 622 1703 656 de
1730 622 1855 656 eadem

76 675 139 710 illa
165 687 203 710 re
230 676 371 719 agebat,
399 675 516 716 misit;
544 687 634 720 quas
661 675 744 709 vide
771 675 875 717 infra,
903 687 1058 710 monum.
1086 676 1165 709 375.

198 739 364 774 Canisius
390 739 515 774 Lainio
541 739 728 784 rescripsit
754 739 785 773 3.
813 739 900 773 Maii
929 740 1031 773 1561.

902 862 1033 904 548.

419 955 483 997 P.
516 955 805 998 PETRUS
838 955 936 997 DE
971 955 1509 1008 RIBABENEIRA,

394 1036 586 1071 Societatis
612 1037 696 1071 Iesu
722 1049 786 1082 per
811 1036 981 1071 Tusciam
1008 1037 1236 1082 praepositus
1263 1036 1495 1082 provincialis
1516 1039 1533 1078 ¹,

824 1126 1099 1174 CANISIO.

722 1234 845 1270 Genua
872 1234 928 1270 26.
955 1234 1096 1282 Aprilis
1124 1234 1210 1271 1561.

196 1319 252 1354 Ex
278 1319 486 1365 apographo
512 1319 619 1353 huius
644 1319 849 1353 litterarum
876 1319 1009 1364 partis,
1046 1319 1169 1353 eodem
1195 1319 1270 1352 fere
1296 1320 1456 1364 tempore
1484 1320 1671 1362 Augustae
1698 1320 1856 1354 Vindeli-

78 1379 207 1408 corum'
228 1385 248 1408 a
275 1373 315 1408 P.
334 1374 505 1408 Hurtado
531 1374 640 1407 Perea
667 1372 701 1407 S.
722 1373 754 1407 J.
785 1372 846 1416 (ex
872 1373 1080 1418 archetypo.
1108 1376 1148 1407 ut
1174 1372 1334 1415 videtur)
1364 1372 1556 1418 exscripto.
1599 1374 1683 1408 Cod.
1711 1373 1856 1418 guelph.

83 1427 157 1470 „36.
186 1427 242 1462 24.
269 1428 382 1472 Aug.“
414 1427 439 1462 f.
468 1427 546 1461 302.

199 1505 406 1538 Sabaudiae
423 1505 499 1538 dax
517 1505 706 1538 Valdenses
722 1506 914 1547 superavit,
946 1506 1117 1537 Genevam
1139 1505 1365 1548 oppa-anaba,
1393 1505 1512 1538 Monte
1530 1505 1657 1548 Regsalz'
1675 1506 1856 1548 colleffl‘zcm

77 1560 243 1592 instituit.
294 1559 406 1592 Vallis
444 1559 617 1602 quaedam
654 1558 846 1600 subalpina
884 1557 1087 1591 haeresibus
1125 1559 1237 1591 lerata
1275 1562 1333 1592 est.
1387 1559 1428 1591 In
1465 1559 1649 1601 Hispania
1687 1559 1858 1592 haeretici

78 1613 215 1656 aliquot
240 1613 356 1656 occisi,
377 1613 604 1655 precationes
628 1612 811 1644 institutae
836 1615 929 1644 sant.

955 1695 983 1747 2,

201 1798 252 1800 —
279 1798 335 1802 ψ-
369 1772 449 1815 Gria
480 1772 589 1814 hara
621 1787 660 1815 V.
695 1787 730 1815 r.
763 1772 904 1815 inteso
945 1771 975 1813 il
1007 1772 1149 1814 buono
1192 1775 1235 1815 et
1267 1772 1337 1826 pio
1380 1772 1522 1826 anjmo
1557 1773 1626 1814 del
1659 1773 1783 1814 Duca
1816 1773 1858 1814 di

81 1839 306 1892 Saboya2‚
350 1842 394 1881 et
425 1838 469 1880 la
501 1852 660 1892 guerra
694 1839 773 1880 0110
814 1838 870 1879 113
903 1837 1016 1880 fatto
1059 1837 1147 1891 agli
1180 1837 1361 1879 heretici
1403 1838 1518 1880 della
1551 1838 1665 1880 valle
1699 1837 1739 1880 di
1772 1838 1857 1880 Lu—

81 1904 210 1947 cerab
244 1902 304 1959 [P]
321 1905 350 1955 3,
393 1907 438 1946 et
479 1904 548 1945 del
580 1904 694 1946 buon
736 1918 936 1946 successo
971 1903 1048 1945 che
1089 1917 1167 1957 per
1204 1904 1263 1944 fin
1294 1903 1402 1945 hora
1443 1903 1472 1944 il
1506 1903 1663 1957 Signor
1695 1903 1756 1957 gli
1789 1905 1856 1955 da,

197 2069 244 2073 —-
270 2069 314 2073 —
341 2049 436 2091 Iam,
464 2049 601 2094 opinor,
629 2050 670 2083 R.
690 2049 732 2083 V.
761 2049 951 2092 cognovit,
979 2048 1079 2083 ducis
1106 2048 1332 2083 Sabaudiae2
1359 2049 1529 2094 optimam
1559 2049 1735 2094 valdeque
1761 2049 1858 2094 piam

79 2115 159 2138 esse
185 2105 353 2145 mentem,
380 2114 534 2147 eumque
551 2102 746 2137 haereticis
772 2102 809 2136 in
828 2103 922 2137 valle
941 2103 1168 2137 lusernensi3
1194 2102 1409 2146 degentibus
1427 2102 1561 2137 bellum
1579 2102 1710 2137 fecisse
1736 2103 1857 2137 huius-

198 2244 212 2259 2
241 2239 301 2272 Sic
325 2250 408 2282 ap.;
431 2239 586 2281 fortasse
611 2239 816 2282 leyendum:
841 2238 959 2272 notari
986 2238 1115 2272 debeat
1143 2240 1191 2272 rel
1211 2240 1334 2282 potius
1360 2238 1524 2272 adnotari
1551 2238 1690 2272 debeat.

197 2291 213 2312 b
239 2293 300 2326 Sic
327 2293 399 2335 H.,·
423 2292 483 2325 sed
508 2292 691 2336 leyendam
718 2303 788 2325 esse
812 2293 952 2325 videtur
977 2291 1164 2334 Lucerna,·
1190 2293 1267 2325 vide
1295 2293 1412 2336 infra,
1446 2293 1566 2325 adnot.
1595 2294 1616 2325 3
1641 2292 1750 2326 hams
1769 2303 1856 2336 paq.

203 2427 213 2448 ¹
240 2427 372 2462 Petrus
399 2428 441 2462 de
467 2425 708 2461 Ribadeneira
736 2425 1024 2469 (1527-1611),
1051 2425 1254 2467 toletanus,
1281 2437 1369 2470 puer
1395 2424 1567 2459 Societati
1592 2424 1675 2459 Iesu
1700 2425 1856 2459 nondum

82 2481 315 2516 confirmatae
341 2492 380 2515 se
406 2480 574 2515 adiunxit
600 2479 754 2519 Romae,
790 2478 851 2512 ubi
886 2478 930 2512 ab
956 2478 1035 2523 ipso
1062 2478 1095 2513 S.
1124 2478 1266 2521 Ignatio
1293 2479 1336 2513 ad
1366 2479 1537 2523 pietatem
1564 2477 1755 2512 institutus
1791 2480 1856 2512 est.

81 2534 215 2569 Postea
242 2534 403 2569 eiusdem
430 2534 531 2568 iussu
558 2532 728 2574 Parisiis,
757 2531 925 2572 Lovanii,
953 2531 1098 2565 Patavii
1123 2531 1256 2566 litteris
1282 2531 1444 2574 studuit,
1470 2532 1507 2565 in
1533 2531 1699 2574 Belgium
1724 2531 1857 2565 missus

83 2590 148 2630 est,
174 2590 215 2622 ut
233 2588 453 2622 Societatem
478 2587 527 2621 ibi
553 2586 753 2627 stabiliret;
780 2585 817 2619 in
846 2585 949 2619 ltalia
977 2585 1195 2627 gravissima
1213 2584 1406 2619 Societatis
1433 2585 1552 2620 officia
1579 2584 1857 2626 administravit,

81 2643 123 2676 ut
147 2653 277 2676 munus
304 2641 500 2686 praepositi
527 2639 734 2685 provinciae
760 2640 886 2673 tuscae
916 2638 1130 2683 (Toscana),
1171 2639 1202 2673 3.
1229 2638 1446 2673 Novembris
1474 2638 1566 2672 1560
1593 2638 1624 2672 ei
1650 2638 1858 2683 impositum

86 2695 138 2738 (J.
166 2696 215 2729 M.
244 2696 333 2729 Prat
359 2694 393 2729 S.
422 2694 475 2735 J.‚
511 2693 670 2727 Histoire
707 2693 753 2726 du
789 2691 881 2726 Pere
908 2692 1160 2737 Ribadeneyra
1196 2691 1315 2735 [Paris
1353 2691 1458 2736 1862]
1494 2703 1528 2736 p.
1558 2690 1782 2735 146—147);
1821 2690 1858 2725 in

82 2748 269 2794 Hispania,
296 2748 332 2782 in
359 2759 466 2792 quain
493 2758 524 2781 a.
556 2747 647 2780 1574
672 2745 788 2785 rediit,
815 2744 949 2779 multos
974 2744 1085 2779 libros
1111 2745 1243 2790 partim
1269 2745 1392 2786 latine,
1420 2745 1552 2790 partim
1572 2744 1858 2779 Castellanorum

83 2813 247 2836 sermone
276 2801 328 2844 (hi
354 2801 390 2834 in
416 2799 633 2845 scriptorum
660 2799 894 2833 classicorum
929 2810 1078 2832 numero
1115 2810 1194 2832 eum
1230 2798 1410 2841 referunt)
1450 2798 1595 2841 egregie
1634 2798 1858 2842 conscripsit,

82 2856 178 2889 inter
213 2866 303 2899 quos
338 2854 497 2888 eminent
521 2853 630 2887 Vitae
657 2852 690 2887 S.
717 2851 851 2896 Ignatii
877 2851 1040 2893 Loiolae‚
1077 2851 1110 2886 S.
1146 2851 1333 2886 Francisci
1370 2852 1541 2895 Borgiae,
1578 2851 1697 2885 Iacobi
1732 2850 1858 2891 Lainii,

86 2908 281 2951 Catalogus
316 2907 533 2952 scriptorum
560 2905 595 2941 S.
623 2906 678 2947 J.,
717 2905 820 2947 „Flos
852 2904 1108 2946 Sanctorum“;
1147 2905 1190 2939 de
1226 2905 1357 2949 quibus
1392 2905 1475 2939 vide
1510 2905 1558 2938 H.
1585 2905 1725 2938 Hui-ter
1750 2904 1784 2938 S.
1813 2904 1857 2945 J.,

83 2961 339 2996 Nomenclator
372 2959 556 2995 literarius
589 2958 801 2993 recentioris
835 2958 1039 3002 theologiae
1072 2958 1271 2993 catholicae
1297 2958 1313 2992 Ι
1342 2957 1412 3002 (ed.
1440 2958 1473 2992 2.
1510 2957 1710 3002 Oeniponte
1738 2956 1859 3001 1892),

85 3015 284 3056 220—221‚
311 3016 348 3048 et
374 3013 641 3057 Sommervoyel,
669 3011 760 3046 Bibl.
787 3011 849 3053 VI,
879 3011 1127 3046 1724—1758.

205 3068 218 3088 ²
244 3066 489 3101 Emmanuelis
515 3065 706 3100 Philiberti
735 3065 1017 3109 (1553—1580).

205 3121 219 3141 ³
244 3120 285 3154 In
309 3120 558 3154 lusernensem
587 3118 708 3163 (Valle
735 3118 770 3152 di
796 3118 968 3159 Luserna,
999 3130 1094 3152 nunc
1120 3117 1328 3163 provinciae
1353 3116 1574 3151 taurinensis
1599 3116 1702 3160 regni
1727 3116 1855 3161 italici)

86 3173 246 3218 aliasque
273 3173 449 3218 quasdam
474 3172 592 3207 valles
618 3170 828 3217 subalpinas
865 3173 901 3206 et
935 3171 1158 3216 principibus
1193 3170 1466 3216 pedemontanis
1500 3169 1683 3204 subiectas
1718 3170 1800 3204 inde
1839 3181 1859 3204 a
