2093 3444
228 229 386 263 Monum.
415 228 591 272 (august.)
621 228 701 263 248.
732 228 778 272 (A
807 229 837 263 1.
865 228 1021 262 Ianuarii
1050 228 1137 263 1561
1167 228 1211 262 ad
1238 228 1293 262 31.
1321 227 1529 262 Decembris
1557 227 1674 271 1562.)
1753 228 1838 270 615

66 343 222 379 nemlich
247 342 289 378 N.
317 342 517 384 Renuerin,
554 343 632 377 eine
667 355 737 377 von
765 343 874 385 Adel,
909 344 981 377 und
1007 343 1227 387 Magdalena
1252 343 1506 387 Rehlingerin,
1547 343 1663 377 dieses
1690 343 1840 378 letztere

67 396 250 432 erwahlet.
300 395 373 430 Des
411 395 527 430 Raths
566 396 755 440 Deputirte
793 408 836 431 zu
876 397 1009 431 diesem
1047 396 1233 431 Geschafft
1266 408 1386 430 waren
1421 395 1609 430 Leonhard
1646 396 1839 442 Christoph

65 450 264 494 Rehlinger
290 449 362 483 und
388 448 598 483 Matthaeus
625 449 800 484 Welser.“

187 508 355 543 Ceterum
380 508 498 542 nescio
526 519 580 549 an,
608 507 669 541 ubi
695 507 732 542 in
758 508 848 542 libro
875 508 1044 543 Stettenii
1070 509 1213 552 legitur,
1241 508 1415 543 moniales
1442 519 1523 542 eum
1549 509 1641 550 aliis,
1669 508 1840 543 cancellis

65 561 299 607 interpositis,
326 561 424 605 loqui
449 561 586 595 vetitas
612 573 702 602 esse,
731 561 943 602 emendatio,
971 562 1081 596 verba
1108 562 1257 604 „anders
1276 561 1350 596 als“
1373 561 1432 596 vel
1450 561 1583 595 similia
1601 563 1684 595 ante
1707 561 1840 603 „durch

66 616 130 650 das
157 615 295 649 eiserne
322 614 460 649 Gitter“
491 614 669 659 ponendo,
698 614 899 648 adhibenda
926 615 991 656 sit,
1018 615 1069 649 ita
1096 617 1135 649 ut
1161 615 1320 649 dicatur:
1348 615 1526 649 Effectum
1553 626 1650 657 esse,
1677 618 1718 648 ut
1744 615 1839 649 clau-

64 680 171 703 surae
196 669 257 703 lex
282 667 488 711 religiosius
515 668 770 702 observaretur
805 668 902 709 sive,
937 671 977 702 ut
1005 668 1139 702 Gasser
1174 668 1243 710 ait,
1278 668 1452 702 moniales
1490 668 1646 711 „arctius
1682 668 1840 702 inclusas

65 723 180 764 esse“,
215 722 267 756 ita
292 723 332 756 ut
358 733 440 756 cum
466 721 626 755 externis
653 721 808 765 colloqui
834 732 904 755 non
931 724 1077 765 possent
1103 721 1172 756 nisi
1206 734 1269 767 per
1304 721 1483 756 cancellos
1517 721 1750 767 interpositos
1789 721 1839 765 (id

66 776 160 820 quod
185 776 346 810 severior
370 775 434 809 illa
460 774 538 809 sive
571 774 764 820 „papalis“.
799 776 840 808 ut
876 774 1016 816 dicunt,
1054 775 1311 816 Clarissarum,
1344 775 1659 809 Dominicanarum
1691 775 1840 809 secundi

65 828 218 871 ordinis,
255 840 345 873 quas
380 830 528 870 vocant,
566 828 717 862 aliarum
742 827 950 862 monialium
978 828 1145 862 clausura
1170 840 1264 863 nunc
1292 840 1432 873 quoque
1458 828 1596 872 habet).
1648 828 1741 862 Nam
1767 840 1839 862 mo—

64 883 179 917 niales
206 882 240 917 S.
269 881 485 916 Catharinae
512 881 606 915 omni
632 892 780 926 prorsus
807 892 887 915 611111
915 881 994 915 aliis
1021 883 1234 916 commercio
1260 882 1460 927 prohibitas
1486 893 1584 924 esse,
1611 881 1707 916 haud
1733 881 1840 916 facile

66 937 122 970 est
148 936 312 977 credere,
347 935 562 980 praesertim
599 946 679 969 cum
714 934 803 968 satis
831 936 990 976 constet,
1030 935 1136 979 paulo
1162 937 1244 980 post
1268 935 1394 969 Annae
1420 935 1614 969 Iacobaeae
1641 935 1839 979 Fuggeme,

66 989 225 1024 eiusdem
252 988 463 1023 monasterii
489 988 633 1032 virgini,
660 987 877 1033 permissum
904 999 994 1029 esse,
1021 991 1060 1022 111
1087 1000 1168 1022 611111
1196 988 1349 1032 Georgio
1376 991 1478 1033 patre
1503 988 1730 1033 loqueretur3
1756 988 1839 1023 vide

64 1042 170 1085 infra,
197 1054 353 1077 monum.
381 1042 460 1076 272.

184 1101 286 1136 Licet
311 1104 433 1136 autem
453 1100 587 1135 Gasser
613 1099 831 1135 severiorem
857 1101 950 1135 hanc
978 1101 1203 1146 disciplinam
1230 1113 1260 1135 a.
1283 1102 1372 1136 1563
1399 1101 1603 1136 institutam
1630 1113 1709 1136 esse
1733 1101 1839 1142 (licat,

64 1155 135 1190 iam
163 1167 194 1190 a.
224 1156 315 1190 1562
341 1155 387 1196 id,
414 1166 584 1198 magnam
610 1154 740 1188 saltem
766 1156 925 1199 partem,
953 1154 1090 1188 factum
1116 1166 1213 1196 esse,
1241 1154 1388 1189 Polanci
1415 1157 1451 1189 et
1476 1155 1682 1189 Elderensis
1708 1155 1840 1189 litteris

64 1220 174 1255 supra
200 1209 328 1254 positis
354 1208 445 1243 satis
470 1210 605 1242 certum
626 1207 792 1250 efficitur,
820 1208 1031 1252 praesertim
1052 1220 1132 1242 cum
1150 1208 1185 1241 in
1205 1207 1385 1242 Sociorum
1406 1211 1690 1252 augustanorum
1708 1209 1840 1243 litteris

65 1263 109 1297 ad
137 1274 168 1297 a.
198 1263 290 1297 1563
317 1262 566 1307 spectantibus
595 1261 704 1305 (quae
730 1261 875 1305 quidem
902 1261 1018 1295 adhuc
1045 1261 1206 1304 exstant)
1236 1261 1325 1295 nihil
1352 1262 1422 1296 iam
1450 1274 1491 1296 ea
1526 1262 1569 1296 de
1604 1274 1641 1296 re
1680 1262 1838 1302 dicatur3

63 1327 180 1360 neque
206 1318 329 1350 tamen
355 1317 440 1350 ante
467 1327 498 1349 a.
529 1315 619 1349 1563
646 1315 691 1349 lis
718 1315 912 1359 priorissae
946 1326 966 1348 a
1002 1315 1126 1359 paucis
1160 1315 1232 1349 illis
1267 1315 1481 1350 monialibus
1516 1315 1682 1350 oboedire
1720 1315 1839 1349 nolen-

64 1370 161 1404 tibus
187 1371 285 1404 mota
311 1369 506 1403 diiudicata
534 1380 614 1403 esse
640 1368 796 1402 videtur.

183 1428 324 1463 Paucas
350 1430 492 1462 tantum
518 1427 692 1461 moniales
718 1438 849 1461 novam
876 1427 974 1462 illam
1001 1427 1226 1473 disciplinam
1253 1428 1475 1463 detrectasse
1501 1430 1538 1463 et
1563 1440 1584 1462 a
1607 1428 1718 1462 Paulo
1746 1427 1839 1463 Stet-

64 1482 161 1517 tenio
188 1484 413 1528 protestante
439 1481 629 1527 perspicue
663 1481 867 1515 affirmatur
903 1484 939 1515 et
974 1480 1180 1515 Elderensis
1215 1481 1388 1516 relatione
1427 1482 1671 1516 confirmatur.
1722 1480 1839 1523 Quare

63 1536 116 1570 rei
142 1538 246 1570 actae
271 1535 416 1570 modum
443 1534 643 1569 excessisse
671 1534 842 1569 dicendus
869 1537 926 1569 est
956 1535 991 1568 C.
1019 1536 1053 1568 J.
1076 1536 1281 1579 Wayensee’h
1308 1547 1388 1569 cum
1414 1535 1559 1570 scribit:
1592 1535 1674 1579 „[Es
1700 1534 1837 1579 wurde]

65 1589 122 1623 die
147 1589 262 1634 Regel
287 1589 479 1633 ungemein
506 1588 692 1632 gehartet‚
729 1600 768 1622 so
795 1588 880 1623 dass
907 1600 944 1622 es
970 1588 1134 1633 beynahe
1162 1589 1239 1622 eine
1265 1589 1564 1632 Auswanderung
1591 1589 1654 1623 der
1678 1589 1839 1623 Kloster—

64 1643 193 1677 frauen
218 1655 280 1677 zur
306 1643 418 1686 Folge
443 1642 564 1676 116116ι
583 1656 589 1677 ;
616 1641 782 1676 Versuch
811 1641 908 1676 einer
927 1641 1145 1676 Geschichte
1172 1642 1234 1676 der
1255 1642 1359 1676 Stadt
1377 1642 1573 1686 Augsburg
1591 1643 1607 1676 Ι
1628 1642 1840 1686 (Augsburg

67 1696 187 1740 1819),
214 1697 294 1732 388.

767 1793 817 1847 b)
861 1793 1131 1837 Contiones.

886 1906 1017 1948 248.

513 1995 542 2032 A
567 1996 592 2032 l.
619 1995 787 2033 Ianuarii
812 1996 888 2034 1561
915 1997 961 2034 ad
987 1997 1034 2034 31.
1061 1996 1270 2034 Decembris
1296 1996 1391 2033 1562.

188 2086 355 2119 chu'sius
380 2088 487 2120 annis
515 2088 605 2120 1561
632 2091 661 2120 et
689 2089 782 2120 1562
807 2089 983 2131 quotiens,
1015 2088 1095 2131 ubi,
1123 2099 1193 2131 qua
1221 2089 1359 2120 ratione
1385 2088 1607 2121 contionatus
1631 2090 1687 2122 sit.
1742 2089 1838 2130 Quae

66 2139 218 2173 eiusdem
244 2141 421 2173 contiones
448 2141 619 2183 quomodo
644 2142 798 2184 scriptae
823 2142 940 2174 adhuc
966 2145 1106 2174 exstent.
1158 2141 1316 2174 Plurimi
1340 2152 1515 2174 sermones
1540 2152 1618 2174 cum
1645 2142 1840 2175 catechetici

64 2196 140 2226 tum
164 2194 232 2226 am
255 2194 370 2227 sacris
396 2194 578 2227 Adventus
603 2198 633 2227 et
662 2195 963 2238 Quadrayesz'mae.
988 2195 1202 2238 temporibus
1228 2195 1271 2227 ab
1298 2204 1335 2227 eo
1360 2195 1483 2228 habiti.
1527 2195 1616 2228 Bini
1641 2195 1757 2228 eodem
1783 2195 1839 2228 die

64 2247 214 2280 recitati.
269 2247 437 2280 Canisius
474 2248 516 2280 de
552 2248 658 2292 longua
697 2249 856 2281 absentia
892 2259 928 2282 se
960 2252 1106 2291 pao-yae.
1158 2248 1267 2291 Apud
1304 2248 1562 2282 Dominicanos
1599 2250 1838 2282 contionatur.

63 2299 148 2333 Non
173 2300 259 2333 dicit
283 2301 389 2334 solus.
440 2301 637 2344 Evanyeliu
664 2306 694 2335 et
718 2302 901 2345 Epistolas
935 2313 978 2334 ac
1012 2303 1151 2335 dierum
1184 2302 1356 2343 festorum
1390 2303 1547 2334 rationes
1581 2303 1734 2345 exponit.
1786 2302 1840 2335 De

65 2357 217 2386 extremo
243 2355 389 2398 iudicio,
417 2359 446 2388 et
465 2352 729 2398 „particularffl
750 2360 779 2388 et
794 2356 964 2399 yenerale}
992 2366 1033 2388 ac
1051 2356 1092 2388 de
1110 2355 1277 2397 Decaloyc·
1288 2356 1489 2398 praeceptis
1509 2357 1552 2398 1.‚
1578 2357 1623 2398 2.,
1651 2358 1682 2389 3.
1710 2356 1838 2389 multas

65 2408 242 2440 contiones
266 2407 378 2441 habet.
431 2408 616 2442 Sermones
641 2409 682 2442 de
707 2409 958 2452 indulqentiis,
997 2409 1163 2453 concilio,
1200 2409 1437 2453 eucharestia,
1467 2409 1753 2452 processionibus
1778 2413 1836 2442 etc.

64 2460 247 2493 Numerus
273 2462 484 2495 contionum.

185 2557 250 2598 De
291 2555 460 2598 Canisio
503 2557 766 2599 cathedralis
808 2557 1018 2600 ecclesiae
1063 2560 1335 2610 augustanae
1378 2556 1677 2600 contionatore
1719 2556 1837 2610 (vide

69 2621 173 2663 Can.
207 2621 317 2675 Epp.
351 2621 416 2672 H,
460 2621 714 2676 834—865)
747 2623 793 2666 P.
828 2624 1060 2665 Hurtadus
1091 2624 1224 2664 Perea
1257 2623 1297 2664 S.
1331 2622 1371 2664 J.
1406 2622 1609 2676 Augusta
1641 2623 1836 2665 Vindeli-

67 2700 214 2728 corum
249 2688 317 2729 15.
341 2686 490 2729 Martii
525 2688 635 2729 1561
672 2687 804 2741 (quod
835 2691 940 2731 tunc
973 2691 1068 2731 erat
1100 2689 1330 2730 sabbatum
1363 2691 1466 2730 ante
1499 2687 1770 2730 Dominicam
1802 2689 1834 2732 I.

66 2750 453 2805 Quadragesimae)
485 2752 621 2806 ipsius
652 2753 772 2795 iussu
804 2754 859 2796 ad
891 2753 1089 2796 Lainium
1122 2753 1317 2807 scripsit:
1363 2753 1525 2807 „Sopra
1557 2754 1597 2794 le
1632 2754 1686 2795 .4.
1720 2753 1835 2795 ordi-

65 2816 187 2858 narie
218 2816 422 2871 prediche
452 2817 497 2859 la
534 2818 791 2870 settimana,
835 2819 892 2861 ha
924 2819 1106 2873 pigliato
1148 2819 1301 2860 adesso
1342 2820 1520 2860 assunto
1562 2818 1604 2860 di
1635 2818 1837 2872 predicar

66 2881 179 2924 altre
210 2883 280 2924 tre
320 2882 439 2924 uolte
471 2883 582 2938 dopo
622 2884 653 2925 il
684 2898 843 2938 pranso
876 2885 992 2926 nella
1024 2884 1230 2926 Dottrina
1262 2883 1529 2934 Christiana,
1570 2883 1602 2925 il
1640 2883 1718 2925 che
1751 2897 1835 2937 qua

65 2961 152 2989 non
184 2946 220 2988 si
251 2946 430 2989 faceua“
468 2946 586 3000 (vide
618 2963 750 3004 supra
781 2964 822 3004 p.
849 2950 937 3003 72).
982 2950 1127 3002 Atque
1160 2949 1206 2991 P.
1243 2949 1494 2991 qu‘lielmus
1517 2949 1703 2991 Elderen
1727 2949 1768 2992 S.
1792 2950 1832 2992 J.

64 3011 109 3053 in
140 3011 302 3054 litteris
332 3012 550 3055 historicis
582 3013 1008 3068 (quadrimestribus)
1033 3014 1184 3055 domus
1207 3014 1248 3057 S.
1273 3013 1312 3056 J.
1337 3016 1610 3067 augustanae
1632 3012 1835 3067 Augusta

67 3077 106 3119 8.
129 3077 235 3119 Maii
261 3079 370 3120 1561
400 3077 536 3121 datis:
576 3079 649 3130 „In
671 3079 1013 3133 Quadragesima
1035 3078 1276 3134 proxima“‚
1310 3079 1478 3132 inquit‚.
1502 3081 1832 3134 „praeterquam

67 3143 180 3195 quod
212 3142 442 3197 ordinarijs
475 3144 751 3186 concionibus
784 3145 917 3187 Pater
951 3142 1277 3199 [Prouincialis]
1311 3158 1485 3198 operam
1519 3144 1656 3195 dedit,
1691 3144 1834 3199 coepit

67 3206 200 3250 etiam
223 3207 540 3250 Catechismum
567 3210 799 3264 explicare,
834 3212 883 3251 vt
915 3212 1018 3252 ante
1050 3212 1095 3252 et
1115 3212 1216 3264 post
1237 3209 1465 3263 prandium
1497 3210 1541 3251 in
1562 3210 1834 3253 hebdomada
