2093 3444
234 172 319 214 308
758 171 836 205 635.
874 170 1040 205 Canisius
1066 169 1249 215 Alphonso
1276 169 1488 204 Salineroni.

232 287 499 321 moderatorum
534 287 634 321 iussa
660 298 767 331 quam
803 287 1012 332 plenissime
1048 288 1328 331 exsequeretur,
1367 299 1437 320 11011
1473 286 1588 321 30111111
1616 287 1909 329 monacensibus,
1947 288 2011 322 sed

233 341 398 375 omnibus
424 340 538 375 Sociis
564 340 632 375 sibi
659 340 831 375 subiectis
856 340 1101 381 mandaverit,
1128 342 1178 381 ut,
1206 340 1381 384 quomodo
1408 339 1560 384 quisque
1587 351 1674 384 erga
1699 352 1840 375 sacram
1866 341 2010 386 expedi-

232 395 366 428 tionem
393 393 548 428 indicam
575 394 727 428 affectus
754 395 861 435 esset,
889 393 932 428 ad
959 405 998 427 se
1024 393 1207 428 scriberet.
1252 393 1307 427 Ex
1335 393 1464 437 quibus
1490 393 1659 437 igniculis
1686 393 1791 428 ardor
1816 394 1876 428 ille
1902 396 2010 430 natus

233 449 298 489 est,
326 459 395 492 quo
419 448 575 482 maxime
602 447 757 482 saeculis
774 446 906 481 XVIII.
926 449 962 480 et
979 447 1074 480 XIX.
1094 446 1199 480 multi
1218 446 1432 481 Germaniae
1459 446 1654 491 superioris
1673 446 1766 481 Socii
1792 447 2009 490 legationem

232 500 332 535 illam
369 501 553 546 petierunt
593 503 702 545 atque
738 500 875 534 Indiam
914 500 1144 539 orientalem,
1187 500 1388 544 Iaponiam,
1428 499 1569 541 Sinam,
1607 500 1766 535 Africam
1801 501 2009 542 centralem‚

232 554 437 589 Americam
469 554 738 589 meridionalem
774 553 966 588 sudoribus
1003 553 1209 598 apostolicis
1246 555 1281 588 et
1314 554 1511 596 irrigarunt-
1546 555 1582 588 et
1607 553 1724 588 adhuc
1760 554 1930 598 irrigant;
1965 554 2008 589 de

233 608 362 652 quibus
389 608 472 643 vide
499 610 582 642 Ant.
611 609 786 642 Huonder
812 606 845 641 S.
866 607 910 648 J.‚
937 606 1120 641 Deutsche
1147 607 1527 641 Jesuitenmissionare
1553 607 1616 641 des
1646 607 1698 641 17.
1726 607 1796 641 und
1826 607 1879 642 18.
1904 607 2008 642 Jahr-

231 662 409 696 hunderts
438 662 631 706 (Freiburg
657 662 678 695 i.
707 662 765 695 Br.
796 659 903 703 1899)
934 673 966 705 p.
997 660 1195 695 105—204.

1054 777 1184 818 635.

973 871 1269 918 CANISIUS

680 969 1078 1013 ALPHONSG
1114 969 1559 1022 SALMERONI,

789 1051 922 1086 vicario
950 1051 1108 1095 generali
1138 1051 1330 1085 Societatis
1357 1052 1448 1086 Iesu.

658 1134 827 1181 Augusta
853 1133 1128 1169 Vindelicornm
1155 1133 1212 1169 30.
1240 1133 1453 1170 Novembris
1480 1133 1565 1170 1561.

353 1218 405 1252 Ex
432 1219 639 1263 apographo
666 1218 800 1252 recenti
821 1218 895 1261 (A),
923 1219 1015 1262 quod
1044 1231 1088 1252 ex
1115 1217 1270 1262 epistula
1299 1217 1467 1263 (excepta
1493 1217 1741 1263 inscriptione)
1770 1219 2003 1264 autographa,

231 1272 265 1305 in
292 1272 367 1306 cod.
399 1272 458 1314 ἩΕ.
489 1272 524 1306 C.
554 1272 587 1306 1*
620 1272 643 1307 f.
674 1273 740 1306 144
766 1274 801 1306 et
827 1283 880 1316 sq.
909 1284 977 1305 11011
1003 1272 1095 1315 sign.
1126 1271 1174 1315 (n.
1203 1272 1263 1314 99)
1291 1271 1418 1316 posita.
1447 1272 1668 1316 exscriptum
1695 1274 1760 1307 est.

351 1325 481 1359 Exstat
500 1325 608 1359 etiam
628 1325 780 1359 alterum
799 1325 1046 1370 apographum
1070 1324 1142 1368 (B),
1162 1325 1254 1368 quod
1274 1325 1339 1359 sub
1359 1336 1389 1359 a.
1412 1324 1502 1359 1860
1521 1330 1669 1359 curante
1683 1326 1797 1359 Boero
1815 1337 1860 1360 ex
1879 1326 2003 1361 eodem

229 1378 465 1424 autographo,
492 1379 687 1423 scriptione
713 1378 756 1412 ad
784 1381 927 1413 nostrae
955 1379 1085 1412 aetatis
1112 1390 1245 1412 morem
1274 1378 1552 1420 accommodata,
1580 1379 1838 1424 transcriptum
1865 1381 1930 1413 est.

325 1500 328 1503 Ι
349 1458 591 1490 Personarum
615 1459 824 1490 ›nutatione-s·
852 1458 885 1489 1311
907 1457 1058 1499 commiss
1076 1457 1327 1489 vindobonensi
1353 1460 1382 1489 et
1406 1457 1584 1499 praqensl.
1624 1456 1769 1490 Scholae
1793 1457 2004 1500 theoloqicae

230 1511 265 1543 ῐη
295 1511 434 1554 colleye'o
463 1511 719 1544 vindobonensi.
760 1510 892 1543 Caesar
917 1511 1059 1551 filiabus
1088 1511 1290 1552 umentibus
1319 1511 1457 1543 Patrem
1482 1511 1582 1543 Auet·
1603 1511 1689 1553 petit
1715 1510 2000 1544 contionatorem.

232 1564 500 1598 C'ontzbnatmvs
536 1566 654 1607 masam
689 1566 932 1597 aestimantur.
986 1565 1082 1597 Socie·
1117 1576 1158 1596 1²1¹
1185 1564 1325 1606 colleyae'o
1361 1564 1552 1597 rolom'ensc
1588 1565 1757 1597 mittendi.
1812 1564 2001 1607 Colleyt'um

229 1619 514 1661 oem'pontamtm.
571 1618 804 1661 l’ragsensuvms
829 1619 968 1650 tandem
997 1619 1219 1650 contionatur
1245 1618 1406 1651 bohemus
1432 1618 1545 1650 Roma
1572 1618 1767 1651 mittendus.

1112 1721 1119 1750 1

487 1777 580 1818 Pax
612 1776 770 1819 Christi
803 1776 1025 1818 nobiscum
1060 1776 1289 1818 admodum
1324 1776 1578 1818 Reuerende
1611 1776 1742 1818 Pater

346 1859 507 1913 Accepi
535 1861 584 1901 15
620 1859 778 1901 mensis
811 1859 936 1901 huius
969 1859 1107 1902 datas,
1154 1860 1210 1901 Et
1236 1858 1353 1901 Patri
1384 1859 1553 1912 quidem
1578 1858 1798 1902 Victoriae
1831 1858 1996 1914 scripsi,

229 1926 275 1966 ut
308 1924 496 1978 Pragam
537 1939 583 1966 30
617 1924 856 1973 conferret,
899 1924 1024 1967 sicuti
1067 1924 1328 1979 postulauit,
1372 1927 1505 1978 utque
1538 1924 1642 1967 Doc.
1677 1924 1965 1967 Christianum
1986 1925 1999 1952 1

227 1990 376 2032 eodem
411 1990 626 2041 mitteret,
671 2004 795 2044 quem
830 1990 880 2033 D.
915 1990 1107 2032 Paulus2
1140 1992 1367 2045 expectat,
1410 1993 1459 2032 vt
1492 1993 1590 2044 post
1623 1989 1714 2032 eius
1747 1990 1996 2041 aduentum,

226 2055 376 2098 statim
410 2055 621 2097 Viennam
655 2056 785 2098 adeat
816 2055 1013 2098 Rcctoris
1046 2070 1201 2097 munus
1235 2055 1441 2098 obiturus.
1488 2056 1617 2097 Forte
1650 2069 1762 2097 nunc
1784 2055 1997 2098 Viennam

226 2121 486 2175 peruenerit.
551 2121 726 2175 Vrgebo
760 2124 970 2174 quantum
1002 2121 1094 2163 fieri
1127 2120 1309 2175 poterit,
1344 2124 1393 2163 vt
1426 2121 1471 2163 P.
1507 2120 1703 2163 Victoria
1734 2121 1998 2164 Rectoratus

225 2200 403 2228 munere
436 2200 563 2239 quam
597 2186 782 2241 primum
815 2186 1035 2235 liberetur,
1070 2186 1182 2228 sicut
1215 2187 1378 2228 Romae
1412 2186 1695 2228 constitutum
1728 2188 1807 2229 est.
1854 2185 1998 2240 Redijt

226 2265 338 2292 1111110
384 2252 487 2293 Doc.
528 2251 715 2294 Lanoius
759 2266 812 2293 cx
857 2250 1035 2294 Austria
1080 2252 1207 2293 simul
1253 2254 1297 2293 et
1338 2251 1538 2302 Boemia,
1586 2251 1651 2293 cui
1696 2265 1781 2293 non
1825 2251 1998 2294 videtur

226 2317 272 2358 P.
297 2316 522 2359 Hurtadus
546 2317 715 2359 Vienna
747 2317 1016 2359 reuocandus
1040 2317 1240 2370 Pragam,
1276 2317 1388 2370 quod
1411 2317 1606 2358 Viennae
1628 2316 1812 2370 primum
1841 2316 1996 2358 librum

226 2381 460 2434 Magistri³
492 2382 702 2424 fratribus
734 2382 973 2436 praelegat,
1010 2385 1053 2424 et
1086 2381 1241 2436 studijs
1274 2382 1416 2436 potius
1449 2396 1576 2435 quam
1611 2381 1759 2436 offitijs
1791 2381 1888 2424 istis
1920 2381 1997 2424 ad-

224 2446 435 2488 hibendus
468 2447 680 2491 uideatur.
725 2447 899 2490 Interea
931 2447 987 2490 M.
1022 2447 1289 2489 Lodoicum4
1323 2448 1490 2500 Pragae
1523 2461 1634 2488 nouo
1668 2446 1874 2489 Rectori5
1906 2446 1997 2488 suf-

225 2511 441 2554 fecturum
473 2512 566 2554 loco
590 2511 778 2554 Ministri
810 2515 949 2566 putat.
994 2512 1134 2562 Quare
1157 2512 1203 2554 ‘si
1232 2512 1283 2554 R.
1308 2512 1360 2555 V.
1394 2511 1457 2554 ita
1489 2511 1703 2562 uideatur,
1738 2512 1792 2553 ad
1823 2513 1997 2566 tempus

225 2576 514 2632 probabimus,
548 2577 759 2630 quomodo
784 2577 945 2620 Rector
968 2577 1200 2631 Pragensis
1227 2578 1388 2630 absque
1412 2577 1468 2620 M.
1493 2577 1693 2619 Hurtado
1726 2590 1821 2619 sese
1853 2579 1993 2631 gerat.

226 2642 394 2685 Scribet
434 2642 630 2696 proxime
663 2643 766 2685 Doc.
801 2643 987 2685 Lanoius
1027 2643 1079 2685 de
1111 2644 1205 2685 toto
1243 2644 1364 2685 statu
1395 2642 1622 2696 Vtriusque
1664 2641 1846 2696 collegij,
1881 2641 1995 2695 quod

225 2721 321 2749 meo
364 2707 514 2750 inuisit
557 2707 740 2750 nomine.
814 2707 1023 2750 Dominus
1070 2721 1228 2749 nouam
1275 2707 1386 2750 hanc
1431 2708 1665 2750 Rectorum
1709 2707 1994 2750 mutationem

224 2772 348 2814 nobis
380 2773 532 2815 vtilem
564 2772 698 2815 faciat
710 2778 736 2816 ³³.
792 2772 852 2816 Vt
884 2775 1031 2815 autem
1062 2773 1239 2815 liberius
1272 2775 1377 2827 agat
1409 2773 1513 2815 Doc.
1548 2772 1708 2814 Paulus
1740 2772 1783 2814 in
1814 2785 1993 2814 munere

225 2837 501 2885 Rectoratus,
536 2837 739 2892 expediet
770 2837 883 2880 forte
916 2838 971 2880 ad
1002 2839 1049 2882 P.
1073 2838 1313 2881 Victoriam
1346 2838 1546 2886 scribere,
1581 2851 1803 2892 quousque
1834 2836 1994 2880 limites

343 2953 357 2968 ὃ
384 2948 494 2982 fariat
520 2950 564 2982 A.

349 3049 356 3067 ¹
384 3046 540 3081 Rivium.
688 3047 701 3068 ²
727 3046 907 3081 Hoffaeus.

345 3101 358 3120 ³
383 3100 526 3134 Primus
553 3112 571 3134 e
599 3101 768 3144 quattuor
784 3099 857 3134 illis
888 3099 1024 3142 „Libris
1042 3099 1324 3134 sententiaruni“
1349 3098 1448 3133 Petri
1465 3097 1656 3132 Lombardi
1675 3097 1717 3131 de
1736 3096 1810 3131 Deo
1827 3097 1905 3142 ipso
1924 3098 1988 3132 est.

345 3155 358 3174 ¹
387 3153 608 3194 Bacretium;
636 3153 719 3188 vide
745 3164 855 3198 supra
880 3165 913 3198 p.
943 3153 1009 3188 186
1021 3153 1043 3187 ³.
1143 3153 1156 3173 ⁵
1181 3152 1220 3186 P.
1249 3152 1403 3186 Henrico
1431 3150 1630 3186 Blissemio.
