2093 3444
182 206 340 240 Monum.
372 205 606 250 (augustana)
638 206 717 241 232.
748 207 792 251 (A
820 219 865 241 111.
893 207 1024 242 Martio
1055 208 1143 243 1559
1171 208 1214 242 ad
1241 220 1287 242 m.
1314 209 1449 242 Maium
1476 221 1506 243 a.
1537 209 1653 252 1561.)
1727 213 1811 253 593

44 333 152 366 supra
178 333 210 366 p.
241 322 366 364 1482);
397 332 502 365 quem
529 324 612 356 ante
639 334 683 355 m.
713 323 904 357 Octobrem
932 336 962 358 a.
993 325 1102 361 1560.
1129 325 1159 358 si
1186 337 1256 358 non
1282 325 1392 370 prius,
1419 327 1585 369 Augusta
1611 326 1728 360 abisse
1755 329 1812 360 sat

45 377 180 408 certum
208 377 263 409 est
291 375 397 419 (Can.
424 374 514 420 Epp.
541 375 585 416 H,
611 376 691 410 4:36.
720 377 801 411 524.
829 378 906 411 746.
935 378 1013 412 776.
1041 378 1120 412 838.
1148 378 1247 419 843).
1299 378 1337 412 P.
1366 378 1581 413 Guilielmus
1607 382 1727 413 autem
1754 379 1811 413 El-

44 428 152 461 deren
181 427 239 472 (de
266 439 334 472 quo
363 428 448 462 Can.
477 428 566 473 Epp.
593 429 627 469 Ι,
654 429 742 467 414;
770 430 822 471 H,
850 430 955 474 6072)
984 443 1029 464 m.
1058 431 1222 466 Ianuario
1249 443 1279 466 a.
1310 432 1419 472 1560,
1446 431 1477 465 si
1503 444 1572 466 non
1599 435 1701 474 ante,
1731 445 1811 468 cum

45 480 187 515 Canisio
213 481 337 515 vivere
364 481 482 526 coepit
510 482 548 524 (1.
576 493 605 515 0.
632 482 675 523 H,
704 483 782 516 694.
812 484 889 517 763.
920 484 985 517 ³345
1014 489 1110 527 etc).
1154 485 1209 518 Ad
1236 496 1341 529 quem
1368 497 1413 519 111.
1441 485 1634 519 Februario
1661 498 1690 520 a.
1721 487 1809 521 1561

44 533 83 568 P.
111 533 297 568 Hurtadus
323 534 433 568 Perez
459 535 614 569 accessit
643 536 691 578 (v.
719 547 828 580 supra
855 549 887 581 p.
915 538 969 571 56.
999 537 1072 581 58).
1115 538 1310 572 Praeterea
1337 538 1521 580 Canisius,
1549 540 1578 573 si
1606 552 1674 573 non
1701 540 1811 585 prius,

45 589 142 621 certe
168 587 249 621 inde
276 600 295 621 a
321 600 368 622 111.
395 589 561 631 Augusto
590 589 680 623 1560
707 601 816 633 puero
848 590 1029 632 „Andrea“
1060 592 1228 626 utebatur
1255 603 1366 636 coquo
1396 592 1492 636 (vide
1519 604 1628 637 supra
1654 605 1686 637 p.
1713 594 1811 637 235).

44 640 121 675 Hoc
147 652 287 685 quoque
312 653 456 676 monere
482 642 636 683 iuverit,
672 643 708 676 S.
736 643 916 685 Igmalessnm
942 645 1218 690 praescripsisse
1247 645 1285 688 (l.
1314 646 1382 690 c.)‚
1421 648 1461 680 ut
1494 646 1637 680 litterae
1670 647 1813 690 quadri-

44 696 197 728 mestres
228 694 361 736 „solum
389 706 449 736 ea,
477 707 567 740 quae
595 696 638 729 ad
666 696 949 730 aedificationem
978 698 1159 738 facerent,
1187 699 1446 743 continerenff,
1472 699 1620 743 reliquis
1647 701 1753 734 rebus
1779 701 1814 734 in

45 747 180 782 alteras
205 747 347 782 litteras
374 749 509 783 relatis.
561 748 694 783 Scribit
719 749 830 793 igitur
856 750 895 783 P.
928 752 1138 785 Gmsslielmzcs
1164 752 1340 786 Elderen:

165 831 405 873 Versamur
436 832 517 874 hoc
549 832 643 874 loco
676 833 935 875 Sacerdotes
969 833 1051 875 duo
1085 849 1170 876 una
1209 850 1304 877 cum
1337 836 1593 878 Reverendo
1626 837 1672 880 P.
1708 838 1814 880 Pro-

46 895 252 947 vinciale,
288 896 359 950 qui
390 897 471 939 hoc
503 897 596 939 fere
629 897 799 940 biennio
833 898 1083 952 primarium
1117 900 1209 953 agit
1241 902 1469 954 Augustae
1502 902 1811 946 Ecclesiasten.

46 961 228 1003 Praeter
268 962 380 1003 hunc
422 962 495 1017 alij
539 963 664 1016 pauci
707 963 927 1005 Catholice
970 964 1280 1008 concionantur
1314 1001 1321 1008 .
1356 967 1426 1008 EX
1465 967 1669 1010 hereticis
1710 983 1815 1010 uero

46 1027 259 1070 Doctores
301 1041 386 1069 non
417 1028 643 1082 pauciores
681 1028 889 1070 tredecim
931 1032 1007 1072 aut
1040 1031 1366 1083 quatuordecim
1407 1047 1636 1075 numerare
1668 1034 1771 1076 licet
1785 1035 1812 1084 1,

47 1091 119 1145 qui
151 1092 298 1134 multis
330 1093 414 1135 iam
449 1093 573 1135 annis
605 1094 716 1135 hanc
749 1094 1061 1148 amplissimam
1091 1095 1415 1150 Rempublicam
1449 1098 1608 1151 partim
1641 1099 1815 1152 Zwing-

46 1157 188 1200 lianae
220 1158 381 1212 partim
413 1159 689 1201 Lutheranae
723 1160 945 1202 doctrinae
977 1160 1191 1202 fermento
1224 1161 1454 1215 insigniter
1486 1167 1771 1218 corruperunt
1784 1166 1813 1208 2.

47 1222 161 1264 Nam
195 1237 250 1265 ex
271 1223 353 1266 hac
384 1224 478 1278 ipsa
501 1225 607 1266 vrbe
629 1225 791 1279 prodiJ't
813 1225 1075 1278 Augustana
1106 1226 1179 1268 illa
1204 1227 1429 1279 confessio,
1464 1243 1574 1282 quae
1597 1232 1813 1272 sectarum

47 1291 93 1330 et
124 1289 354 1331 haeresum
387 1293 535 1332 nostro
568 1292 765 1344 tempore
792 1293 1133 1345 propagatarum
1168 1293 1236 1333 uel
1268 1293 1504 1335 maximum
1537 1295 1815 1337 seminarium

47 1353 130 1396 fuit
164 1389 172 1397 .
206 1355 265 1397 Et
298 1369 380 1408 quo
413 1355 552 1397 maior
584 1358 652 1397 est
672 1355 741 1397 hic
773 1356 1056 1399 sectariorum
1080 1360 1172 1399 tum
1204 1357 1245 1398 in
1279 1361 1434 1401 senatu
1465 1361 1558 1401 1311111
1590 1360 1634 1401 111
1656 1361 1814 1414 populo

47 1419 343 1473 fraequentia,
387 1434 437 1462 eo
478 1420 789 1463 incommodius
827 1421 974 1475 agitur
1015 1436 1111 1464 cum
1144 1422 1398 1474 Catholicis,
1442 1438 1549 1477 quos
1581 1426 1714 1480 varijs
1747 1426 1814 1468 hic

47 1485 186 1527 modis
219 1486 356 1539 affligi
394 1486 566 1536 uideas,
609 1487 867 1540 praesertim
906 1487 942 1528 01
975 1487 1169 1530 homines
1202 1488 1409 1530 tenuioris
1442 1490 1644 1532 fortunae
1682 1491 1770 1533 sint
1804 1527 1812 1534 .

48 1551 160 1592 Jllos
193 1551 372 1594 heretici
404 1552 582 1606 perinde
620 1566 671 1593 ac
703 1552 963 1594 Idololatras
1006 1557 1050 1595 et
1083 1553 1408 1607 superstitiosos
1439 1555 1622 1605 habent,
1666 1570 1812 1598 eorum

47 1616 234 1658 fortunis
265 1617 462 1660 inuident
495 1632 545 1659 ac
578 1617 808 1665 obsistunt,
842 1618 1013 1660 illorum
1047 1618 1299 1671 religionem
1333 1623 1376 1661 et
1408 1634 1534 1662 sacra
1565 1622 1815 1674 petulanter

47 1681 319 1725 insectantur
353 1716 362 1725 .
396 1683 521 1724 Hanc
563 1683 648 1737 odij
691 1698 742 1725 ac
782 1684 1117 1726 maleuolentiae
1158 1684 1377 1726 flammam
1419 1685 1541 1728 alunt
1582 1686 1814 1729 seditiosae

49 1747 276 1790 conciones
309 1748 679 1799 aduersariorum,
715 1752 764 1791 vt
795 1763 929 1803 prope
961 1749 1217 1791 miraculum
1249 1749 1462 1800 videatur,
1497 1751 1740 1794 Catholicos
1771 1752 1814 1793 in

47 1815 174 1856 tanta
206 1813 490 1856 sectariorum
524 1815 653 1856 turba
686 1814 830 1867 quiete
862 1814 1031 1856 versari
1065 1850 1072 1857 .
1107 1814 1226 1864 Quae
1258 1815 1401 1857 01111113
1433 1815 1592 1858 idcirco
1625 1817 1815 1870 praefati

48 1892 218 1928 sumus,
261 1881 311 1920 vt
351 1879 395 1921 in
435 1879 572 1922 tantis
612 1879 804 1921 tenebris
847 1879 1005 1921 clarius
1047 1883 1259 1934 appareat
1300 1880 1472 1922 diuinae
1512 1882 1682 1934 gratiae
1723 1883 1812 1933 lux,

49 1957 177 1996 quam
210 1944 291 1986 1100
317 1944 488 1998 (1111(10111
520 1947 717 1999 tempore
751 1945 940 1999 experiri
964 1945 1170 1996 videmur,
1205 1948 1436 1999 postquam
1460 1946 1505 1989 P.
1530 1947 1814 1989 Prouincialis

47 2008 117 2051 hic
150 2010 293 2064 coepit
326 2010 629 2063 euangelizare
662 2045 671 2054 .
705 2011 859 2052 Plures
900 2011 955 2053 ad
987 2025 1084 2052 eum
1126 2011 1262 2052 00111111
1298 2025 1426 2064 quam
1469 2012 1523 2054 ad
1557 2027 1704 2054 omnes
1744 2014 1815 2066 qui

48 2074 269 2117 Catholice
314 2076 491 2127 docent,
538 2076 762 2119 confluunt
807 2076 1027 2119 auditores
1069 2111 1077 2119 .
1118 2077 1182 2118 De
1227 2077 1346 2119 cuius
1391 2091 1495 2119 sane
1540 2078 1814 2121 concionibus

48 2140 258 2183 Catholici
302 2141 371 2183 uel
412 2142 493 2183 hoc
535 2141 708 2183 nomine
749 2141 827 2183 sibi
872 2142 1102 2196 plurimum
1144 2143 1444 2196 gratulantur,
1492 2143 1605 2196 quod
1648 2143 1692 2185 in
1732 2144 1814 2186 hac

47 2206 153 2248 vrbe
198 2209 242 2249 et
283 2207 481 2249 Ecclesia
521 2208 758 2250 multarum
802 2222 946 2249 rerum
989 2208 1217 2261 praeclara
1261 2207 1318 2249 sit
1360 2208 1481 2250 facta
1524 2208 1770 2251 immutatio
1804 2245 1812 2252 .

47 2271 239 2313 Primum
272 2271 385 2314 enim
407 2272 585 2314 liberius
619 2275 663 2315 et
685 2272 984 2326 fraequentius
1017 2273 1071 2314 ad
1094 2287 1219 2314 sacra
1241 2273 1424 2327 populus
1450 2273 1631 2324 accedit,
1666 2288 1814 2327 quem-

48 2336 278 2379 admodum
301 2337 426 2380 festis
449 2338 680 2392 praecipue
704 2337 853 2380 diebus
884 2338 928 2379 111
950 2337 1124 2392 templis
1147 2338 1294 2379 uidere
1323 2341 1390 2380 est
1424 2373 1432 2381 .
1466 2338 1633 2380 Deinde
1656 2339 1814 2382 Catho—

47 2401 227 2443 licorum
260 2404 328 2444 est
349 2402 469 2445 facta
500 2402 654 2456 ingens
687 2402 891 2453 30000010,
927 2402 1066 2456 (1113110
1098 2402 1246 2445 multis
1269 2402 1441 2455 quidem
1474 2404 1527 2445 ab
1560 2403 1658 2445 hinc
1690 2405 1814 2446 annis

46 2467 276 2520 Augustae
317 2482 402 2510 non
435 2467 620 2521 contigit
654 2502 662 2510 .
697 2468 826 2510 ι1111110
865 2482 997 2522 opera
1039 2482 1124 2509 non
1155 2468 1296 2522 plebei
1329 2470 1523 2519 tantum,
1566 2469 1640 2510 sed
1681 2469 1811 2511 etiam

47 2532 281 2575 nobiliores
314 2536 359 2576 et
390 2533 656 2587 praediuites
690 2533 865 2586 quidam
898 2547 953 2575 ex
984 2532 1216 2576 haereticis
1249 2533 1458 2587 Catholicj
1492 2533 1620 2584 facti,
1655 2548 1705 2576 ac
1736 2549 1814 2589 per

47 2598 127 2652 Dej
160 2598 350 2652 gratiam
382 2598 607 2641 Ecclesiae
644 2598 838 2641 restituti
871 2601 973 2641 sunt
986 2600 1015 2641 3.
1079 2599 1241 2640 Erecta
1279 2599 1322 2640 in
1355 2599 1529 2653 templis
1561 2600 1812 2642 Dominicae

170 2723 176 2741 ¹
205 2722 308 2754 Anno
336 2722 426 2755 1555
453 2722 640 2764 Augustae
665 2720 951 2755 Lutheranorum
976 2720 1141 2754 minister
1172 2720 1216 2754 ad
1243 2719 1276 2754 S.
1305 2720 1428 2755 Crucis
1463 2724 1541 2755 erat
1566 2722 1716 2756 Iacobus
1743 2722 1812 2756 Ru-

47 2774 195 2815 lichius;
234 2774 294 2818 qui
331 2776 457 2819 postea
494 2774 740 2808 ministrorum
778 2774 1057 2819 protestantium
1096 2774 1227 2808 ibidem
1270 2774 1426 2816 ⁷,senior“‘
1468 2774 1547 2809 fuit.
1611 2775 1811 2810 Eoriuidem

50 2828 388 2872 „superintendens“
419 2839 450 2861 a.
471 2828 559 2862 1561
588 2829 666 2861 erat
693 2827 870 2871 Georgius
888 2827 1031 2861 Eckard
1052 2827 1263 2871 (Do'lle'ngser,
1290 2826 1535 2861 Reformation
1552 2828 1596 2869 ΙΙ,
1615 2828 1694 2862 581.
1715 2829 1811 2873 582).

167 2882 179 2901 '2
205 2881 280 2915 Iam
307 2881 388 2915 inde
414 2881 458 2915 ab
485 2892 516 2915 a.
545 2881 635 2915 1518
662 2893 704 2915 ac
728 2881 886 2915 maxime
911 2881 956 2915 ab
982 2893 1012 2915 a.
1042 2882 1152 2921 1537,
1180 2892 1248 2924 quo
1274 2881 1406 2915 missae
1432 2881 1649 2915 sacrificium
1675 2894 1811 2917 omnes-

47 2947 115 2980 que
141 2934 380 2969 caerimoniae
406 2934 604 2968 catholicae
623 2947 643 2968 a
661 2937 789 2969 senatu
807 2934 972 2975 abolitae,
999 2936 1096 2969 totus
1115 2934 1232 2968 clerus
1249 2934 1336 2968 urbe
1355 2934 1480 2968 cedere
1499 2937 1655 2975 coactus,
1683 2935 1812 2970 altaria

45 3000 242 3032 sacraeque
267 2988 445 3032 imagines
470 2999 491 3022 a
515 2987 618 3032 plebe
645 2988 829 3022 destructa
855 2990 962 3032 atque
989 2987 1109 3022 ablata
1135 2989 1229 3022 sunt.
1277 2988 1379 3021 Anno
1406 2988 1549 3022 tandem
1578 2989 1667 3022 1547
1695 2988 1811 3023 clerus

46 3042 152 3076 rediit
177 3053 351 3085 sacraque
377 3041 553 3075 catholica
589 3053 633 3075 ex
667 3043 770 3086 parte
805 3042 972 3075 restituta
1007 3043 1092 3075 sunt
1120 3041 1285 3085 (Bt-ama,
1321 3040 1487 3075 Bisehfife
1512 3041 1583 3083 111,
1612 3042 1810 3077 305—309.

47 3095 245 3130 1381—382.
284 3098 438 3129 Jews-sen
463 3095 486 3128 1.
514 3106 542 3129 c.
570 3095 631 3136 III,
659 3094 856 3129 352-357.
900 3096 1094 3139 Stengselc'us
1118 3094 1142 3129 l.
1169 3106 1197 3129 c.
1224 3107 1258 3140 p.
1285 3094 1502 3138 254—287).

167 3150 180 3169 ³
206 3149 254 3183 Ut
279 3149 392 3193 aliqui
427 3148 469 3182 de
498 3148 741 3192 Fuggerorum
776 3147 932 3189 familia;
970 3148 1054 3182 vide
1092 3159 1201 3193 supra
1226 3160 1258 3193 p.
1287 3148 1366 3183 587.
1394 3148 1488 3182 5902
1520 3150 1555 3182 et
1591 3148 1702 3190 infra,
1739 3161 1810 3183 mo-

44 3214 139 3237 num.
166 3202 366 3237 269-271.

117 3268 264 3293 Brauns
275 3268 340 3293 ber
350 3274 427 3299 ger,
448 3267 559 3292 Cauisii
570 3266 725 3298 Epistulae
745 3268 774 3291 et
788 3267 874 3291 Acta.
892 3267 944 3291 ΙΙΙ.
1490 3263 1533 3293 38
