2093 3444
204 179 258 220 98
477 173 556 207 537.
592 172 717 206 Socius
744 170 889 215 quidam
915 169 1058 203 nomine
1085 168 1219 203 canisii
1245 168 1438 209 Victoriae,
1465 167 1614 202 Hoffaeo
1641 169 1708 202 etc.

322 293 422 335 Non
455 291 490 333 si
522 290 724 345 risponde
767 290 809 331 al
841 289 982 331 Padre
1015 288 1184 331 Vrtado
1225 287 1269 328 in
1307 286 1567 341 particolare
1608 301 1686 340 per
1727 301 1812 329 non
1844 290 1976 330 esser’

203 357 447 401 necessario
483 372 491 398 :
525 370 595 398 ma
629 354 916 397 desideriamo
942 354 1077 395 molto
1110 353 1152 395 la
1186 366 1265 394 sua
1297 351 1442 394 sanita
1474 352 1516 393 in
1538 351 1723 394 Domino
1757 355 1801 395 et
1834 355 1978 408 espet-
2039 400 2042 403 ,

203 428 321 467 131110
354 422 579 465 intendere
611 421 638 462 l’
664 419 773 463 03110
816 420 884 461 (101
917 418 1107 472 Collegio
1142 418 1182 459 di
1216 418 1310 459 fare
1352 417 1395 458 in
1427 417 1661 470 Augusta1
1700 417 1810 460 doue
1844 432 1978 472 penso
2039 410 2042 411 ⁷

203 489 320 532 saria
351 488 486 530 molto
519 486 625 529 utile
657 500 735 540 per
766 485 795 526 il
829 484 1007 526 seruitio
1040 483 1210 533 Diuino,
1251 497 1336 525 non
1368 481 1426 523 mi
1460 496 1634 524 occorre
1666 483 1904 525 stendermi
1935 483 1978 525 in

204 555 317 597 altro
350 567 396 595 se
438 567 523 594 non
563 549 914 593 raccomandarci
956 549 1088 592 tutti³
1129 548 1264 590 molto
1307 547 1406 589 nell’
1441 547 1626 590 orationi
1669 547 1709 589 di
1749 548 1815 591 .V.
1850 548 1900 591 R.
1935 551 1980 591 et
2042 566 2056 593 ε’

205 619 305 662 (10111
348 618 449 661 altri
491 617 569 659 che
613 616 656 657 in
698 630 776 657 sua
818 614 1077 669 compagnia
1121 613 1157 655 si
1198 616 1395 656 troueno.
1464 612 1518 655 Di
1559 613 1698 655 Roma
1738 613 1768 654 li
1811 615 1893 657 29.
1938 613 1978 656 di

204 686 351 727 Marzo
384 697 536 737 Moij.

325 828 426 862 Patri
453 827 616 861 Hurtado
643 825 836 871 separatim
864 836 934 858 non
961 823 1237 869 respondemus,
1274 824 1357 868 quia
1384 834 1532 857 necesse
1558 835 1627 856 11011
1655 825 1726 863 est;
1763 823 1822 867 qui
1858 824 1980 857 tamen

206 885 247 917 ut
264 883 353 917 bene
372 881 503 922 valeat,
530 880 764 914 vehementer
781 879 816 912 in
843 878 984 912 domino
1007 879 1183 922 optamus.
1211 879 1319 920 atque
1337 887 1524 921 speramus
1542 887 1606 910 nos
1625 875 1873 911 intellecturos
1890 887 1981 918 esse,

207 936 384 981 quomodo
410 933 553 978 collegii
581 935 767 976 Augustae
794 931 1005 966 instituendi
1032 932 1182 965 conatus
1208 929 1496 969 successerint¹3
1524 929 1618 973 quod
1644 929 1726 963 istic
1753 930 1796 963 ad
1823 929 1980 964 divinam

209 990 360 1034 gloriam
389 988 591 1032 augendam
617 986 723 1020 valde
750 985 840 1019 utile
866 985 942 1019 fore
970 984 1148 1018 existimo.
1199 984 1324 1028 Neque
1351 983 1440 1023 alia,
1477 994 1568 1027 quae
1603 983 1776 1025 scribam,
1812 983 1899 1017 mihi
1926 994 1981 1018 oc-

209 1045 367 1083 currunt,
394 1042 463 1076 nisi
489 1043 530 1075 ut
556 1040 597 1074 R.
625 1040 668 1074 V.
697 1042 732 1074 et
758 1041 958 1073 ceterorum
986 1049 1065 1072 cum
1094 1038 1173 1082 ipsa
1199 1037 1407 1080 degentium
1434 1036 1549 1070 sacris
1576 1036 1742 1081 precibus
1768 1048 1832 1071 nos
1859 1047 1982 1071 omnes

208 1095 442 1131 vehementer
469 1093 724 1129 commendem.
776 1092 888 1126 Roma
916 1091 972 1125 29.
1000 1091 1121 1125 Martii
1151 1092 1252 1125 1561.

1032 1209 1163 1252 537.

313 1307 570 1363 ALIQUIS
610 1307 693 1353 DE
733 1305 1083 1354 SOCIETATE
1126 1306 1197 1364 [P.
1238 1302 1589 1351 HURTADUS
1628 1303 1878 1361 PEREZ‘Z]

608 1406 779 1448 nomine
812 1405 985 1456 Canisii,
1020 1403 1257 1459 praepositi
1290 1402 1584 1458 provincialis,

280 1501 395 1543 PP.
428 1499 688 1542 IOANNI
721 1499 819 1540 DE
853 1497 1230 1549 VICTOR1A‚
1265 1495 1512 1540 PAULO
1546 1495 1918 1548 HOFFAEO,

242 1564 568 1608 NICOLAO
601 1563 899 1616 LANolo,
934 1561 1419 1606 THEODORIGO
1445 1560 1761 1614 CANISIO,
1795 1561 1851 1604 S.
1873 1560 1949 1614 J„

302 1642 534 1685 collegiorum
562 1640 851 1680 vindobonensis,
879 1639 1078 1684 pragensis,
1106 1637 1410 1682 ingolstadiensis.
1438 1637 1663 1671 monacensis
1688 1637 1898 1671 rectoribus.

404 1722 572 1769 Augusta
599 1720 871 1757 vindelicorum
899 1721 965 1757 sub
993 1720 1099 1756 linem
1126 1719 1249 1756 Martii
1278 1719 1335 1755 vel
1363 1718 1511 1755 initium
1538 1717 1680 1765 Aprilis
1706 1717 1792 1754 1561.

335 1801 389 1835 Ex
417 1799 623 1846 apographo
650 1800 808 1834 eiusdem
837 1799 912 1833 fere
939 1799 1129 1844 temporis.
1166 1798 1200 1832 in
1228 1798 1379 1841 collegio
1406 1797 1679 1841 ingolstadiensi
1706 1796 1851 1842 scripto.
1903 1795 1987 1831 Cod.

223 1855 389 1898 „Antiqu.
418 1854 587 1897 lngolst.'‘
619 1854 642 1887 f.
669 1854 725 1888 20.

337 1907 522 1952 Epistulae
549 1906 764 1952 particulam
792 1919 837 1940 ex
864 1906 987 1940 codem
1015 1905 1179 1951 exemplo
1214 1905 1445 1950 transcripsit
1473 1905 1638 1937 Pachtler
1663 1903 1685 1938 1.
1713 1915 1742 1938 c.
1771 1904 1795 1945 I,
1822 1903 1989 1938 XXXIX.

216 1960 282 2002 Qui
309 1961 405 1995 haud
432 1963 529 1995 recte
556 1960 696 2001 asserit,
725 1959 889 2004 exemplo
916 1960 998 1993 huic
1026 1959 1209 1993 Canisium
1235 1970 1299 1993 sua
1326 1970 1434 1992 manu
1459 1969 1587 1992 nomen
1613 1956 1884 2002 subscripsisse.

335 2035 499 2067 Hectores
527 2032 713 2078 „reyulas“
742 2034 855 2075 officii
879 2034 948 2077 sni,
977 2033 1162 2065 Societatis
1188 2032 1462 2070 constitutiones,
1490 2031 1656 2073 „reynlas
1682 2027 1902 2063 c0›nmunes“
1929 2033 1988 2063 etc.

216 2089 404 2131 diliqenter
431 2088 547 2130 legsant
611 2087 720 2120 Iidem
748 2088 886 2120 litteras
912 2086 1201 2130 quadrimestres,
1227 2086 1453 2128 superiorum
1475 2088 1669 2127 praecepta
1695 2087 1754 2116 etc.
1792 2084 1831 2116 in
1857 2083 1989 2116 librum

217 2142 266 2175 ad
290 2141 329 2174 id
355 2141 568 2174 destinatum
595 2142 767 2183 referant.
821 2141 983 2182 Sinyulis
1014 2141 1214 2182 praepositi
1238 2137 1472 2182 provincialis
1508 2134 1809 2181 „consultoribuffl
1836 2136 1990 2169 alicuius

212 2196 335 2238 partis
353 2194 564 2237 provinciae
587 2195 814 2237 (formauit-ae
849 2204 938 2226 cura
973 2193 1172 2236 sinqzclaris
1197 2192 1410 2225 demandata
1438 2195 1495 2224 est.
1549 2191 1660 2224 Statc's
1694 2190 1909 2233 temporibus
1935 2189 1988 2222 zit-

217 2252 314 2282 terae
338 2253 526 2291 rectorum,
554 2248 794 2280 consultorum
821 2251 879 2280 ete.
905 2247 1112 2280 scribendae
1136 2249 1228 2278 sunt.

1017 2329 1189 2371 ι1110303.

338 2413 489 2455 Visum
523 2415 590 2455 est
623 2412 683 2455 .Ρ.
718 2411 981 2454 prouinciali
1012 2425 1089 2466 pro
1122 2410 1291 2453 ratione
1323 2408 1513 2451 muneris
1550 2408 1637 2459 sui,
1680 2411 1725 2452 et
1756 2407 1990 2450 secundum

220 2477 487 2532 exigentiam
509 2491 641 2520 verae
674 2477 902 2520 charitatis
929 2479 973 2519 et
996 2475 1268 2518 obedientiae
1289 2473 1529 2517 Rectoresb
1560 2473 1685 2515 huius
1709 2472 1991 2515 Germanicae

220 2543 475 2585 Prouinciae
508 2557 657 2585 omnes
695 2545 740 2585 et
772 2542 966 2596 singulos
1008 2541 1060 2584 de
1093 2540 1348 2594 quibusdam
1382 2538 1753 2582 commonefacere
1791 2537 1992 2579 nimirum

220 2611 270 2651 ut
302 2609 357 2650 ad
399 2607 565 2650 aeterni
596 2607 677 2650 Dei
709 2607 915 2661 gloriam,
960 2609 1004 2649 et
1045 2620 1140 2649 cum
1180 2608 1330 2660 optato
1373 2604 1613 2647 animarum
1654 2604 1799 2646 fructu
1831 2602 1992 2645 rectius

222 2673 388 2724 omnia,
423 2687 533 2726 quae
565 2673 620 2715 ad
653 2672 877 2715 societatis
909 2675 1086 2715 nostrae
1117 2671 1362 2714 institutum
1398 2671 1616 2724 spectant,
1650 2670 1731 2711 hoc
1762 2666 1992 2723 presertim

222 2738 420 2793 proximo
444 2737 748 2791 quadrimestri
771 2740 966 2792 tempore
998 2738 1268 2792 peragantur
1282 2736 1312 2779 2.
1356 2735 1502 2788 Rogat
1524 2737 1670 2777 autem
1702 2747 1780 2788 per
1802 2745 1990 2775 amorem

223 2804 331 2846 Jesu
363 2803 520 2845 Christi
553 2803 724 2857 Dominj
758 2803 918 2856 nostrj,
952 2805 1001 2845 ut
1032 2802 1076 2843 in
1107 2801 1192 2843 illis
1225 2799 1530 2850 obseruandis,
1565 2802 1774 2852 quantum
1805 2811 1883 2852 per
1912 2795 1993 2839 Dei

224 2868 414 2922 gratiam
446 2868 561 2918 licet,
595 2882 642 2910 se
675 2868 905 2921 diligentes
937 2867 1161 2922 prebeant.

345 2995 359 3009 ²²
385 2991 480 3023 tutto
507 3000 565 3032 ap.
662 2988 677 3009 b
703 2988 869 3023 Rectoris
894 2999 951 3032 ap.

351 3101 361 3120 ¹
388 3099 442 3134 Cf.
469 3111 577 3144 snpra
603 3111 636 3144 p.
663 3100 720 3134 55.
748 3100 803 3134 79.

349 3153 363 3173 ²
387 3152 440 3187 De
465 3153 533 3187 1100
563 3151 837 3197 „quadrimestri
862 3151 1042 3197 tempooe‘
1073 3151 1175 3192 vide,
1210 3161 1302 3204 quae
1336 3149 1402 3184 sub
1437 3149 1535 3195 ipsas
1560 3148 1626 3183 has
1651 3147 1792 3183 litteras
1819 3147 1992 3182 dicentur.
