2093 3444
632 188 803 224 Tridento
832 190 886 225 10.
913 190 1099 225 Februarii
1128 191 1229 226 1562.
1735 195 1818 236 377

45 312 123 349 ac²²
147 305 292 349 nescio
316 305 411 359 quis
432 304 590 347 tertius
607 306 634 347 1.
679 306 817 348 Deum
845 321 1074 361 precamur
1095 311 1143 351 ut
1165 308 1345 351 ueniant
1368 323 1622 362 quocunque
1644 309 1822 351 tandem

45 371 188 415 animo
231 371 318 413 illis
358 369 535 412 uenireb
578 371 799 414 decretum
835 375 902 415 est
936 408 944 415 .
979 373 1126 416 Etiam
1159 373 1315 415 Saulus
1357 374 1412 415 ad
1453 374 1823 428 persequendam⁰

44 437 287 480 Ecclesiam
318 435 541 490 profectus
574 439 691 487 erat,
734 436 877 479 factus
916 440 983 480 est
1014 438 1292 481 nihilominus
1324 438 1507 490 Paulus,
1551 442 1595 481 et
1637 453 1692 481 ex
1724 453 1822 493 per-

48 505 283 556 sequutore
313 500 553 555 Apostolus
568 501 597 543 2.
643 501 745 543 Saul
779 502 833 543 ad
867 503 1146 545 occidendum
1180 503 1376 557 Regem‘¹
1409 504 1550 545 Dauid
1583 504 1824 546 festinabat

44 567 196 610 incidit
236 567 281 608 in
325 580 508 608 cuneum
549 566 888 620 Prophetarum,
934 569 1216 623 prophetauit
1260 572 1305 611 et
1348 569 1494 623 ipse3,
1540 569 1723 611 Balaam
1768 570 1823 611 ad

44 631 391 675 maledicendum
432 631 591 685 populo
624 631 761 673 lsrael
803 633 1042 675 conductus
1083 637 1292 676 uenerate
1334 648 1461 687 quem
1504 648 1601 676 cum
1643 634 1824 677 uidisset

46 697 270 740 benedixit
284 697 314 739 4.
378 696 498 738 Idem
539 710 652 738 nunc
684 697 802 739 Deus
834 700 902 740 est
935 698 1008 751 qui
1039 698 1144 750 fuit,
1189 713 1327 752 aeque
1359 702 1536 754 potens,
1580 714 1717 753 aeque
1748 700 1824 741 be-

47 763 243 817 nignus,
270 764 315 804 et
346 761 593 803 misericors
626 764 675 804 ut
706 762 802 813 fuit,
837 776 916 804 nec
950 765 1017 805 est
1048 763 1092 805 111
1125 778 1174 806 eo
1207 764 1329 816 Fuit,
1363 767 1440 807 aut
1472 764 1591 815 Erit,
1636 765 1712 806 sed
1744 765 1826 808 Est

0 875 1 886 γ
44 828 262 871 tantuma
318 827 472 870 Potest
511 826 548 869 is
589 827 814 869 auferre
855 842 946 870 cor
986 829 1267 883 lapideum
1309 832 1362 872 et
1404 830 1535 872 dare
1578 844 1667 872 cor
1708 845 1822 873 car-

0 887 1 899 ³
46 894 254 944 neum⁶‚
296 895 444 948 potest
476 892 670 943 efficere,
715 892 787 945 qui
820 893 1021 936 conducti
1061 897 1162 937 sunt
1194 895 1249 937 ad
1282 895 1624 938 maledicendum
1666 896 1825 950 populo

45 958 149 1009 Dei,
192 961 241 1001 ut
281 957 350 1000 hif
389 960 559 1000 mutato
600 957 822 1012 proposito
864 958 1122 1001 benedicant
1163 960 1307 1014 potius
1323 961 1352 1012 7,
1402 963 1447 1003 et
1492 975 1587 1003 cum
1629 961 1686 1004 sit
1728 961 1826 1003 fons

45 1023 182 1067 totius
224 1023 537 1078 benignitatisg
578 1037 662 1065 non
703 1023 843 1077 magis
884 1026 1031 1078 potest
1073 1039 1202 1078 quam
1243 1026 1359 1077 uult,
1405 1026 1532 1068 modo
1575 1041 1653 1068 nos
1685 1027 1826 1068 Deum

46 1103 274 1144 precemur
315 1089 369 1130 in
410 1088 525 1130 fide
566 1088 736 1130 nihilh
776 1089 1179 1133 haesitantes&
1247 1091 1394 1133 Etiam
1435 1106 1500 1134 ex
1540 1091 1826 1146 lapidibus

46 1154 145 1196 ille
190 1153 522 1197 suscitabiti
568 1154 729 1196 filios
773 1153 1106 1198 Abrahaekss.
1179 1156 1415 1208 Veniant,¹
1462 1157 1661 1207 ueniant,
1720 1171 1826 1210 quo-

47 1234 216 1273 cunque
249 1219 393 1262 animo
425 1219 618 1270 ueniant,
653 1220 873 1274 reperient
894 1220 963 1262 hic
995 1221 1165 1263 uiscera
1187 1225 1396 1275 paternae
1429 1222 1658 1265 charitatis
1681 1223 1824 1277 plena,

47 1299 212 1340 super
257 1299 441 1327 eorum
485 1285 675 1339 capita
720 1286 992 1328 carbones
1034 1286 1182 1340 ignis
1225 1289 1699 1340 congerentur10‚
1748 1302 1826 1330 nec

47 1351 164 1393 aliud
196 1350 320 1392 nobis
342 1350 462 1393 eritm
493 1350 764 1404 propositum
787 1365 917 1404 quam
943 1354 992 1394 ut
1023 1366 1126 1393 non
1159 1351 1445 1394 uincamur
1477 1367 1503 1395 a
1534 1353 1697 1404 malo,
1732 1353 1827 1395 sed

47 1416 333 1458 uincamus
373 1416 427 1457 in
459 1416 598 1458 bono
624 1417 826 1458 malum
842 1417 890 1459 ¹1.
956 1416 1077 1467 Quod
1109 1432 1187 1459 nos
1221 1418 1366 1460 diuina
1397 1418 1693 1460 misericordia
1726 1433 1827 1460 con-

48 1485 310 1535 sequuturos
354 1487 480 1524 essen
526 1496 752 1536 speramus
804 1482 964 1524 uestris
1011 1483 1243 1537 praecipue
1290 1483 1490 1537 precibus
1537 1484 1737 1526 adiutos⁰
1783 1484 1828 1526 in

48 1548 202 1601 quibus
233 1547 417 1590 multum
450 1547 635 1589 fiduciae
666 1547 857 1601 positum
889 1547 1111 1591 habemus.
1160 1548 1278 1598 Quae
1301 1549 1431 1602 uulgo
1455 1549 1603 1603 spargi
1626 1549 1778 1591 scribis
1793 1550 1828 1577 12

48 1627 197 1655 maera
228 1615 331 1655 sunt
361 1612 588 1654 mendacia
620 1626 700 1654 nec
732 1613 983 1667 ignoramus
1017 1627 1099 1666 quo
1133 1614 1221 1656 sint
1252 1614 1435 1656 authore
1452 1615 1487 1642 ¹3
1511 1629 1676 1668 sparsa.
1720 1615 1827 1656 For-

47 1679 180 1722 tassis
213 1681 360 1721 autem
392 1692 471 1720 nec
503 1678 609 1720 illud
642 1678 802 1720 falsum
835 1681 923 1729 est,
967 1679 1081 1732 quod
1114 1679 1168 1721 de
1203 1679 1328 1721 Gallo
1359 1679 1433 1721 illo
1451 1680 1486 1707 14
1519 1679 1697 1722 scribis..
1728 1679 1829 1722 Non

49 1744 207 1786 desunt
248 1743 320 1797 qui
361 1743 578 1798 publicam
619 1743 986 1797 tranquillitatem
1026 1745 1330 1799 perturbatam
1364 1745 1564 1799 cupiunt,
1608 1745 1684 1787 sed
1726 1745 1829 1787 clis-

51 1809 284 1864 sipabit
325 1808 592 1851 dominus
634 1809 953 1851 consilium
987 1809 1453 1864 Achitophelplf’.
1517 1810 1610 1852 Nos
1641 1811 1710 1852 hic
1743 1825 1830 1852 non

51 1889 234 1930 paruam
283 1889 338 1917 ex
385 1874 577 1917 aduentu
624 1875 864 1917 Caesareae
911 1874 1158 1918 Maiestatis
1207 1876 1440 1918 Oratorum
1489 1875 1829 1919 consolationem

52 1940 298 1994 accepimus
314 1941 362 1991 16,
398 1939 471 1993 qui
502 1939 625 1982 nobis
648 1940 896 1983 Maiestatis
928 1940 1044 1982 illius
1076 1941 1248 1983 nomine
1270 1941 1576 1996 promiserunt,
1612 1941 1830 1984 facturam

52 2005 172 2048 illam
205 2008 253 2048 ut
285 2005 426 2047 officio
450 2020 527 2047 suo
560 2020 614 2048 ne
647 2006 772 2058 desit,
808 2020 858 2048 ac
880 2005 1019 2048 modis
1045 2006 1241 2048 omnibus
1263 2006 1549 2061 prouisuram,
1582 2009 1631 2049 ut
1663 2021 1832 2049 summa

174 2146 188 2161 ‘²
215 2142 252 2174 et
276 2142 318 2175 B.
416 2142 432 2162 ¹³
458 2140 583 2175 venire
609 2141 683 2175 illis
709 2142 750 2174 B.
849 2147 861 2161 ⁰
887 2142 943 2174 Ita
970 2142 1121 2174 BR0Rv
1132 2142 1209 2183 BQ·
1233 2141 1521 2186 prosequendam
1548 2143 1592 2175 A.

174 2195 189 2215 ‘¹
215 2195 278 2229 ΒΖ.
306 2205 371 2228 om.
398 2193 547 2238 Regem.
646 2201 658 2215 ⁰
684 2194 805 2228 fuerat
830 2195 879 2227 Rv
891 2195 954 2227 Be.
1052 2194 1064 2214 s
1088 2196 1128 2228 vt
1154 2193 1215 2238 qui
1242 2194 1408 2228 conducti
1433 2199 1492 2228 etc.
1519 2193 1596 2236 Dei,
1623 2194 1660 2228 hi
1686 2196 1750 2229 Be.

175 2254 189 2273 g
213 2247 384 2282 bonitatis
410 2249 473 2282 ΒΖ.
571 2248 587 2268 ¹²
613 2247 663 2281 nil
689 2248 730 2281 B.
830 2247 837 2268 ¹
863 2247 1055 2282 suscitabit
1079 2247 1140 2281 ille
1166 2249 1238 2291 R⁰;
1263 2247 1324 2282 ille
1350 2248 1504 2282 suscitat
1530 2249 1579 2281 RV
1593 2249 1656 2282 ΒΖ.

172 2301 188 2322 1(
213 2301 397 2335 Abraham
422 2303 481 2336 R0.
579 2302 587 2322 1
614 2301 762 2336 Vtinam
787 2302 846 2335 R0.
945 2307 968 2322 1¹²
995 2301 1063 2334 erit
1088 2301 1190 2335 nobis
1216 2301 1279 2335 ΒΖ.
1383 2308 1400 2322 ¹1
1425 2303 1474 2335 RV
1501 2306 1530 2335 et
1555 2302 1619 2336 ΒΖ.
1647 2313 1713 2335 om.
1742 2312 1834 2336 esse.

177 2361 190 2376 ⁰
217 2354 331 2389 adiuti
356 2356 419 2389 Be.
518 2362 533 2381 Ι)
559 2354 756 2400 Ahitophel
782 2355 836 2398 B,·
860 2354 1097 2399 Architophel
1122 2356 1181 2388 ΒΟ.

181 2481 191 2501 1
217 2481 409 2525 Augustus
428 2480 606 2515 Saxoniae
625 2480 770 2521 elector,
796 2479 955 2513 Ioachim
973 2479 1018 2513 ΙΙ.
1038 2478 1172 2513 elector
1191 2479 1556 2524 brandenburgensis,
1583 2479 1836 2523 Sigismundus

60 2535 385 2578 magdeburgensis
411 2534 705 2579 archiepiscopus
731 2533 967 2574 lutheranus;
994 2533 1077 2567 vide
1103 2544 1214 2577 supra
1240 2545 1274 2578 p.
1303 2533 1383 2568 361.

181 2588 195 2609 ²
222 2588 275 2623 Of.
302 2589 385 2623 Act.
412 2589 444 2630 9,
473 2588 606 2628 1—22;
635 2587 690 2628 22,
719 2587 846 2621 3-16,
892 2586 972 2621 Gal.
1001 2588 1031 2628 1,
1061 2586 1211 2621 13-24.
1257 2587 1273 2621 1
1303 2587 1383 2622 Cor.
1413 2587 1467 2629 15,
1494 2587 1514 2621 9
1542 2588 1609 2621 etc.

183 2643 197 2663 ³
223 2641 278 2676 Of.
307 2642 324 2676 1
353 2642 443 2686 Reg.
473 2642 527 2684 19,
556 2641 708 2676 19-24,
807 2642 820 2660 4
848 2639 901 2674 Cf.
928 2639 1034 2674 Num.
1063 2640 1119 2682 22,
1149 2640 1277 2682 2—24,
1307 2641 1361 2675 19.

183 2696 196 2716 ⁵
224 2694 278 2730 Of.
305 2695 376 2730 Iac.
406 2696 435 2736 1,
464 2695 518 2729 17.
562 2695 672 2739 Apoc.
700 2693 756 2734 21,
783 2694 804 2727 6
831 2695 898 2728 etc.
999 2694 1012 2712 ‘³
1038 2692 1099 2727 Ez.
1130 2694 1185 2734 11,
1215 2694 1276 2734 19;
1305 2694 1361 2734 36,
1388 2694 1443 2728 26.

184 2749 197 2769 7
224 2747 276 2783 Cf.
304 2749 411 2783 Deut.
438 2748 493 2790 23,
519 2749 552 2782 4.
581 2749 613 2782 5.
656 2748 676 2780 2
703 2747 807 2781 Esdr.
837 2747 890 2787 13,
917 2747 938 2780 2
966 2748 1033 2780 etc.
1133 2747 1146 2767 3
1174 2747 1244 2781 Iac.
1273 2747 1304 2788 1,
1332 2748 1363 2781 6.
1406 2747 1538 2782 Matth.
1566 2747 1622 2789 21,
1650 2748 1705 2781 21.

184 2803 198 2822 ⁹
222 2801 354 2836 Matth.
382 2803 413 2844 3,
440 2803 472 2836 9.
515 2802 601 2836 Luc.
629 2801 660 2843 3,
687 2799 719 2834 8.
822 2800 850 2820 ¹⁰
876 2800 976 2834 Rom.
1006 2799 1061 2841 12,
1088 2799 1143 2834 20.
1245 2801 1272 2820 ¹¹
1298 2799 1400 2834 Rom.
1430 2800 1484 2841 12,
1511 2800 1568 2834 21.

172 2855 200 2876 ¹²
225 2855 448 2898 Pontificem,
475 2853 686 2894 cardinales,
712 2852 895 2898 principes
920 2853 966 2887 ad
991 2852 1066 2887 vim
1092 2853 1388 2898 protestantibus,
1415 2853 1477 2898 qui
1503 2853 1652 2887 concilio
1675 2853 1839 2887 oboedire

65 2908 277 2950 noluissent,
302 2909 527 2943 inferendam
552 2908 798 2952 conspirasse;
826 2906 909 2940 vide
934 2918 1044 2952 supra
1070 2918 1103 2951 p.
1131 2907 1210 2941 361.

174 2963 202 2984 ¹³
228 2962 484 3008 Christophoro
511 2962 599 2996 duce
625 2960 975 3003 wurttembergensi.
1010 2960 1053 2993 V.
1081 2971 1191 3005 supra
1216 2972 1250 3005 p.
1270 2960 1355 2994 3614
1381 2962 1417 2994 et
1447 2961 1569 2994 Turba
1586 2959 1609 2993 l.
1629 2971 1658 2993 c.
1678 2960 1740 3001 III,
1759 2960 1840 2994 204.

174 3017 202 3037 ¹4
227 3016 376 3051 Nicolao
404 3016 447 3050 de
472 3013 736 3055 Rambouillet3
762 3013 845 3047 vide
871 3024 981 3058 supra
1007 3025 1041 3058 p.
1068 3013 1171 3048 362³.
1310 3014 1336 3033 ¹⁵
1362 3014 1382 3047 2
1410 3012 1499 3056 Reg.
1528 3013 1581 3053 15,
1610 3013 1674 3053 34;
1704 3013 1756 3054 17,
1785 3013 1841 3048 14.

176 3069 203 3090 ¹⁶
227 3070 295 3104 Die
322 3071 355 3104 9.
384 3069 621 3113 (Pallavicino
647 3067 670 3101 l.
697 3078 726 3101 c.
753 3066 778 3101 1.
807 3067 861 3109 15,
888 3078 917 3101 0.
944 3067 1001 3109 20,
1028 3078 1061 3101 n.
1089 3066 1126 3110 5)
1156 3066 1215 3101 vel
1243 3067 1296 3102 10.
1324 3066 1511 3101 Februarii
1539 3065 1691 3111 (Siclcel,
1718 3066 1843 3100 Trient

68 3135 102 3168 p.
121 3123 206 3167 229)
238 3123 329 3157 1562
347 3122 476 3156 Brusio
502 3123 539 3155 et
564 3119 792 3155 Drascovitio
818 3119 949 3154 tertius
975 3119 1130 3154 accessit
1155 3119 1371 3154 Ferdinandi
1391 3120 1418 3154 1.
1445 3121 1566 3154 orator
1591 3119 1843 3163 sigismundus

70 3176 112 3210 de
138 3176 263 3217 Thun;
291 3175 336 3210 cf.
363 3186 473 3220 supra
498 3186 531 3219 p.
560 3173 627 3208 332
637 3173 661 3207 ².
