2093 3444
122 146 279 180 Monum.
308 145 475 190 (monac.)
506 146 584 181 304.
615 146 703 191 (Sub
729 159 775 182 m.
802 147 908 182 Mart.
936 147 995 181 vel
1022 148 1107 192 Apr.
1129 146 1246 191 1561.)
1276 147 1356 182 305.
1385 147 1450 191 (M.
1469 148 1554 193 Apr.
1576 147 1694 191 1561.)
1753 149 1835 190 691

930 265 976 307 E.

312 354 766 399 MONUMENTA
799 357 1273 426 MONAGENSIA
1308 357 1603 402 CANISII.

894 470 1025 510 304.

567 556 637 592 Sub
665 567 710 593 m.
736 557 909 594 Martium
935 558 994 594 vel
1020 558 1184 605 Aprilem
1211 569 1243 595 a.
1269 558 1356 595 1561.

170 643 251 731 EEx
276 643 652 731 litteris23rchetypis,
679 645 827 679 Romam
854 647 897 680 ad
916 647 1077 680 Lainiuni
1099 647 1341 692 praepositum
1367 647 1574 690 generalem
1591 648 1722 682 missis.
1759 647 1840 683 Cod.

83 697 143 740 „G.
202 709 234 742 p.
261 697 326 732 Π,“
356 698 380 731 f.
458 698 508 732 7³.

198 775 328 808 Ursam
354 775 532 818 Fetyyera,
562 768 703 808 Caizise'z‘
727 777 765 808 «in
786 776 917 818 pietate
942 777 1128 820 discipula,
1155 778 1337 821 collfffl'um
1362 789 1565 812 monacense
1590 779 1720 812 inrisit.

196 858 249 899 In
284 857 484 906 „Litteris
519 858 927 912 (Jumlrz'mestribus“
963 861 1118 914 collefflssc'
1151 861 1193 902 S.
1218 859 1259 902 J.
1293 862 1577 913 monacensis,
1621 860 1844 902 Monaclez‘o

78 924 118 964 1.
142 923 255 964 Maii
277 924 390 964 1561
417 923 542 973 datis,
576 923 677 963 haec
698 929 940 964 narrantur
952 940 963 964 .·
997 924 1059 965 De
1084 924 1287 979 principis
1309 925 1456 967 Illust:
1490 928 1643 973 matre,
1669 924 1845 977 eiusque

77 986 309 1029 Illustriss:
357 986 538 1040 coniuge
587 988 724 1029 multa
770 987 838 1029 hic
882 988 1010 1030 scribi
1057 993 1256 1043 possent,
1305 991 1381 1032 sed
1427 990 1657 1032 breuitatis
1700 989 1846 1043 gratia

78 1055 318 1106 praetereo.
387 1053 481 1094 Hoc
522 1067 652 1093 vnum
699 1052 860 1094 dixisse
902 1054 1091 1096 sufficiat
1133 1054 1275 1096 diuino
1321 1055 1453 1097 cultui
1494 1059 1710 1107 Vtramque
1751 1067 1846 1096 esse

80 1117 424 1168 deuotissimam,
468 1120 512 1159 et
545 1118 598 1159 ad
632 1118 868 1170 Collegium
910 1119 990 1160 hoc
1025 1123 1219 1162 nostrum
1261 1122 1491 1174 tantopere
1533 1121 1755 1169 affectam,
1799 1121 1847 1161 ut

79 1197 296 1236 nunquam
330 1197 415 1224 non
449 1196 595 1224 earum
630 1183 906 1237 experiamur
937 1184 1167 1233 beneficia,
1212 1188 1255 1227 et
1297 1186 1445 1227 crebro
1479 1185 1650 1238 quidem
1683 1185 1737 1226 ad
1769 1198 1847 1226 nos

78 1247 271 1299 mittunt,
306 1248 377 1301 qui
409 1248 652 1302 explorent,
690 1263 791 1290 num
825 1263 871 1290 re
904 1249 1049 1302 aliqua
1082 1249 1204 1291 nobis
1238 1265 1343 1304 opus
1377 1250 1445 1292 sit.
1509 1250 1679 1292 Accidit
1711 1263 1848 1303 nuper

79 1316 128 1356 vt
151 1327 247 1354 cum
269 1313 454 1355 Domina
476 1314 677 1366 Fuggera
699 1314 970 1366 Augustana,
1005 1315 1279 1357 sanctissima
1306 1318 1349 1357 et
1372 1315 1611 1357 clarissima
1633 1318 1846 1364 matrona,

80 1381 211 1432 atque
253 1378 413 1433 optime
455 1379 507 1420 de
548 1379 671 1420 nobis
712 1379 889 1430 merita,
934 1394 1044 1433 quae
1077 1380 1313 1433 Collegium
1354 1382 1548 1422 nostrum
1587 1380 1734 1422 visura
1776 1394 1847 1421 ac—

81 1447 286 1495 cesserat,
323 1444 526 1487 adessent
558 1444 749 1486 illustres
783 1445 894 1486 aliae
926 1448 1151 1487 matronae
1187 1445 1845 1500 exprincipumpraedictarum

81 1509 204 1558 aulis,
239 1523 349 1563 quae
381 1509 589 1552 rimantes
623 1510 853 1563 diligenter
885 1510 1069 1563 singula,
1104 1525 1213 1564 quae
1237 1511 1436 1552 deessent
1470 1510 1596 1561 domi,
1629 1511 1752 1552 nobis
1783 1510 1849 1552 in-

81 1574 181 1628 scijs
205 1575 377 1628 Vtrique
409 1575 590 1630 principi
624 1575 767 1617 onmia
800 1579 1107 1630 exposuerunt.
1152 1577 1210 1617 At
1244 1576 1343 1618 illae
1376 1590 1460 1617 non
1492 1575 1554 1618 ita
1583 1576 1718 1618 multo
1751 1578 1850 1630 post

80 1639 320 1682 liberaliter
351 1642 527 1682 nostrae
560 1641 675 1683 vltro
709 1655 961 1682 succurrere
994 1641 1177 1695 inopiae.

206 1727 448 1771 „Fuggeran1“
487 1727 580 1762 hane
611 1728 723 1762 fuisse
749 1727 919 1762 Ursulam
955 1728 997 1761 de
1024 1728 1287 1768 Lichtenstein,
1328 1727 1472 1772 Georgii
1498 1728 1652 1772 Fuggeri
1690 1740 1850 1770 uxorem,

84 1792 175 1825 quae
203 1780 336 1815 Canisii
362 1781 564 1826 praeceptis
591 1784 626 1815 et
653 1781 813 1815 consiliis
838 1781 873 1815 in
900 1781 1033 1826 pietate
1060 1782 1285 1826 proficiebat,
1318 1793 1363 1815 ex
1398 1782 1461 1821 iis,
1498 1793 1589 1826 quae
1624 1783 1660 1815 et
1686 1781 1850 1816 Canisius

83 1833 160 1879 ipse
187 1836 223 1868 et
249 1834 311 1868 alii
337 1834 431 1869 Socii
457 1835 500 1868 de
527 1846 568 1869 ea
594 1834 826 1880 scripserunt,
853 1836 943 1869 satis
970 1837 1107 1869 certum
1134 1838 1208 1875 est3
1237 1836 1281 1869 cf.
1308 1846 1417 1880 supra
1443 1847 1476 1880 p.
1504 1836 1582 1870 653.
1611 1836 1689 1869 654.

906 1958 1037 2000 305.

618 2048 736 2084 Mense
762 2047 884 2096 Aprili
911 2048 1008 2095 (post
1034 2047 1205 2093 medium)
1232 2047 1318 2084 1561.

204 2137 259 2172 Ex
284 2137 416 2171 litteris
443 2136 660 2182 archetypis,
687 2137 875 2172 Monachio
902 2137 1050 2171 Romam
1077 2137 1208 2171 missis.
1260 2136 1343 2171 Cod.
1375 2136 1437 2179 ,G.
1466 2136 1529 2181 Ep.
1558 2136 1620 2170 H.“
1651 2136 1674 2170 f.
1703 2136 1803 2170 2242.

204 2215 389 2248 Monachii
418 2214 584 2248 szise'ns
611 2214 731 2247 Socios
757 2215 804 2247 acl
824 2216 968 2258 pietatis·
993 2215 1150 2247 studium
1176 2216 1314 2247 excitat.

204 2299 257 2340 In
296 2298 495 2350 „Litteris
535 2297 945 2352 quadrimestribus‘¹
991 2298 1147 2353 eolleyc‘i
1189 2299 1231 2340 S.
1255 2298 1298 2339 J.
1332 2298 1592 2339 monacensis
1630 2297 1854 2338 Menochia

70 2365 126 2408 '1.
161 2365 274 2406 Maii
306 2365 417 2405 1561
464 2363 576 2404 datis
619 2363 668 2404 cle
711 2363 905 2416 Ccmz’se'o,
948 2378 1064 2418 quem
1111 2364 1218 2404 inter
1259 2365 1327 2405 15.
1363 2367 1398 2403 et
1439 2363 1506 2404 19.
1541 2363 1707 2416 Aprilis
1740 2364 1850 2403 1561

85 2430 279 2485 Aufyusta
306 2429 578 2470 Monachimn
609 2427 842 2483 profectum
874 2429 1010 2482 ibique
1043 2429 1225 2483 quinque
1256 2442 1374 2469 serve
1409 2428 1496 2469 dies
1530 2432 1738 2468 moratium
1771 2441 1856 2468 esse

87 2509 136 2536 ex
159 2495 258 2536 aliis
277 2493 467 2547 fontibus
489 2494 743 2549 intelleqz'tm·
765 2492 975 2548 (suprap.
998 2495 1096 2535 108.
1119 2492 1237 2545 131),
1261 2493 1361 2534 haec
1385 2492 1654 2546 refersmnma·
1676 2491 1855 2533 Mirifice

85 2558 201 2601 inter
233 2561 408 2601 caetera
429 2558 674 2600 Reuerendi
707 2558 846 2612 patris
868 2557 1152 2599 Prouincialis
1178 2557 1313 2599 nostri
1338 2557 1586 2611 praesentia
1608 2556 1651 2598 in
1684 2556 1855 2598 domino

86 2637 165 2665 nos
207 2626 274 2666 est
315 2624 561 2673 consolata,
607 2623 700 2677 qui,
746 2622 923 2665 tametsi
963 2625 1142 2676 propter
1182 2622 1269 2663 alia
1310 2622 1486 2675 negotia
1526 2622 1609 2663 huc
1650 2621 1854 2672 uenisset,

88 2691 295 2731 euocatus
327 2688 493 2730 scilicet
535 2689 588 2730 ab
620 2687 852 2730 Illustriss:
895 2686 1101 2741 principis
1132 2688 1325 2737 matrel,
1368 2701 1446 2741 pro
1479 2700 1557 2728 sua
1589 2689 1736 2729 tamen
1769 2687 1856 2728 sin-

86 2753 230 2807 gulari
260 2753 304 2795 in
336 2768 415 2795 nos
447 2754 685 2803 charitate,
728 2753 979 2805 neutiquam
1012 2752 1067 2793 ad
1100 2751 1386 2793 omnimodam
1429 2766 1507 2793 nos
1545 2752 1857 2806 perfectionem

88 2817 281 2860 excitare
312 2819 405 2859 tum
437 2817 568 2858 uerbo
601 2819 694 2859 tum
726 2816 924 2870 exemplo
958 2829 1034 2857 suo
1068 2814 1374 2870 praetermisit.

206 2903 247 2937 In
272 2903 398 2937 iisdem
424 2902 557 2937 litteris
583 2904 759 2944 narratur,
786 2913 807 2936 a
826 2901 967 2936 Canisio
985 2901 1166 2935 Monachii
1192 2903 1361 2935 versante
1386 2901 1651 2935 adulescentem
1679 2901 1857 2945 quendam

88 2967 298 3000 germanum
323 2956 360 2990 in
386 2955 600 2990 Societatem
628 2955 825 2990 admissum
850 2966 928 2989 esse
954 2954 1016 2995 ita,
1042 2957 1083 2988 ut
1101 2954 1333 2988 Vindobonae
1359 2954 1502 2999 probari
1528 2955 1605 2988 sive
1636 2955 1852 2996 „novicium“

89 3020 196 3052 agere
223 3009 379 3043 deberet.

210 3122 221 3142 ¹
247 3121 395 3161 Iacoba;
423 3121 466 3155 de
492 3131 562 3164 qua
588 3130 698 3164 supra
723 3130 756 3164 p.
786 3118 886 3153 109¹.

1509 3180 1553 3210 44
1568 3177 1584 3193 ³³
