2093 3444
485 205 641 239 Monuni.
671 205 902 249 (augustana)
933 206 1012 241 240.
1043 206 1207 249 (Ineunte
1233 217 1264 240 a.
1294 205 1413 250 1562.)
1746 206 1830 248 605

184 322 232 363 Ρ.
269 322 520 363 Guilielmus
552 323 737 364 Elderen
774 324 815 364 S.
850 323 892 364 J.
906 357 916 376 v,
953 323 1118 364 Canis-ii
1150 324 1285 364 socius
1318 328 1604 377 (tamastanus,
1637 322 1831 376 Aufsusta

66 388 133 430 13.
168 387 373 428 Ianuarii
419 388 534 428 1562
584 388 641 427 (al
688 388 851 428 Soce'am
902 389 1083 443 ala'quem
1131 388 1402 429 coloniensem
1445 387 1516 438 (P.
1555 387 1831 428 Leonarclnm

64 452 226 504 Kessel,
261 452 419 506 colleqii
449 457 642 493 rectorem
660 452 696 503 1²)
721 453 771 493 (le
793 454 959 506 pietatis
980 452 1191 505 fructibus
1223 467 1247 494 a
1271 467 1314 494 se
1347 458 1382 494 ct
1406 454 1586 493 maixime
1609 467 1634 492 a
1659 452 1831 493 Ccmisio

63 517 304 571 Aaqustae,
346 518 557 571 imprimis
590 531 639 558 ea·
672 518 893 558 notissimo
934 518 1112 559 iubilaeo
1145 517 1371 569 (ze—28.
1406 517 1647 559 Decembris
1681 516 1829 569 1561),

64 582 266 624 collectis1
299 583 488 636 scripsit:
522 581 643 630 Quod
667 582 720 623 ad
744 596 822 623 nos
848 582 1007 624 attinet
1029 583 1109 624 1100
1133 583 1272 624 (licam
1305 582 1458 633 solum,
1492 596 1711 635 nunquam
1735 595 1827 622 cum

64 646 145 688 1100
166 646 325 700 populo
359 648 504 688 actum
527 646 661 688 fuisse
694 646 867 688 uidetur
889 647 1085 688 foelicius
1118 647 1153 689 si
1180 647 1317 690 nostri
1340 647 1548 701 temporis
1580 646 1830 688 memoriam

64 714 328 766 repetamus,
362 725 491 764 quam
523 711 668 753 iubilei
691 711 759 753 hic
792 726 928 766 nuper
950 712 1084 754 habiti
1108 717 1316 767 tempore.
1365 712 1501 754 Plena
1522 713 1644 754 fuere
1666 711 1831 765 templa

65 777 229 827 omnia,
268 776 483 819 maximus
516 777 570 818 acl
604 777 853 827 conciones,
897 777 1189 819 confessiones
1222 792 1477 831 sacramque
1510 776 1697 831 synaxin
1730 790 1831 818 con-

64 856 215 884 cursus
259 842 343 884 fuit
377 842 618 884 :insolitus
664 856 833 895 quoque
877 842 1236 896 supplicationi2,
1282 858 1359 897 pro
1404 843 1599 896 generali
1643 841 1830 884 Concilio

63 907 206 949 faelici
239 907 430 962 auspicio
464 922 515 950 ac
537 921 739 949 successu
762 907 938 949 habitae
970 908 1169 950 interfuit
1201 923 1295 950 cum
1320 908 1604 951 demiratione
1627 907 1829 950 omnium.

63 971 131 1014 Ad
164 973 412 1015 Catholicae
444 973 668 1015 Ecclesiae
709 973 922 1026 gremium
964 973 1154 1026 quotidie
1196 976 1457 1016 concurrunt
1497 973 1691 1027 plurimi,
1735 987 1830 1014 cum

62 1038 254 1080 maxima
294 1039 542 1082 turbatione
583 1038 769 1080 Herodis
807 1037 1024 1080 Christum
1065 1038 1151 1080 iam
1192 1039 1235 1080 in
1277 1039 1425 1081 multis
1466 1041 1740 1088 nascentem,
1786 1040 1831 1079 et

63 1106 213 1146 natum
245 1104 588 1158 persequentis3,
631 1104 707 1145 sed
748 1118 852 1145 non
885 1106 969 1145 est
1002 1103 1286 1158 sapientia
1328 1118 1502 1157 neque
1535 1103 1830 1146 consilium

64 1171 260 1211 contra
292 1170 455 1211 Deum
471 1170 499 1212 4.
565 1168 867 1211 Confessiones
899 1168 1072 1210 interim
1105 1169 1253 1211 variae
1287 1170 1418 1212 etiam
1452 1183 1599 1211 eorum
1633 1168 1703 1222 qui
1735 1170 1831 1210 tota

63 1233 156 1276 vita
202 1248 287 1276 non
336 1235 522 1277 confessi
567 1235 714 1277 audite
759 1237 859 1276 sunt
904 1234 1130 1287 Vtriusque
1178 1240 1345 1277 sexusst.
1410 1233 1634 1276 Exercitia
1680 1236 1831 1275 nostra

64 1299 309 1354 spiritualia
340 1300 495 1342 mirum
528 1300 732 1342 adferunt
753 1300 955 1342 fructum.
1006 1300 1159 1353 Itaque
1192 1299 1319 1342 aliam
1355 1302 1485 1353 atque
1518 1299 1648 1341 aliam
1680 1301 1832 1341 nostra

62 1364 199 1406 indies
232 1367 435 1419 Augusta
476 1365 632 1408 faciem
674 1365 879 1416 assumit,
923 1379 972 1406 ac
1005 1365 1173 1407 ν105111ἐο
1210 1364 1401 1407 notiores
1434 1366 1563 1414 fiunt,
1607 1378 1713 1418 quos
1755 1378 1830 1417 op-

62 1444 270 1484 pugnare,
305 1433 354 1473 vt
387 1432 499 1474 solet
523 1431 688 1474 Sathan
721 1446 805 1473 non
833 1435 976 1473 cessat
1011 1466 1019 1473 .
1053 1433 1100 1473 at
1133 1430 1179 1472 si
1211 1431 1354 1473 Deus
1386 1444 1482 1485 pro
1516 1430 1674 1472 nobis
1708 1429 1830 1483 quis

63 1498 258 1538 contra
300 1498 457 1539 nos‘?5

882 1589 1012 1630 240.

779 1677 930 1714 Ineunte
957 1688 989 1714 a.
1016 1678 1110 1714 1562.

179 1768 234 1803 Ex
260 1768 351 1803 libro
382 1770 555 1811 „Antonii
581 1769 725 1802 fllariae
755 1769 927 1802 Gratiani
954 1796 960 1802 .
990 1796 996 1802 .
1025 1794 1032 1801 .
1069 1767 1121 1801 De
1147 1767 1293 1812 scriptis
1320 1766 1433 1800 invita
1459 1765 1624 1800 Minerva
1651 1766 1695 1800 ad
1722 1765 1829 1810 Aloy-

60 1823 153 1857 sium
187 1823 336 1857 fratrem
370 1822 453 1856 libri
479 1821 556 1856 XX.
589 1833 684 1856 nunc
718 1821 872 1866 primum
908 1821 994 1855 editi
1029 1833 1110 1855 011111
1145 1820 1436 1855 adnotationibus
1471 1821 1685 1864 Hieronymi
1715 1818 1828 1862 [1090-

61 1878 214 1910 marsini
240 1888 258 1910 e
285 1876 361 1911 Soc.
391 1876 498 1910 Jesu“
528 1875 562 1909 ΙΙ
592 1875 811 1919 (Florentiae
841 1874 960 1919 1746),
990 1875 1057 1910 100
1069 1875 1091 1909 ².

184 1954 341 1997 Canisii,
376 1954 530 1988 hominis
555 1954 649 1987 docti
674 1958 703 1986 et
728 1955 863 1997 sancti,
903 1952 1123 1986 contionibus
1148 1952 1348 1985 utilissimis
1382 1951 1485 1984 multi
1512 1954 1748 1994 protestantes
1783 1951 1831 1982 ad

60 2008 237 2042 ecclesiam
261 2008 494 2042 reducnntm
530 2008 638 2041 Multi
663 2018 706 2040 eac
733 2007 833 2040 urbis
859 2018 914 2040 ma
915 2007 1006 2050 fist}
1008 2006 1124 2039 atibus
1146 2006 1228 2047 fida·
1247 2004 1436 2038 catholica(
1453 2004 1552 2037 ralcle
1569 2004 1719 2037 studiosi
1735 2008 1828 2037 sunt.

178 2091 336 2133 Doctus
379 2092 446 2133 ille
488 2092 554 2132 vir
593 2091 806 2132 Antonius
844 2090 993 2132 Uaria
1033 2089 1246 2131 Graeiani
1287 2086 1648 2140 (1537—1611),
1691 2086 1829 2140 Bia-92·

60 2157 103 2199 S.
128 2157 322 2212 Sepulcri
350 2155 510 2211 (Boreo
544 2157 591 2197 cli
622 2156 713 2198 San
737 2156 944 2210 Sepolcr,o
978 2155 1179 2210 oppidum
1212 2153 1364 2194 Italiae
1396 2151 1616 2204 centralis)
1650 2166 1668 2192 e
1700 2152 1830 2193 nobili

57 2222 230 2275 familia
263 2226 400 2276 ortus,
434 2223 525 2276 qui,
560 2235 652 2263 cum
680 2235 761 2276 per
790 2223 849 2262 25
883 2234 1017 2262 amzos
1049 2220 1227 2261 Ioannis
1259 2218 1483 2259 111011σίεοί
1517 2216 1827 2270 Commendoni,

62 2289 242 2342 episcopi
276 2292 311 2329 et
343 2288 605 2340 cardinalis,
647 2287 921 2328 secretarium
964 2290 1000 2327 et
1032 2285 1322 2327 consiliarium
1358 2284 1501 2336 essisset
1535 2283 1751 2337 ipsumque
1785 2283 1826 2323 in

61 2352 344 2408 compluribus
382 2353 657 2408 leyationibus
682 2352 913 2407 pontificiis
943 2366 1026 2406 per
1060 2350 1337 2391 Germaniam·
1380 2353 1415 2390 et
1446 2348 1666 2389 Poloniam
1707 2346 1829 2388 obitis

61 2420 280 2461 comitatus
312 2423 426 2473 esset,
459 2419 578 2460 Sixto
613 2418 656 2460 V.
692 2418 743 2459 ab
778 2418 965 2472 epistulis
997 2417 1144 2459 latinis
1173 2414 1260 2468 fuit
1269 2448 1280 2468 ,
1325 2428 1350 2455 a
1386 2414 1588 2455 Clemente
1621 2412 1738 2455 VIII.
1770 2413 1828 2454 acl

59 2485 211 2526 Italiae
247 2485 466 2539 principes
511 2485 671 2539 leyatus
718 2488 774 2524 est
787 2517 798 2537 ⁷
844 2497 883 2525 a.
928 2482 1218 2523 1592-1611
1266 2480 1504 2521 amerinum
1550 2479 1827 2532 episcopatum

60 2548 268 2602 (Amelia)
301 2551 631 2603 administravit,
664 2551 710 2590 in
744 2545 1151 2603 „Epizenzericlibnffl
1186 2547 1270 2587 sice
1307 2543 1605 2598 „Itinerari0“,
1639 2557 1716 2598 quo
1748 2545 1829 2585 iter

61 2630 100 2657 a.
134 2617 428 2658 1560—1562
462 2630 553 2657 cum
589 2614 914 2666 Commendono,
959 2627 982 2653 a
1017 2613 1094 2654 Pio
1126 2611 1200 2653 IV.
1237 2611 1294 2651 cut
1328 2610 1586 2651 Germaniae
1615 2609 1828 2663 principes

60 2683 205 2736 leqccto,
239 2696 264 2722 a
298 2695 340 2723 se
373 2682 606 2723 institutum
641 2681 861 2734 (liliyenter
894 2676 1112 2731 describit,
1148 2691 1188 2717 se
1222 2677 1388 2716 ineunte
1420 2689 1459 2717 a.
1494 2676 1609 2716 1562
1641 2672 1717 2724 (m.
1750 2673 1827 2714 Fe-

62 2747 238 2788 bruario
252 2746 291 2798 ἓ)
323 2746 577 2801 Inyolstaclii
610 2760 636 2786 a
671 2744 976 2787 Connnendono
1009 2742 1281 2784 Monaclzimn
1307 2745 1471 2794 petente
1498 2740 1740 2794 paulisper,
1783 2743 1829 2779 ut

61 2815 297 2867 Aayustam
321 2811 634 2854 Vindelicoram
668 2811 838 2864 videret,
874 2809 1090 2863 deflexisse
1123 2811 1275 2849 narrat
1309 2805 1424 2856 (risle
1454 2818 1586 2859 supra
1618 2818 1659 2858 p.
1689 2802 1824 2856 3352).

179 2963 192 2978 ³
219 2966 355 2991 sexuus
378 2957 480 2990 Kess.

185 3092 194 3111 ¹
219 3090 272 3124 De
297 3089 366 3124 hoe
390 3088 545 3123 iubilaeo
572 3088 616 3123 cf.
643 3100 752 3134 supra
778 3100 810 3133 p.
839 3086 1026 3123 601—603
1054 3088 1090 3120 et
1115 3085 1220 3126 infra,
1246 3095 1401 3118 monum.
1429 3082 1508 3118 248.

182 3144 194 3165 ²
221 3143 352 3178 Sacrae
377 3153 528 3188 pompae
554 3142 632 3177 sive
662 3141 935 3187 „processioni·‘.
1035 3140 1047 3160 3
1074 3138 1126 3173 Cf.
1153 3137 1282 3172 Matth.
1311 3137 1342 3179 ‘2‚
1371 3135 1496 3171 1—18.

181 3199 194 3218 4
220 3197 326 3232 Prov.
353 3196 409 3237 21,
436 3195 492 3230 30.
592 3197 604 3216 ⁵
629 3195 730 3230 Rom.
758 3196 789 3236 8,
817 3195 872 3229 31.
