2093 3444
224 190 309 231 370
783 184 863 218 664.
900 182 1066 218 Canisius
1092 181 1272 216 Stanislao
1298 181 1420 216 Hosio.

222 305 412 349 parentum
438 302 512 336 Deo
539 300 763 335 committere
799 301 836 333 et
861 311 900 333 se
926 299 1144 339 subducere,
1180 298 1247 332 hoc
1274 299 1371 332 esset
1404 296 1542 331 Deum
1579 298 1806 331 tentare1.
1856 297 1993 332 Verum

223 357 254 392 si
280 358 450 402 parentes
475 355 611 389 habent
635 354 730 388 unde
756 353 883 386 uiuant
908 352 1057 386 absente
1083 351 1175 392 filio,
1211 351 1317 385 debet
1341 350 1438 385 filius
1464 351 1567 395 sequi
1594 350 1777 385 Christum
1803 353 1993 385 vocantem

224 418 260 444 et
294 421 364 444 non
401 409 537 449 dicere;
575 407 679 442 sine
716 418 782 440 me
817 406 1015 451 primum
1053 405 1122 438 ire
1161 406 1205 438 et
1239 403 1455 449 sepelire
1488 405 1672 448 patrem
1706 404 1892 445 meum2‚
1931 404 1994 438 sed

223 463 420 497 mittere
447 461 571 496 statim.
598 472 764 495 manum
793 460 843 493 ad
869 459 1095 499 arat1·um³,
1123 460 1159 492 et
1177 469 1258 492 cum
1276 457 1362 503 filijs
1380 457 1528 491 Zebedei
1546 457 1748 501 relinquere
1766 457 1993 502 parentes³4.

225 516 271 551 Et
295 516 392 551 beati
418 515 532 556 tales,
568 514 652 558 quia
678 512 959 557 centuplum
986 511 1233 556 accipient
1269 512 1314 544 et
1339 511 1488 545 vitam
1514 513 1759 545 aeternam
1784 511 1994 556 posside-

224 570 349 604 bunt.
384 569 489 603 Matt.
519 569 593 602 19.“
610 568 623 587 ⁵
656 567 703 600 Et
728 566 763 600 in
790 577 860 600 una
887 577 932 599 ex
958 565 1132 610 proximis
1158 564 1429 599 *contionibus:
1470 563 1574 606 „Dixi
1599 576 1669 598 non
1695 575 1800 609 posse
1826 566 1995 609 parentes

224 623 347 657 iubere
372 625 414 657 1113
439 622 502 667 filij
530 621 677 661 nubant,
704 631 769 654 nec
795 618 969 664 impedire
994 620 1035 652 ut
1062 620 1160 652 caste
1186 618 1331 659 uiuant,
1358 617 1519 661 religiosi
1544 618 1648 658 fiant,
1675 618 1738 652 sed
1763 617 1800 651 in
1826 629 1867 652 ea
1892 619 1996 662 parte

224 676 289 722 filij
317 676 448 710 debent
473 675 594 720 potius
620 673 722 717 sequi
757 672 924 717 spiritum
951 672 1018 706 dei.
1040 699 1046 704 .
1068 699 1074 705 .
1117 671 1220 705 Vnde
1246 671 1409 705 uidemus
1436 670 1560 714 quanti
1585 671 1697 705 refert
1722 672 1891 716 parentes
1917 682 1997 705 esse

223 730 412 764 timoratos
438 731 474 763 et
500 727 655 773 probosb
682 729 718 760 et
743 726 946 771 sapientes,
982 726 1021 758 ut
1048 724 1180 769 filijs
1206 724 1320 758 bene
1347 724 1594 769 praesint⁶
1621 726 1657 758 et
1682 724 1891 765 consulant,
1925 735 1997 758 non

224 783 462 829 impedientes
497 782 559 816 sed
596 781 849 826 promouentes
884 779 920 812 in
946 778 1036 812 bono
1073 786 1109 812 et
1142 777 1240 811 nullo
1275 777 1377 812 modo
1404 778 1531 811 dantes
1567 777 1789 812 occasionem
1825 779 1866 811 ut
1899 789 1996 811 con-

225 836 435 871 tristent
470 835 702 880 spiritum
737 833 846 866 DeiT
881 835 917 866 et
943 834 1097 875 grauent
1122 831 1214 865 filios
1249 832 1318 865 imo
1346 831 1453 865 etiam
1486 831 1752 876 reprehendant
1786 832 1821 865 et
1845 831 1997 873 rideant,

225 891 257 925 si
294 889 487 933 aliquando
524 888 682 922 habeant
719 887 849 921 bonam
883 885 1116 919 intentionem
1153 887 1188 919 et
1224 884 1440 919 desiderium
1477 884 1702 928 relinquendi
1739 884 1922 918 saeculum
1961 886 1998 918 013

225 943 360 979 saeculi
387 942 607 983 uanitatem,
635 941 677 975 2ο
704 940 848 985 saepius
874 939 996 973 utendi
1022 940 1250 973 sacramenta
1278 937 1374 982 [5²¹⁶]ae
1402 939 1422 972 3
1450 938 1584 972 diutius
1611 940 1647 972 et
1671 938 1837 972 deuotius
1862 937 1997 980 orandi,

225 998 248 1033 4
274 996 475 1042 simplicius
493 1007 532 1030 se
552 994 740 1033 uestiendi,
767 994 809 1027 5Ο
836 1005 856 1027 a
875 992 1051 1038 conuiuijs
1077 995 1113 1026 et
1131 992 1270 1026 choreis
1288 1004 1327 1026 se
1345 992 1577 1033 subducendi,
1604 992 1646 1026 6ο
1672 991 1717 1025 ad
1739 991 1997 1026 monasterium

226 1063 265 1086 se
301 1049 545 1085 conuertendi.
595 1047 688 1082 Nam
722 1047 759 1081 in
793 1046 849 1080 his
884 1048 1053 1080 tenentur
1083 1047 1251 1090 parentes
1286 1045 1489 1090 probare
1524 1045 1733 1090 spiritus
1768 1044 1923 1079 filiorum
1958 1044 1998 1080 si

227 1117 282 1139 ex
317 1104 411 1138 Deo
447 1103 603 1142 suntS,
640 1113 681 1135 ac
707 1100 787 1135 illos
823 1100 993 1134 adiuuare
1029 1099 1064 1133 in
1099 1099 1190 1133 bono
1217 1099 1409 1144 proposito.
1459 1099 1640 1144 Scriptum
1675 1100 1731 1133 est
1765 1098 1858 1132 enim
1890 1097 1996 1132 Noli

226 1158 488 1203 prohibere
515 1158 582 1190 etc.
597 1156 630 1176 ⁰⁰
680 1154 926 1188 Periculosum
953 1153 1045 1187 filios
1078 1155 1242 1187 auertere
1273 1164 1293 1186 a
1318 1152 1465 1186 meliore
1491 1152 1683 1197 proposito.
1737 1152 1755 1186 1
1783 1151 1849 1186 Est
1875 1153 1999 1186 contra
2032 1156 2039 1164 ⁴

225 1211 442 1257 scripturam
460 1209 564 1243 Prou.
587 1209 653 1244 3.¹⁰
679 1208 700 1242 2
720 1210 774 1242 est
794 1209 918 1241 contra
937 1218 1093 1241 amorem
1113 1206 1271 1241 debitum
1291 1206 1456 1245 filiorum,
1477 1206 1561 1250 quia
1580 1209 1665 1240 sunt
1682 1205 1817 1240 inimici
1836 1217 1958 1240 eorum
1974 1206 1998 1226 ¹¹

228 1264 292 1309 [et]
321 1264 486 1299 crudeles
521 1263 666 1307 tyranni
703 1262 723 1295 3
750 1264 834 1295 sunt
861 1272 969 1294 causa
995 1260 1170 1294 malorum
1206 1261 1241 1294 in
1267 1260 1352 1305 filijs
1384 1260 1611 1303 sequentium
1648 1262 1684 1293 et
1709 1259 1880 1293 bonorum
1908 1270 1999 1303 quae

227 1319 271 1353 ob
307 1319 340 1352 id
377 1317 612 1361 negliguntur
647 1317 670 1349 4
706 1318 761 1349 est
796 1318 923 1349 natura
951 1313 1129 1348 Sathanae
1166 1314 1247 1347 mali
1284 1316 1321 1347 et
1354 1313 1549 1347 inuidentis
1583 1325 1624 1347 ae
1658 1313 1821 1347 nocentis
1847 1312 1928 1357 ali-js
1963 1314 2000 1346 et

227 1374 401 1417 quantum
421 1373 540 1416 potest
558 1368 809 1413 iinpedientis⁴¹
829 1369 848 1402 5
869 1370 924 1402 est
942 1370 1065 1401 eontra
1085 1367 1289 1412 exemplum
1307 1369 1513 1401 sanctorum
1532 1367 1601 1401 imo
1621 1366 1766 1401 Christi.
1794 1365 1844 1400 Vt
1862 1366 2000 1400 Mariae

228 1438 298 1460 non
324 1425 480 1459 uolentis
506 1422 677 1468 impedire
705 1422 886 1456 Christum
915 1421 949 1455 in
976 1422 1159 1455 desertum
1186 1421 1372 1454 0111113011112
1398 1421 1418 1454 2
1438 1420 1629 1454 Zachariae
1657 1422 1693 1454 et
1710 1419 1895 1454 Elisabeth
1921 1430 1999 1464 per-

228 1479 446 1513 mittentium
468 1478 634 1511 loannem
661 1476 826 1510 iuuenem
854 1475 951 1510 abire
979 1477 1015 1509 et
1041 1475 1226 1508 eremitam
1254 1474 1331 1508 fieri
1358 1474 1391 1508 in
1419 1474 1561 1508 deserto
1577 1474 1602 1494 ¹³
1620 1474 1640 1507 3
1659 1474 1784 1508 Annae
1802 1472 2000 1507 samuelem

228 1532 412 1567 offerentis
450 1534 487 1565 et
516 1530 682 1565 facientis
712 1529 979 1563 Nazarenum¹⁴
1019 1528 1040 1562 6
1075 1528 1159 1572 quid
1199 1529 1254 1562 est
1291 1527 1360 1562 nisi
1398 1527 1653 1573 sapientiorem
1691 1538 1771 1561 esse
1806 1526 1900 1561 uelle
1934 1526 1999 1561 deo

227 1588 390 1620 uocante.
427 1585 447 1618 2
467 1583 768 1619 contristare
795 1582 1021 1627 spiritum
1049 1581 1121 1615 dei
1137 1582 1164 1602 ¹⁵
1190 1582 1210 1615 3
1237 1593 1414 1626 opponere
1438 1593 1476 1615 se
1495 1593 1575 1615 cum
1594 1581 1688 1614 Juda
1707 1582 1743 1614 et
1760 1580 1880 1615 Marta
1898 1580 1998 1624 Mag-

229 1639 442 1674 dalenae⁴⁴¹⁶
480 1637 540 1682 (ex
576 1637 701 1670 harum
738 1635 942 1670 contionum
978 1635 1262 1675 commentariis,
1299 1646 1319 1668 a
1346 1635 1489 1669 Canisio
1520 1633 1726 1677 recognitis.
1778 1633 1861 1668 Cod.
1893 1633 1999 1676 „Can

230 1693 272 1728 X.
300 1693 364 1727 U.“
396 1692 419 1726 f.
449 1692 527 1726 164.
558 1690 675 1733 1662).

352 1745 473 1780 Facile
500 1744 611 1788 igitur
637 1743 877 1787 intellegitur,
914 1742 949 1775 111
976 1742 1173 1782 Societate,
1200 1741 1294 1775 sicut
1320 1742 1355 1775 in
1383 1741 1463 1775 aliis
1488 1740 1667 1785 religiosis
1694 1740 1896 1782 ordinibus,
1923 1740 2001 1774 fieri

231 1811 348 1844 posse,
376 1801 416 1833 ut
442 1798 522 1842 quis
549 1797 674 1831 invitis
692 1796 901 1841 parentibus
927 1796 1158 1836 admittatur;
1186 1806 1403 1838 quamquam
1421 1794 1582 1828 Societas
1608 1805 1750 1839 semper
1774 1805 2000 1839 summopere

229 1853 297 1888 hoc
315 1852 420 1887 duxit
437 1851 633 1897 optandum
652 1850 955 1894 vehementerque
981 1849 1147 1883 insistere
1165 1848 1268 1889 solet,
1294 1850 1334 1882 ut
1352 1850 1539 1893 pareutum
1559 1859 1754 1882 consensus
1777 1847 1999 1892 impetretur.

1050 1972 1182 2014 (364.

968 2064 1265 2113 CANISIUS

549 2166 963 2212 STANISLAO
998 2163 1409 2208 CARDINALI
1440 2161 1690 2215 ROS10‚

518 2250 579 2284 uni
607 2262 651 2284 ex
679 2249 819 2284 concilii
845 2247 1032 2283 tridentini
1060 2246 1294 2292 praesidibus,
1321 2245 1487 2291 episcopo
1513 2244 1720 2279 varmiensi.

684 2334 854 2381 Augusta
880 2332 1153 2370 vindelicorum
1180 2331 1212 2367 9.
1239 2329 1432 2367 Februarii
1457 2329 1553 2366 1562.

353 2424 409 2458 Ex
435 2424 633 2469 archetypo
663 2424 735 2468 (20;
771 2423 841 2466 2¹l2
868 2434 925 2467 pp.
940 2435 947 2463 ;
982 2421 1019 2455 in
1045 2433 1078 2466 p.
1104 2422 1138 2455 4.
1165 2420 1271 2454 inscr.
1299 2421 1335 2454 et
1360 2418 1466 2463 sign),
1493 2419 1587 2464 quod
1614 2418 1778 2453 Canisius
1804 2429 1870 2452 sua
1895 2428 2003 2452 manu

236 2477 461 2522 subscripsit.
514 2477 597 2512 Cod.
626 2476 772 2520 gothan.
805 2475 865 2518 „E.
892 2476 937 2509 H.
964 2475 1005 2508 2“
1035 2474 1060 2508 f.
1089 2474 1216 2508 9—10.

355 2617 369 2632 ⁸
398 2613 496 2654 Quae
519 2616 728 2655 sequuntur,
759 2611 795 2645 G.
822 2621 890 2644 sua
915 2621 1026 2643 manu
1049 2613 1171 2653 postea
1197 2608 1347 2642 addidit.
1447 2607 1460 2627 *³
1486 2606 1635 2651 probros
1660 2607 1741 2640 libr.

358 2672 369 2686 Β
398 2665 494 2707 Quae
518 2668 726 2708 sequuntur,
757 2664 793 2697 C.
820 2664 860 2696 in
886 2663 1049 2706 maryine
1073 2673 1141 2695 saa
1166 2672 1277 2695 manu
1303 2661 1495 2694 adnotavit.
1594 2659 1610 2679 d
1635 2658 1872 2704 impedientes
1902 2658 1937 2692 C.

360 2800 370 2819 ¹
396 2798 464 2833 Ex.
493 2798 546 2840 17,
573 2797 605 2832 2.
635 2797 666 2832 7.
705 2796 810 2830 Deut.
838 2797 869 2838 6,
899 2796 941 2830 16
969 2798 1037 2830 etc.
1137 2795 1150 2816 2
1175 2794 1307 2828 Matth.
1335 2793 1366 2835 8,
1394 2793 1449 2827 21.
1488 2792 1573 2828 Luc.
1600 2793 1632 2834 9,
1659 2793 1715 2827 59.

357 2853 371 2872 ³
396 2851 482 2886 Luc.
510 2852 542 2893 9,
569 2851 625 2885 62.
723 2851 737 2870 ⁴
764 2849 818 2884 Cf.
845 2849 975 2884 Matth.
1002 2849 1034 2890 4,
1061 2848 1118 2883 21.
1144 2848 1200 2882 22.
1239 2847 1350 2881 Marc.
1380 2847 1409 2888 1,
1439 2847 1493 2882 19.
1521 2846 1576 2881 20.
1670 2847 1683 2866 ⁵
1708 2844 1837 2880 Matth.
1868 2845 1921 2886 19,
1948 2843 2004 2879 29.

361 2902 373 2921 ⁶
400 2905 416 2938 1
445 2904 536 2938 Tim.
563 2904 594 2945 3,
624 2903 678 2938 12.
777 2903 790 2923 ⁷
816 2902 907 2947 Eph.
933 2903 966 2944 4,
994 2902 1050 2936 30.
1151 2901 1164 2921 ⁸
1191 2901 1207 2935 1
1237 2900 1284 2935 10.
1311 2900 1344 2941 4,
1374 2901 1403 2934 1.

359 2959 372 2978 ⁹
397 2957 479 2991 Noli
505 2957 693 3003 prohibere
719 2955 931 2991 benefacere
958 2966 1050 2996 eum,
1077 2954 1139 2999 qui
1164 2955 1301 3000 potest:
1330 2953 1437 2987 Prov.
1465 2952 1496 2994 3,
1523 2952 1580 2987 27.

348 3011 375 3031 ¹⁰
400 3010 492 3045 Vide
519 3011 638 3045 adnot.
665 3009 830 3055 praeced.
930 3010 956 3030 ¹¹
984 3007 1038 3042 Cf.
1065 3007 1173 3042 Mich.
1201 3008 1233 3049 7,
1260 3007 1292 3041 6.
1331 3005 1461 3041 Matth.
1491 3005 1545 3047 10,
1574 3005 1630 3040 36.

347 3064 374 3084 ¹2
400 3063 454 3097 Cf.
481 3063 611 3097 Matth.
638 3063 671 3104 4,
700 3063 730 3097 1.
769 3062 881 3096 Marc.
910 3062 940 3103 1,
969 3062 1023 3095 12.
1054 3061 1107 3095 13.
1209 3061 1236 3081 ¹³
1262 3059 1316 3094 Cf.
1342 3059 1427 3093 Luc.
1457 3059 1486 3100 1,
1513 3058 1569 3093 80.

348 3117 374 3137 ¹¹¹
401 3115 455 3150 Cf.
485 3117 501 3150 1
529 3115 618 3160 Reg.
647 3116 678 3156 1,
707 3116 761 3149 11.
789 3114 844 3148 22.
872 3114 938 3155 28;
964 3115 996 3155 2,
1025 3114 1078 3148 11.
1181 3114 1207 3133 ¹⁵
1232 3112 1322 3158 Eph.
1348 3113 1382 3154 4,
1409 3112 1465 3147 30.

348 3170 374 3189 ¹⁶
400 3169 453 3203 Cf.
480 3169 530 3204 Io.
559 3169 614 3211 12,
642 3168 743 3203 1—8.
786 3167 871 3202 Luc.
900 3167 953 3209 10,
981 3167 1133 3202 38—42.
