2093 3444
231 229 388 263 Monuni.
417 228 594 272 (august.)
623 230 702 263 247.
733 229 846 273 (Inter
872 241 918 263 m.
945 230 1024 264 Oet..
1052 242 1083 265 a.
1112 230 1202 265 1562
1229 232 1266 264 et
1290 230 1431 264 initium
1458 242 1488 265 a.
1520 230 1637 274 1563.)
1734 233 1818 274 613

53 345 97 387 in
121 346 285 387 duabus
308 346 404 400 alijs
427 346 615 400 familijs,
651 360 760 399 quae
794 361 848 387 ex
870 346 1201 389 Lutheranismo
1225 361 1375 389 recens
1399 348 1452 389 ad
1476 348 1818 390 catholicismum

54 424 290 452 conuersae
322 410 519 461 fuerunt,
564 411 899 465 deprehenditur
934 447 941 454 .
977 411 1084 461 Quid
1127 426 1206 465 ego
1241 412 1293 453 de
1325 412 1410 454 alia
1444 413 1582 455 dicam
1621 412 1819 455 familia?

54 489 164 528 quae
209 475 355 518 multis
400 476 453 517 ab
495 475 593 517 hinc
635 475 758 517 annis
800 477 1052 518 daemonem
1094 476 1185 518 fere
1226 477 1485 519 familiarem
1526 478 1706 520 habuit?
1768 478 1818 520 Js

52 540 178 583 modo
212 540 351 591 canis,
394 540 520 582 modo
554 541 698 590 bouis,
742 543 818 583 aut
851 541 1030 583 alterius
1064 542 1229 584 bestiae
1260 542 1446 584 formam
1478 543 1816 596 praeseferebat,

53 605 284 658 aliquando
308 605 543 647 formosam
576 605 710 648 ueluti
734 606 959 659 Virginem
993 621 1087 648 sese
1117 608 1380 656 ostentabat,
1415 607 1648 660 multisque
1680 608 1818 650 modis

52 669 191 711 uirum
226 673 270 712 et
300 684 481 712 uxorem
515 670 569 712 ad
602 671 803 723 laqueum
838 674 881 712 et
915 671 1261 724 desperationem
1294 671 1528 721 inui‘cabat,
1569 673 1643 714 sed
1677 675 1721 714 61
1752 672 1818 714 111-

53 735 217 777 clusam
260 749 389 777 arcae
422 735 651 789 pecuniam
691 735 776 776 illis
809 735 1071 789 surripiebat
1106 771 1113 778 .
1148 737 1223 778 Jta
1257 740 1383 779 nocte
1425 740 1468 779 et
1501 738 1568 779 die
1610 753 1706 779 cum
1738 738 1818 780 1106

52 801 168 842 tetro
202 814 252 842 ac
284 800 530 855 importuno
557 800 728 854 hospite
761 801 1013 842 certandum
1047 804 1154 852 erat,
1189 805 1237 844 ut
1269 802 1360 843 uita
1392 802 1477 844 illis
1509 804 1666 845 acerba
1698 803 1818 845 uide-

52 868 185 908 retur.
250 865 330 915 Qui
363 880 459 907 cum
492 866 546 908 ad
579 879 657 907 nos
690 865 911 907 uenissent
943 866 1131 915 tandem,
1167 869 1210 908 et
1242 867 1432 921 acceptis
1465 868 1654 922 consilijs
1687 883 1817 922 paru·

50 929 208 981 issent,
243 930 350 973 facti
382 932 483 973 sunt
516 930 738 984 catholicj,
773 930 945 983 iamque
977 930 1081 973 laeti
1113 933 1204 973 Deo
1237 932 1403 986 gratias
1436 936 1584 985 agunt,
1618 933 1817 975 nimirum

52 995 104 1037 de
136 995 368 1050 profligato
393 996 614 1047 daemone,
648 998 740 1038 tum
775 995 868 1045 sibi,
902 998 994 1037 tum
1022 996 1143 1038 nobis
1177 1011 1230 1038 ex
1264 997 1406 1039 animo
1429 999 1703 1051 gratulantes
1738 1035 1745 1042 .

51 1060 272 1114 Frequens
306 1063 372 1103 est
395 1061 535 1103 adhuc
568 1063 612 1103 et
634 1061 760 1103 solito
795 1061 926 1102 etiam
949 1060 1218 1114 frequentior
1250 1075 1345 1104 esse
1377 1062 1462 1104 iam
1486 1063 1627 1117 coepit
1648 1063 1816 1117 piorum

50 1140 254 1167 numerus
278 1125 348 1179 qui
372 1140 522 1168 sacrae
546 1126 830 1168 confessionis
863 1128 907 1168 et
930 1126 1238 1168 communionis
1261 1127 1441 1169 solemni
1463 1142 1541 1169 usu
1564 1131 1657 1170 tum
1680 1143 1814 1178 suam,

49 1193 143 1233 tum
177 1191 358 1232 aliorum
382 1191 700 1233 Catholicorum
733 1191 943 1245 pietatem
965 1190 1192 1244 Augustae
1215 1193 1473 1235 confirmant
1497 1229 1504 1235 .
1532 1229 1538 1234 .
1567 1229 1573 1235 .
1621 1194 1728 1234 Tum
1762 1194 1817 1235 ad

49 1256 388 1298 confirmationis
439 1257 790 1306 Sacramentum,
847 1257 959 1309 quod
1010 1257 1134 1298 multi
1188 1257 1347 1310 alioqui
1400 1257 1481 1300 1106
1522 1259 1615 1300 1060
1658 1258 1813 1308 rident,

48 1320 237 1363 iuniores
270 1335 321 1364 ac
353 1324 500 1364 aetate
533 1322 721 1375 grandes
755 1324 803 1364 111
836 1321 952 1374 digni
987 1322 1209 1372 accedant,
1243 1322 1565 1365 instituuntura.
1631 1324 1698 1364 Ex
1717 1323 1817 1365 Vir-

49 1385 220 1440 ginibus
243 1387 454 1440 quaedam
479 1387 610 1429 etiam
644 1386 809 1428 nobiles
834 1386 968 1428 uitam
991 1388 1218 1441 amplexae
1251 1390 1351 1429 sunt
1374 1388 1670 1439 monasticam,
1705 1388 1816 1430 aliae

50 1465 157 1504 quas
190 1466 344 1494 nouem
386 1455 463 1495 aut
495 1452 643 1494 decem
686 1466 781 1494 esse
813 1455 940 1506 puto,
985 1452 1133 1494 eodem
1168 1453 1365 1506 aspirant
1399 1469 1406 1493 :
1441 1454 1672 1495 nonnullae
1713 1468 1816 1495 uero

48 1516 151 1559 licet
184 1531 279 1559 cum
312 1517 461 1560 amicis
483 1517 695 1568 habitent,
730 1520 878 1559 tamen
911 1518 964 1558 ad
991 1517 1131 1570 legem
1155 1518 1351 1572 perpetui
1386 1519 1624 1561 caelibatus
1648 1518 1816 1561 Christo

49 1595 96 1623 se
128 1596 286 1636 sponso
319 1597 471 1625 recens
504 1583 774 1625 deuouerunt
809 1618 815 1625 .
850 1583 1073 1624 Docentur
1101 1583 1227 1637 Puerj
1261 1582 1426 1625 nobiles
1460 1583 1573 1625 domi
1606 1583 1816 1626 catechis-

48 1661 178 1690 mum.
207 1684 213 1690 .
242 1684 249 1690 .
277 1649 305 1689 .¹
363 1648 432 1690 Ex
464 1648 666 1702 Patricijs
699 1647 968 1701 Augustanis
1000 1662 1086 1689 non
1118 1648 1287 1689 infimus
1320 1648 1426 1698 fuit,
1470 1648 1541 1702 qui
1581 1649 1729 1691 multis
1762 1649 1816 1690 ab

51 1711 150 1754 hinc
184 1713 307 1754 annis
340 1713 383 1755 in
406 1713 629 1756 Catholica
651 1713 877 1767 Religione
910 1716 1082 1763 nutans,
1117 1713 1276 1755 Missae
1300 1713 1508 1755 sacrificio
1541 1728 1679 1767 neque
1703 1713 1814 1756 domi

49 1791 190 1831 neque
213 1778 319 1820 foris
352 1779 490 1821 uoluit
521 1778 746 1821 interesse.
794 1779 898 1820 Cum
920 1779 1001 1820 hoc
1025 1779 1225 1821 effectum
1258 1781 1325 1820 est
1347 1780 1536 1829 tandem,
1570 1781 1618 1821 ut
1644 1782 1816 1822 nostros

49 1843 164 1885 domi
196 1858 300 1886 suae
334 1844 547 1899 cupiuerit
580 1844 838 1887 sacrificare.
900 1844 1020 1894 Quod
1055 1858 1147 1885 cum
1182 1844 1436 1886 fecissemus
1452 1846 1481 1891 2,
1515 1845 1713 1898 promisit
1744 1845 1816 1887 ille

48 1909 168 1963 breuj
204 1924 251 1951 se
283 1910 556 1964 proditurum
589 1910 644 1952 ad
677 1924 802 1952 sacra
833 1909 1019 1964 publica,
1054 1924 1080 1951 a
1102 1909 1254 1963 quibus
1288 1910 1411 1951 annis
1444 1909 1558 1952 forte
1591 1910 1739 1952 decem
1772 1913 1817 1954 et

49 1987 99 2016 60
133 1974 317 2029 amplius
349 1976 463 2017 haud
497 1975 591 2017 sine
624 1975 860 2017 offensione
892 1975 1126 2017 inultorum
1159 1989 1204 2016 se
1236 1974 1408 2029 penitus
1442 1974 1712 2017 abstinuerat
1737 1991 1744 2018 ᾳ
1772 2011 1778 2017 .
1807 2011 1814 2018 .

48 2038 315 2082 Adolescens
348 2040 521 2093 quidam
553 2040 668 2083 inter
699 2040 943 2082 haereticos
977 2039 1047 2081 diu
1080 2042 1295 2089 uersatus,
1331 2054 1426 2081 cum
1459 2054 1485 2081 a
1517 2040 1638 2081 nobis
1662 2041 1816 2094 Jngol-

48 2105 239 2147 stadium
263 2105 509 2148 destinatus
542 2108 671 2156 esset,
706 2105 965 2159 contemptis
998 2105 1143 2159 mundj
1167 2104 1362 2158 ludibrijs
1395 2105 1449 2146 ad
1470 2105 1692 2159 perfectae
1724 2105 1815 2159 pie-

47 2170 154 2213 tatis
200 2171 388 2213 studium
434 2185 480 2213 se
523 2173 664 2214 totum
709 2170 957 2220 transtulit,
1006 2172 1151 2212 mente
1195 2185 1220 2212 a
1263 2170 1594 2212 Lutheranismo
1638 2185 1815 2224 prorsus

49 2235 215 2278 alienus
251 2271 258 2278 .
293 2236 500 2278 Dedimus
534 2236 665 2278 etiam
699 2250 875 2290 operam
909 2235 1161 2288 quibusdam
1205 2237 1249 2277 et
1282 2235 1461 2278 eruditis
1493 2235 1735 2277 hominibus
1767 2239 1816 2279 ut

48 2300 184 2343 sacris
223 2301 502 2344 initiarentur
535 2318 543 2344 :
579 2316 634 2344 ex
672 2301 824 2343 horum
866 2300 1104 2343 ministerio
1146 2300 1335 2342 fructum
1375 2300 1429 2342 ad
1461 2300 1702 2342 Ecclesiam
1734 2301 1816 2343 Dei

48 2357 290 2408 rediturum
322 2381 560 2421 speramus.

866 2453 996 2496 247.

438 2544 541 2581 Inter
565 2555 612 2581 111.
639 2544 831 2582 Octobrem
859 2554 891 2580 a.
918 2543 1003 2580 1562
1030 2544 1068 2580 61
1093 2541 1242 2579 initium
1268 2552 1300 2578 a.
1327 2541 1422 2578 1563.

166 2632 221 2666 Ex
247 2633 418 2667 Elderem'
441 2632 572 2667 litteris
599 2633 834 2678 autographis
863 2633 963 2677 (Cod.
995 2632 1057 2675 „G.
1084 2632 1148 2677 Ep.
1176 2631 1245 2666 IV“
1275 2631 1299 2665 f.
1322 2630 1424 2674 130³)
1453 2632 1490 2665 et
1519 2632 1671 2665 Gassari
1695 2631 1814 2665 Anna-

47 2686 141 2721 libus
176 2686 388 2729 augustanis
422 2698 531 2720 manu
565 2687 731 2732 scriptis,
767 2687 828 2731 qui
862 2688 948 2721 sunt
981 2686 1018 2720 in
1052 2685 1290 2720 bibliothecae
1324 2684 1445 2728 regiae
1477 2684 1701 2719 monacensis
1729 2684 1813 2719 Cod.

53 2739 134 2781 „lat.
163 2740 202 2773 1“
232 2751 266 2784 p.
294 2739 373 2774 516.

167 2866 181 2882 ³
205 2860 442 2896 instituuntur
476 2867 523 2896 est
553 2863 593 2896 in
626 2863 758 2897 haram
783 2864 984 2897 litterarum
1011 2874 1088 2906 ap,
1124 2863 1236 2895 eodem
1264 2866 1416 2904 tempore
1441 2862 1592 2904 scripto,
1632 2860 1713 2895 Cod.
1743 2862 1812 2905 „G.

47 2915 115 2958 Ep.
141 2913 226 2948 1V.“
252 2916 280 2957 f.
309 2915 403 2949 13112.
454 2916 496 2949 In
525 2921 663 2959 autoqr.
689 2917 754 2950 hoe
778 2928 808 2950 v.
832 2918 967 2960 partim
993 2917 1140 2950 humore
1166 2919 1374 2958 corrupfimn
1401 2919 1458 2948 est.

171 3048 181 3067 ¹
208 3045 260 3080 Cf.
288 3057 397 3091 supra
426 3058 459 3091 p.
487 3047 566 3082 596.
594 3048 674 3082 599.
701 3047 781 3082 604.
809 3047 888 3082 608.

168 3100 181 3120 2
206 3099 358 3135 Familia
382 3099 445 3134 illa
470 3100 600 3134 nobilis
625 3100 855 3146 privilegium
881 3100 1051 3134 habuisse
1076 3100 1238 3142 videtur,
1278 3112 1346 3144 quo
1371 3101 1408 3134 in
1434 3100 1629 3135 domestico
1656 3101 1731 3136 eius
1758 3112 1812 3136 sa-

47 3152 138 3188 cello
163 3153 296 3187 missae
322 3152 538 3187 sacrificium
569 3153 696 3187 offerre
730 3154 872 3188 licebat.
924 3153 1128 3187 Accedebat
1161 3153 1392 3198 privilegium
1417 3152 1530 3188 Sociis
1565 3165 1586 3188 a
1612 3154 1724 3189 Paulo
1749 3155 1813 3189 HI.

46 3205 242 3247 tributum3
268 3205 311 3240 de
337 3216 406 3250 quo
433 3205 515 3240 vide
540 3205 646 3249 infra,
672 3218 827 3241 monum.
855 3206 934 3241 269.
