2093 3444
736 191 848 226 Roma
875 192 931 227 30.
957 192 1044 226 Maii
1073 193 1174 227 1562.
1756 201 1836 241 451

877 310 1037 352 jhesus

511 384 648 427 Molto
681 385 936 428 Reuerendo
971 386 1014 428 in
1048 387 1210 430 christo
1242 388 1396 432 Padre.

761 462 856 503 Pax
888 462 1039 504 christi
1072 467 1153 507 etc.

186 535 463 578 Riceuemmo
506 537 650 590 quella
692 537 733 579 di
765 538 818 580 V.
853 538 1118 582 Reuerentia
1160 539 1199 581 di
1244 541 1282 583 8.
1318 539 1359 582 di
1391 540 1569 595 Maggio
1611 543 1767 585 scritta
1799 543 1842 584 in

67 600 297 654 Eniponte,
332 603 377 644 et
410 601 520 656 dopo
553 602 579 643 l’
604 602 716 644 altre
750 603 791 644 di
816 605 883 646 17.
919 603 988 645 del
1019 605 1253 647 medesimo
1286 605 1438 648 scritte
1469 606 1513 647 in
1536 607 1699 650 Trento
1733 608 1842 651 doue

66 665 97 707 li
137 666 184 707 fu
226 666 500 709 necessario³
541 667 704 710 andare
744 682 822 722 per
862 669 905 710 la
946 668 1158 712 instantia
1199 671 1301 712 delli
1332 671 1625 714 Jllustrissimi
1662 673 1841 726 Legati:

65 734 112 774 et
144 732 308 774 benche
350 732 388 774 01
419 732 722 787 persuadiamo
757 733 835 775 che
868 734 939 775 all’
964 735 1134 776 arriuar
1166 736 1207 777 di
1241 739 1395 790 questa
1427 736 1492 779 sia
1528 737 1601 790 gia
1633 738 1706 792 gia
1740 736 1839 793 [sic]

63 796 260 839 arriuato
303 799 427 840 costa
466 798 497 839 il
537 798 673 852 padre
714 801 904 841 maestro
943 800 1160 842 salmeron
1194 834 1203 852 ,
1237 805 1281 844 et
1322 802 1377 844 da
1416 802 1476 844 lui
1508 805 1636 857 potra
1668 803 1721 846 V.
1755 803 1841 846 Re-

66 862 265 905 uerentia
304 862 441 905 110001Ί
481 862 735 906 risolutione
777 866 822 905 et
854 864 1044 918 risposta
1085 865 1127 907 di
1159 866 1292 908 molte
1326 881 1424 909 cose
1461 882 1547 909 non
1580 870 1612 910 s'
1638 871 1660 910 e
1692 870 1841 912 uoluto

65 930 170 982 pero
202 942 408 971 mancare
441 928 483 970 di
516 928 712 970 scriuerli
745 929 786 971 di
821 931 905 982 qua
939 966 947 973 .

185 993 229 1035 ε11
263 993 471 1047 consiglio
495 994 572 1036 che
603 994 659 1036 lei
693 994 747 1036 da
770 994 811 1036 di
834 995 902 1036 far
925 995 1181 1039 essercitare
1205 999 1277 1050 qui
1300 998 1430 1050 quelli
1453 998 1531 1040 che
1554 999 1589 1040 si
1613 999 1840 1042 destinano

64 1073 144 1114 per
175 1059 353 1112 leggere
394 1059 438 1101 in
470 1059 715 1113 Alemagna
746 1060 887 1114 prima
920 1060 961 1101 di
1003 1062 1218 1103 mandarli
1252 1064 1274 1104 e
1306 1064 1440 1105 molto
1474 1064 1639 1115 110011ος
1682 1067 1753 1107 ma
1785 1065 1841 1107 lei

64 1124 244 1167 (1000110
279 1138 423 1166 essere
455 1139 581 1166 meno
615 1125 809 1167 sollecito
843 1125 886 1166 in
919 1126 1182 1169 domandare
1215 1130 1313 1181 ogn'
1337 1128 1444 1171 hora
1485 1129 1615 1171 00001
1648 1130 1841 1184 soggetti

64 1190 222 1245 perche
247 1190 548 1232 domandando
567 1190 618 1232 V.
638 1191 902 1233 Reuerentia
925 1205 1005 1233 con
1028 1194 1154 1234 tanta
1175 1192 1400 1243 instantia,
1425 1196 1468 1237 et
1490 1209 1576 1236 non
1599 1198 1634 1237 c'
1659 1196 1840 1238 essendo

63 1256 108 1298 di
141 1257 226 1310 qua
258 1255 407 1298 lettori
428 1255 471 1296 in
493 1257 621 1298 tanta
653 1256 921 1299 abundantia
944 1257 1187 1300 essercitati
1221 1260 1243 1300 e
1266 1259 1511 1302 necessario
1546 1260 1624 1302 che
1650 1261 1687 1303 si
1719 1276 1841 1303 man-

63 1322 165 1364 dino
198 1321 269 1363 nel
301 1321 427 1363 modo
451 1321 529 1363 0110
561 1321 601 1363 10
624 1321 876 1369 110111110010;
912 1325 955 1364 01
976 1322 1019 1363 in
1054 1323 1118 1364 cio
1141 1323 1184 1365 la
1217 1324 1420 1375 certifico,
1456 1325 1533 1367 che
1556 1326 1591 1367 31
1624 1326 1669 1368 fa
1690 1327 1842 1369 tantob

64 1401 187 1429 come
220 1387 336 1428 forse
369 1400 449 1429 0011
490 1388 607 1429 10110
639 1387 697 1440 gl'
722 1387 834 1429 altre
876 1387 1096 1441 prouincie
1137 1388 1317 1431 insieme
1355 1390 1469 1432 della
1501 1390 1766 1445 Compagnia
1797 1392 1841 1434 in

62 1453 128 1495 tal
160 1452 377 1503 maniera,
421 1451 499 1494 che
531 1466 637 1506 pare
670 1454 755 1506 qua
797 1453 874 1494 che
906 1467 992 1495 non
1025 1453 1061 1495 ci
1095 1453 1159 1496 sia
1192 1455 1306 1497 altra
1347 1469 1452 1497 cura
1489 1456 1567 1498 che
1600 1456 1641 1498 di
1674 1457 1842 1500 alleuar

62 1521 196 1572 gente
227 1532 306 1572 per
337 1517 583 1572 allemagna
617 1553 625 1561 .
659 1518 712 1561 V.
737 1518 1000 1561 Reuerentia
1033 1519 1233 1573 adunque
1255 1520 1362 1563 resti
1394 1520 1627 1564 sodisfatta
1658 1522 1729 1577 poi
1763 1523 1840 1565 che

62 1583 100 1626 si
132 1583 179 1625 fa
212 1583 254 1625 di
287 1585 372 1636 qua
405 1582 536 1625 etiam
578 1583 651 1637 piu
684 1583 726 1625 di
768 1584 866 1637 quel
899 1584 976 1626 che
1018 1584 1054 1625 31
1088 1585 1231 1638 potria
1265 1621 1272 1628 .
1308 1585 1344 1627 Il
1375 1585 1521 1628 lunedi
1562 1589 1772 1641 passato1
1805 1589 1839 1630 31

62 1648 259 1704 partirno
302 1648 344 1690 di
385 1650 471 1702 qua
511 1648 542 1690 11
583 1649 724 1691 Padre
756 1649 903 1692 Pietro
942 1649 1216 1701 Coloniense,
1261 1654 1305 1693 et
1346 1654 1537 1694 maestro
1580 1651 1839 1706 Guiglielmo

61 1714 321 1756 Τ11οᾱ03002
352 1714 518 1757 1000110
560 1714 612 1756 (10
645 1714 864 1769 Eniponto
908 1716 952 1757 et
985 1715 1200 1769 speriamo
1243 1716 1321 1758 che
1359 1716 1656 1770 giongeranno
1689 1718 1732 1760 la
1763 1733 1842 1774 per

62 1782 192 1823 santo
227 1779 485 1822 Giouanniss.
550 1780 835 1835 Repetuntur,
878 1795 985 1836 quae
1018 1782 1069 1822 de
1108 1783 1327 1837 utriusque
1361 1784 1516 1824 studiis
1549 1784 1772 1827 litterariis
1805 1791 1841 1827 et

504 1904 649 1939 Jhesus.
688 1904 805 1939 Valde
832 1904 1029 1938 reverende
1055 1904 1091 1938 in
1119 1903 1262 1938 Christo
1289 1906 1402 1949 pater.

184 1968 262 2002 Pax
296 1967 430 2003 Christi
465 1970 531 2003 etc.
583 1968 800 2014 Accepimus
835 1968 1060 2003 reverentiae
1101 1970 1246 2003 vestrae
1280 1968 1423 2004 litteras
1459 1970 1490 2005 8.
1517 1971 1604 2005 Maii
1641 1971 1840 2017 Oeniponte

61 2021 169 2056 datas
196 2023 232 2056 et
257 2023 384 2067 postea
410 2021 544 2057 alteras
571 2022 628 2056 die
657 2023 710 2057 17.
739 2022 899 2057 eiusdem
926 2022 1060 2056 mensis
1088 2022 1192 2056 datas
1218 2022 1409 2065 Tridento‚
1446 2035 1515 2068 quo
1541 2024 1655 2069 ipsam
1683 2025 1734 2060 ire
1760 2026 1839 2060 illu-

60 2075 254 2110 strissimis
280 2075 413 2119 legatis
447 2075 668 2110 instantibus
704 2087 851 2110 necesse
877 2075 965 2116 fuit;
1001 2077 1036 2109 et
1068 2075 1155 2109 licet
1181 2087 1250 2120 quo
1283 2077 1444 2122 tempore
1470 2077 1537 2111 hae
1563 2077 1708 2113 litterae
1734 2079 1776 2114 R.
1795 2079 1838 2115 V.

59 2128 262 2169 tradentur,
288 2130 429 2174 patrem
448 2129 663 2173 magistrum
684 2128 929 2163 Salmeronem
957 2129 1051 2163 istuc
1077 2129 1220 2163 iamiam
1240 2130 1431 2165 advenisse
1454 2131 1704 2166 existimemus
1730 2135 1840 2177 atque

61 2182 140 2227 ipse
165 2181 300 2216 multas
318 2181 359 2216 R.
373 2182 416 2216 V.
436 2182 681 2217 dubitationes
699 2182 842 2217 solvere
869 2185 904 2216 et
931 2182 974 2216 ad
1001 2182 1117 2216 multa
1134 2183 1350 2228 respondere
1368 2184 1493 2229 possit,
1520 2184 1700 2220 noluimus
1718 2187 1839 2221 tamen

62 2235 148 2270 hinc
173 2247 243 2269 non
269 2235 427 2270 scribere
454 2236 499 2270 ad
525 2236 653 2281 ipsam.

184 2290 303 2333 Atque
329 2289 463 2334 optime
490 2290 634 2334 quidem
661 2289 739 2335 ipsa
765 2289 910 2331 suadet,
938 2291 988 2331 ut,
1016 2301 1105 2333 quos
1132 2290 1175 2323 ad
1203 2290 1348 2324 scholas
1374 2290 1410 2324 in
1438 2291 1630 2326 Germania
1655 2292 1839 2328 habendas

60 2342 387 2384 destinaverimus,
415 2345 610 2388 antequam
636 2344 846 2385 mittantur,
874 2343 932 2378 hic
959 2343 1209 2378 exercitandos
1236 2355 1421 2385 curemus;
1458 2347 1496 2379 at
1521 2345 1600 2390 ipsa
1626 2346 1744 2381 minus
1770 2347 1839 2382 sol-

60 2395 163 2431 licita
190 2407 269 2431 esse
297 2396 464 2439 debebat,
491 2409 604 2431 novos
629 2397 793 2431 homines
819 2396 855 2430 in
882 2396 1046 2440 singulas
1072 2397 1179 2431 horas
1205 2397 1376 2442 petendo;
1405 2410 1486 2432 cum
1512 2398 1607 2433 enim
1633 2401 1838 2435 reverentia

61 2451 187 2484 vestra
204 2451 393 2494 tantopere
418 2449 531 2484 instet
547 2451 702 2495 petendo
728 2461 843 2494 neque
870 2461 933 2484 nos
957 2450 1142 2494 magistris
1162 2451 1372 2486 exercitatis
1390 2453 1579 2497 tantopere
1606 2453 1837 2497 abundemus,

59 2502 157 2537 tales
183 2515 263 2544 eos,
299 2503 425 2547 quales
450 2503 646 2545 habemus,
679 2503 866 2538 mittamus
892 2515 1041 2538 necesse
1077 2506 1151 2545 est;
1188 2506 1224 2538 et
1248 2504 1315 2538 1100
1341 2505 1382 2539 R.
1401 2504 1445 2539 V.
1472 2517 1535 2551 pro
1562 2508 1659 2541 certo
1686 2507 1838 2550 affirmo,

62 2568 127 2591 nos
145 2558 287 2590 tantum
314 2556 427 2602 ipsius
445 2557 663 2602 provinciae,
690 2559 864 2601 quantum
884 2557 1040 2591 fortasse
1065 2557 1214 2601 reliquis
1242 2558 1405 2593 omnibus
1425 2558 1615 2594 Societatis
1641 2561 1839 2605 provinciis

63 2609 100 2644 in
125 2621 235 2644 unum
263 2610 434 2651 collectis,
462 2613 658 2655 praestare,
686 2610 737 2644 ita
763 2612 804 2643 ut
830 2610 926 2644 aliud
953 2611 1055 2644 nobis
1081 2622 1188 2645 curae
1213 2623 1284 2645 non
1310 2623 1389 2646 esse
1415 2611 1474 2646 hic
1499 2613 1676 2655 videatur,
1703 2614 1772 2648 nisi
1798 2617 1839 2649 ut

60 2662 226 2698 homines
261 2663 297 2697 in
333 2663 547 2698 Germaniae
585 2663 782 2698 utilitatem
818 2663 1061 2699 instituamus.
1112 2663 1330 2699 Reverentia
1364 2665 1477 2708 igitur
1510 2668 1634 2700 vestra
1669 2669 1838 2702 contenta

59 2716 120 2758 sit,
148 2717 232 2761 quia
259 2717 365 2751 etiam
384 2717 466 2762 plus
485 2729 591 2761 quam
611 2718 797 2762 praestare
821 2728 927 2761 posse
945 2717 1119 2759 videmur,
1146 2720 1385 2762 praestamus.
1424 2718 1613 2764 Superiore
1632 2720 1688 2754 die
1706 2720 1836 2755 lunae¹

60 2769 146 2804 hinc
171 2772 275 2815 pater
300 2770 432 2805 Petrus
451 2770 674 2805 Coloniensis
701 2772 737 2804 et
762 2769 938 2813 magister
957 2770 1171 2805 Guilielmus
1191 2770 1417 2806 Germanus²
1444 2771 1679 2818 Oenipontem
1708 2786 1838 2809 versus

61 2823 215 2868 profecti
240 2826 344 2865 sunt3
380 2835 470 2868 quos
496 2824 541 2858 ad
568 2824 661 2858 diem
687 2825 818 2858 festum
856 2823 971 2858 sancti
998 2824 1168 2858 Ioannis³
1204 2836 1244 2859 eo
1277 2825 1497 2860 adventuros
1533 2837 1612 2860 esse
1637 2838 1836 2872 speramus.

61 2877 284 2921 Repetuntm·
308 2878 402 2922 [etc.‚
428 2883 468 2912 ut
492 2878 639 2921 supra]

180 2983 195 2998 ³
222 2979 430 3022 Sequuntur
453 2979 557 3012 verba
584 2977 626 3011 de
653 2977 749 3022 dare,
776 2978 820 3011 ab
846 2979 921 3021 ipso
947 2979 1026 3012 libr.
1055 2979 1266 3014 oblitterata.

180 3031 196 3051 b
223 3032 465 3075 Supplendmn
493 3042 561 3065 esse
585 3031 724 3064 videtur
750 3042 816 3065 con
841 3030 876 3064 10
902 3042 967 3065 sua
993 3032 1177 3076 prouincia
1203 3034 1254 3066 vel
1280 3033 1420 3077 aliquid
1445 3034 1569 3067 simile.

185 3131 194 3150 ¹
222 3130 277 3164 25.
304 3129 403 3164 Maii.
502 3130 515 3150 ²
541 3128 633 3163 Vide
659 3140 769 3174 supra
794 3141 829 3174 p.
855 3129 1056 3164 445—447.

183 3183 196 3203 ³
221 3183 277 3216 Ad
302 3182 438 3217 festum
467 3181 702 3225 „Nativitatis
729 3181 763 3217 S.
790 3183 933 3217 Ioannis
959 3183 1167 3228 Baptistae“
1201 3183 1272 3227 (24.
1300 3183 1421 3228 Iunii).

1484 3244 1556 3276 29*
