2093 3444
277 233 434 267 Monum.
466 231 701 275 (augustana)
730 231 809 265 ⁴271.
840 231 954 274 (Inter
979 242 1025 264 m.
1052 230 1258 264 Ianuarium
1286 232 1321 263 et
1348 230 1482 263 Maium
1513 228 1631 272 1561.)
1755 231 1838 271 663

69 349 278 394 quiescenti,
306 349 510 388 admonens,
538 351 574 381 et
592 347 782 382 cohortans
801 350 842 381 vt
868 347 1008 380 animae
1035 347 1141 380 saluti
1166 346 1387 381 consuleret:
1415 358 1435 380 a
1461 345 1583 380 fallaci
1603 345 1839 390 superbarum

68 402 270 436 nouitatum
297 413 425 442 errore,
453 401 497 434 ad
516 403 653 435 rectum
672 401 856 435 Ecclesiae
874 403 1031 437 sanctae,
1059 403 1094 433 et
1112 400 1243 434 seculis
1271 403 1353 434 ante
1372 399 1498 433 tritum
1517 398 1684 433 omnibus
1711 399 1839 434 callem

68 455 319 498 regrederetur
345 481 352 488 .
380 453 432 487 Ea
457 454 595 497 specie,
633 455 742 497 atque
768 453 1013 487 cohortatione
1039 453 1214 497 perculsa,
1242 453 1473 497 diuinumque
1500 463 1578 486 esse
1605 452 1639 486 id
1666 453 1839 487 monitum

69 510 244 548 statuens,
272 506 455 541 Canisium
474 508 616 551 postero
644 506 700 540 die
724 506 878 540 accersit
905 533 912 540 .
938 506 1047 539 Nulla
1074 506 1192 540 fuitei
1216 507 1407 547 cunctatio,
1435 506 1496 540 sed
1515 506 1606 539 forte
1633 506 1683 539 ita
1710 506 1840 547 euenit,

69 564 110 595 vt
136 561 219 595 dum
245 560 322 605 ipse
348 571 369 594 a
395 560 517 594 Marco
543 559 709 603 Fuggero
736 559 886 593 comiter
912 562 1084 604 exceptus
1120 559 1297 593 officiosos
1333 559 1426 593 inter
1452 570 1633 593 sermones
1660 559 1756 593 lento
1783 560 1839 594 de-

70 614 230 655 ducitur,
258 624 377 648 comes
403 613 479 646 eius
505 613 541 646 in
569 615 800 657 conspectum
829 611 988 657 Sybillae
1014 612 1163 646 veniret.
1216 613 1261 646 Et
1286 612 1349 646 illa
1375 612 1553 646 hominem
1581 612 1730 656 intuita,
1762 624 1841 647 con-

70 667 191 701 ferens
217 666 384 711 speciem,
412 678 492 700 cum
518 666 721 707 simulacro,
749 666 842 709 quod
869 668 989 699 mente
1016 666 1174 709 gerebat,
1201 666 1324 700 statim
1343 665 1609 705 animaduertit,
1635 665 1731 699 haud
1758 677 1841 710 qua-

70 732 177 765 quam
213 732 311 761 esse,
348 731 455 764 quem
489 720 525 752 in
560 720 695 753 somnis
720 719 884 753 vidisset.
935 720 983 752 At
1017 719 1078 753 vbi
1113 719 1276 764 protinus
1301 731 1373 753 vna
1408 730 1488 753 cum
1522 719 1644 752 Marco
1676 718 1842 753 Canisius

71 773 248 818 apparuit,
274 772 400 816 agnita
426 772 498 806 oris
524 772 659 815 figura,
687 772 755 806 Hic
781 783 866 806 vero
894 774 967 812 est,
1003 772 1137 816 inquit,
1165 784 1270 816 quem
1298 773 1521 817 expetebam,
1549 771 1649 806 cuius
1675 772 1762 806 mihi
1788 783 1841 806 se-

71 827 225 861 cundum
252 826 408 870 quietem
445 826 564 868 imago
591 826 680 860 visa.
732 825 894 859 Tradidit
931 837 1015 868 ergo
1043 837 1122 860 sese
1149 825 1358 870 disciplinae
1394 826 1470 859 eius
1498 853 1504 867 ,
1532 828 1568 859 et
1594 825 1692 859 facta
1718 825 1842 870 paucis

71 879 196 914 diebus
230 879 427 919 catholica,
463 879 558 913 hunc
593 891 611 913 e
638 881 761 913 vetere
795 878 995 924 pertinacia
1030 879 1186 913 fructum
1222 879 1405 924 capiebat,
1441 879 1535 923 quod
1569 878 1677 912 nullis
1709 890 1729 912 a
1754 879 1842 919 viro,

70 944 283 976 soceroque,
319 934 356 966 et
381 932 461 966 aliis
489 933 530 966 de
556 932 736 966 sententia
762 932 932 977 praemiis
958 935 1055 966 esset
1081 932 1243 973 deducta,
1270 944 1314 966 ne
1339 932 1532 973 Christum,
1560 944 1601 966 ac
1619 932 1724 966 fidem
1747 943 1842 973 aur0,

71 986 295 1030 gemmisque
320 986 525 1020 vendidisse
552 985 750 1020 diceretur:
787 988 849 1019 aut
876 985 956 1019 inde
983 988 1108 1030 postea
1143 986 1210 1020 sibi
1246 986 1288 1019 de
1324 986 1495 1029 religione
1526 988 1699 1029 tanquam
1726 985 1844 1019 minus

70 1042 168 1074 recto
194 1040 312 1074 studio
331 1041 551 1073 commutata
576 1050 717 1073 morsus
736 1039 976 1073 conscientiae
1002 1039 1187 1073 resideret.
1223 1039 1268 1072 Et
1295 1040 1372 1084 ipsa
1390 1039 1547 1084 perinde,
1574 1041 1682 1083 atque
1701 1038 1844 1079 Vrsula,

71 1105 140 1127 non
161 1092 347 1127 Catholica
372 1092 476 1126 modo
502 1103 606 1126 sacra
624 1092 824 1137 perdidicit,
851 1093 913 1126 sed
935 1092 1037 1126 Beati
1063 1104 1204 1136 quoque
1225 1092 1356 1137 Ignatij
1384 1092 1677 1126 meditationibus
1704 1091 1844 1125 erudita

70 1148 146 1180 toto
173 1146 344 1191 pietatem
380 1146 498 1179 animo
534 1145 740 1190 capessiuit.
791 1146 899 1180 Dedit
925 1157 1069 1190 operam
1100 1146 1273 1190 primum,
1309 1148 1350 1179 vt
1385 1146 1528 1180 domum
1562 1157 1665 1179 suam
1701 1145 1844 1189 penitus

71 1199 278 1233 Lutherana
303 1201 477 1244 purgaret
512 1200 588 1233 fece
616 1213 623 1234 :
651 1199 777 1233 deinde
803 1202 845 1233 vt
880 1199 969 1233 alios
1005 1210 1145 1243 quoque
1172 1199 1230 1233 vel
1267 1199 1310 1233 ad
1338 1199 1604 1233 Catholicorum
1637 1203 1758 1243 partes
1785 1198 1842 1232 ad-

72 1253 238 1294 duceret,
276 1252 335 1286 vel
373 1252 445 1286 iam
481 1252 685 1287 Catholicos
724 1254 769 1287 ad
803 1255 971 1287 exactam
1010 1253 1225 1298 proueheret
1259 1252 1406 1297 pietatis
1444 1253 1655 1287 custodiam.
1710 1251 1845 1286 Eadem

72 1306 229 1340 vestium
256 1317 401 1340 suarum
427 1305 710 1350 pretiosissimas
736 1306 772 1339 in
798 1317 939 1340 sacrani
962 1305 1224 1351 supellectilem
1251 1305 1432 1340 conferre:
1459 1305 1598 1349 largam
1624 1305 1660 1339 in
1687 1307 1845 1348 egentes,

71 1359 285 1404 praesertim
312 1359 494 1393 tenuiores
513 1359 815 1394 Scholasticorum
843 1359 1058 1393 distribuere
1085 1360 1234 1404 stipem;
1262 1359 1572 1404 locupletibusque
1598 1358 1774 1392 Matronis
1801 1358 1845 1392 ad

73 1413 222 1447 eandem
240 1412 499 1456 benignitatem
518 1413 699 1447 hortatrix
726 1413 873 1447 assidua
891 1425 982 1448 esse.
1016 1413 1179 1456 Longum
1205 1413 1241 1446 in
1258 1413 1436 1457 precibus,
1462 1412 1610 1455 longum
1628 1412 1664 1445 in
1690 1411 1845 1458 templis,

72 1466 275 1500 reuerentia
301 1466 516 1511 spectanda,
544 1466 702 1501 versari:
739 1467 860 1500 diuina
886 1469 1013 1500 octauo
1045 1478 1185 1510 quoque
1212 1466 1268 1500 die
1302 1466 1506 1500 instaurare
1533 1465 1727 1510 mysteria:
1763 1467 1846 1498 ante

73 1520 192 1553 omnia
217 1519 442 1564 disciplinam
470 1520 705 1554 domesticam
730 1520 969 1561 sanctissime,
1004 1522 1039 1554 et
1065 1520 1295 1565 pacatissime
1321 1531 1457 1562 regere.
1508 1517 1644 1560 Quibus
1669 1518 1847 1552 institutis

72 1572 173 1606 breui
198 1584 269 1607 non
294 1573 397 1607 modo
432 1575 509 1607 tota
536 1574 706 1617 Augusta
733 1573 905 1607 celebrari
931 1576 1077 1618 coepta,
1112 1584 1238 1607 verum
1269 1572 1377 1607 etiam
1409 1573 1503 1617 apud
1529 1584 1633 1606 suum
1660 1572 1844 1615 coniugem

73 1626 256 1666 Marcum,
293 1629 329 1660 et
355 1626 542 1661 caritatem
572 1627 817 1672 maximopere
853 1627 973 1669 auxit,
1010 1629 1046 1661 et
1071 1626 1339 1660 venerationem
1367 1639 1373 1667 ;
1400 1637 1576 1670 raraeque
1602 1625 1750 1659 virtutis
1776 1625 1847 1669 opi-

73 1680 215 1713 nionem
242 1680 372 1724 adepta
399 1682 464 1714 est.
515 1680 666 1715 Ineunte
702 1692 793 1714 anno
820 1680 932 1715 seculi
959 1680 1036 1714 eius
1062 1680 1175 1724 primo
1202 1682 1237 1713 et
1267 1679 1494 1722 sexagesimo
1521 1679 1564 1712 ab
1591 1678 1742 1712 Haeresi
1768 1690 1847 1712 con-

73 1744 180 1767 uersa
207 1735 281 1773 est;
309 1745 466 1778 moxque
492 1733 552 1779 alij
581 1736 689 1778 atque
716 1734 776 1779 alij
805 1734 1017 1778 consequuti
1045 1734 1112 1767 viri
1136 1733 1383 1777 feminaeque;
1411 1733 1505 1776 quod
1531 1732 1726 1766 multorum
1752 1734 1847 1765 retro

75 1798 248 1820 annorum
274 1787 445 1821 memoria
471 1798 655 1831 nunquam
681 1790 852 1821 euenerat
879 1815 885 1822 .
914 1787 989 1829 Quo
1017 1787 1052 1821 in
1078 1798 1224 1820 numero
1252 1797 1332 1820 cum
1359 1786 1454 1820 haud
1480 1785 1596 1830 plebei
1619 1785 1757 1825 solum,
1785 1785 1848 1819 sed

75 1843 111 1874 et
134 1840 272 1874 nobiles
307 1852 349 1874 ac
374 1840 595 1885 praediuites
630 1841 775 1875 minime
801 1841 905 1886 pauci
937 1842 1208 1886 spectarentur,
1243 1839 1381 1874 scilicet
1416 1851 1461 1873 ex
1496 1839 1623 1873 horum
1658 1838 1848 1883 splendore

75 1905 205 1928 causae
232 1905 374 1938 quoque
399 1894 585 1938 religionis
612 1894 789 1940 splendor,
816 1896 852 1928 et
878 1895 1074 1928 auctoritas
1100 1893 1325 1928 accedebat.“

195 1946 391 1982 Sacchinus
417 1947 453 1981 in
479 1948 585 1982 Vitae
612 1948 817 1982 canisianae
843 1948 1066 1993 praefatione
1096 1947 1145 1991 (p.
1170 1946 1280 1989 4—5)
1310 1946 1482 1987 affirmat,
1509 1957 1548 1980 se
1574 1945 1707 1979 Romae
1733 1944 1849 1978 multa

75 2000 119 2036 ad
147 1999 330 2035 Canisium
355 2001 559 2046 spectantia
593 2001 776 2036 invenisse
812 2013 854 2036 ac
888 2002 1083 2035 maximam
1118 2000 1200 2034 libri
1235 2002 1375 2045 partem
1410 2011 1455 2033 ex
1489 1999 1654 2044 epistulis
1688 1998 1848 2033 eiusdem

75 2054 257 2099 temporis,
284 2066 303 2089 e
330 2055 459 2099 quibus
485 2054 661 2099 plurimae
687 2066 707 2089 a
727 2055 870 2089 Canisio
896 2056 973 2100 ipso
1000 2055 1104 2088 datae
1131 2056 1262 2094 essent,
1290 2053 1544 2097 composuisse.
1579 2052 1703 2096 Neque
1727 2054 1847 2086 tamen

76 2118 122 2141 cx
147 2107 320 2142 relatione
346 2108 449 2142 modo
476 2109 593 2153 posita
620 2108 827 2152 collegeris,
864 2108 895 2142 ei
922 2108 966 2142 ad
993 2119 1071 2142 eam
1098 2107 1391 2141 conscribendam
1416 2108 1560 2151 praeter
1586 2106 1723 2148 fontes,
1760 2116 1849 2149 quos

75 2160 146 2195 iam
171 2162 350 2207 proposui,
378 2161 467 2196 alios
495 2173 647 2206 quoque,
674 2163 803 2206 quibus
829 2162 932 2196 modo
960 2172 1156 2202 careamus,
1183 2162 1325 2205 praesto
1352 2160 1499 2193 fuisse1.

899 2284 1020 2326 271.

588 2373 691 2410 Inter
716 2383 763 2409 m.
789 2372 1004 2409 Ianuarium
1031 2375 1068 2408 et
1094 2371 1226 2408 Maium
1250 2371 1338 2408 1561.

198 2464 252 2497 De
278 2465 474 2497 comitissae
497 2465 683 2497 cuiusdam
710 2468 930 2506 (mgsustctnae
950 2462 1194 2504 (Elisabethae
1219 2463 1261 2495 de
1277 2462 1531 2506 W'ea'ssenstec'n,
1560 2462 1683 2495 mcorz's
1701 2462 1849 2494 Ioannis

78 2518 282 2561 Fuyyeri?)
326 2517 373 2550 acl
414 2517 516 2558 sidem
559 2517 765 2550 catholicam
809 2517 1039 2550 conversione.
1101 2516 1154 2548 De
1196 2517 1317 2549 comite
1358 2516 1499 2558 eiusque
1544 2526 1654 2548 uxore
1702 2515 1848 2555 (Iacobo

78 2572 120 2604 de
146 2571 322 2612 Montforc
357 2575 387 2603 et
416 2570 617 2604 Camarina
644 2571 858 2613 Fugsyeraffl
886 2571 1067 2612 Anates-tae
1102 2570 1150 2602 (cd
1173 2569 1276 2611 fidem
1302 2569 1458 2602 reductis
1492 2572 1521 2601 et
1558 2570 1594 2602 ῖη
1629 2569 1744 2601 sacris
1770 2580 1847 2611 „ex-

80 2623 234 2661 ercitiis“
264 2624 417 2657 versatis.

202 2706 368 2740 Cani-sius
392 2705 559 2749 Augusta
589 2705 642 2739 14.
662 2705 817 2739 Ianuarii
847 2705 933 2739 1561
963 2703 1003 2739 Ρ.
1023 2703 1195 2739 Groudano
1223 2703 1424 2748 ceterisque
1449 2703 1560 2738 Sociis
1587 2702 1849 2738 coloniensibus

79 2759 244 2804 scripsit:
286 2758 416 2800 „Orate
449 2758 553 2792 deum
580 2770 644 2803 pro
670 2758 782 2803 varijs
808 2757 989 2803 neophitis
1016 2758 1077 2802 qui
1112 2769 1150 2792 se
1176 2757 1278 2791 nobis
1303 2757 1363 2791 hic
1395 2758 1566 2798 offerunt,
1603 2759 1639 2790 et
1668 2757 1762 2790 inter
1789 2768 1849 2790 eos

201 2895 210 2914 ¹
237 2894 386 2927 Iacobus
403 2894 579 2936 chiyatti
598 2893 631 2927 S.
653 2893 685 2927 J.
713 2893 750 2927 in
775 2893 853 2927 vita
873 2893 1018 2934 Canisii,
1046 2895 1238 2937 postquam
1264 2892 1341 2927 eius
1367 2893 1525 2937 speciem
1553 2891 1713 2936 Sibyllae
1739 2894 1848 2926 noctu

80 2946 237 2981 oblatam
265 2957 344 2980 esse
370 2946 474 2987 dixit,
501 2946 553 2980 sic
582 2946 695 2990 (nullo
721 2946 821 2981 fonte
847 2946 1066 2990 significato)
1095 2946 1234 2991 pergit:
1269 2945 1370 2988 „Solo
1397 2957 1463 2979 con
1488 2945 1609 2990 quella
1635 2945 1848 2988 cognitione,

81 3000 146 3034 che
171 2999 286 3034 hebbe
313 2999 406 3033 delle
432 3000 586 3033 fattezze
614 2999 648 3033 di
674 2999 725 3034 lui
751 2999 787 3034 in
813 3011 944 3043 sogno,
971 2999 1005 3034 lo
1031 2999 1240 3040 riconobbe,
1276 3011 1295 3033 e
1321 3001 1403 3044 pote
1429 2999 1504 3033 dire
1531 2999 1566 3033 al
1592 2999 1738 3040 marito,
1774 2999 1847 3042 (ac-

81 3053 264 3088 cennando
291 3053 346 3087 col
373 3052 446 3087 dito
473 3055 494 3086 a
513 3053 666 3094 Canisio‚
693 3052 758 3088 che
784 3053 933 3087 insieme
960 3064 1025 3087 con
1044 3052 1128 3087 altri
1146 3052 1254 3087 Padri
1272 3052 1302 3086 si
1320 3054 1473 3087 trouaua
1490 3052 1527 3086 in
1546 3051 1691 3096 Chiesa)
1713 3063 1796 3086 ecco
1813 3052 1850 3086 la

81 3106 212 3151 quello,
239 3106 293 3140 col
320 3106 426 3150 quale
452 3109 581 3150 questa
607 3108 708 3140 notte
725 3106 770 3141 ho
789 3106 995 3152 ragionat0“
1013 3119 1020 3140 ε
1046 3106 1133 3140 Vita
1152 3105 1209 3140 del
1227 3105 1265 3140 P.
1285 3105 1407 3140 Pietro
1426 3105 1568 3140 Canisio
1590 3105 1719 3149 (Roma
1741 3106 1845 3146 1649)

81 3171 113 3204 p.
143 3159 198 3194 86.
242 3162 292 3193 At
325 3171 417 3204 quae
443 3159 618 3203 Fuligatti
654 3160 697 3194 de
724 3159 867 3194 Canisio
895 3160 928 3193 in
955 3159 1107 3194 ecclesia
1134 3159 1211 3193 viso
1238 3159 1342 3201 dicit,
1377 3159 1454 3204 ipse
1489 3159 1556 3194 sibi
1588 3159 1737 3193 finxisse
1761 3158 1849 3192 mihi

81 3213 224 3257 quidem
250 3213 404 3247 videtur.
