2093 3444
583 162 746 204 Augusta
771 160 1041 195 Vindelicorum
1070 161 1124 195 14.
1151 160 1308 195 Ianuarii
1338 161 1439 195 1561.
1848 165 1900 204 15

127 278 303 329 deceat,
347 279 391 319 et
432 291 589 318 nomen
621 278 726 319 Jesu
769 278 1099 321 Sanctissimum
1141 278 1400 332 glorificare.
1464 278 1533 319 Ex
1566 278 1684 320 Vrbe
1726 294 1904 322 moneor

127 343 361 385 obseruare
404 342 637 395 diligenter
677 357 789 396 quae
831 343 886 385 ad
932 358 1109 385 causam
1142 343 1386 396 religionis,
1429 343 1687 397 praesertim
1719 344 1762 385 in
1797 345 1903 387 Ger-

127 408 273 450 mania
304 408 512 450 tuendam
546 410 590 450 et
615 409 954 461 promouendam
978 412 1193 463 spectant.
1238 409 1392 462 Itaque
1415 408 1620 450 maiorem
1655 409 1697 450 in
1730 410 1904 452 modum

128 488 202 516 oro
237 473 499 516 charitatem
531 476 675 523 tuam,
718 477 768 516 vt
801 473 967 516 scribas
1001 474 1055 515 ad
1088 488 1157 516 me
1189 488 1276 516 non
1309 474 1446 516 solum
1480 476 1631 527 aperte
1665 475 1739 516 sed
1773 475 1905 517 etiam

129 538 322 582 studiose
356 538 557 591 quicquid
590 541 800 591 suggeret
832 539 1065 589 Dominus,
1112 542 1189 582 aut
1221 539 1451 594 Sapientes
1483 538 1566 580 viri
1599 539 1904 592 significabunt

129 604 184 646 ad
216 604 297 646 hoc
328 603 577 646 institutum
603 604 844 657 conferens,
878 605 1080 646 nimirum
1112 607 1162 647 vt
1184 604 1511 659 praestantibus
1544 604 1648 646 viris
1682 605 1753 657 qui
1786 620 1904 647 rome

128 670 283 712 volunt
316 672 360 711 et
393 672 577 723 possunt
618 669 826 723 prodesse
859 669 1106 720 Ecclesiae,
1153 684 1329 712 causam
1370 670 1678 724 praebeamus,
1725 684 1802 724 pro
1837 670 1905 712 dei

128 734 259 776 vinea
290 736 359 776 tot
380 734 520 776 modis
543 734 709 776 afflicta
735 734 953 776 foeliciter
974 734 1212 779 laborandi.
1257 735 1366 776 Tum
1399 735 1436 777 si
1469 735 1568 788 quid
1591 735 1905 789 Episcoporum

130 803 175 843 et
198 800 457 842 Germaniae
489 803 667 842 nostrae
693 800 964 842 commodum
996 800 1216 855 publicum
1248 800 1487 855 prouehere
1520 815 1647 855 posse
1673 800 1904 851 videbitur,

129 865 298 908 vtiliter
339 880 444 907 sane
486 865 761 908 nunciabitis.
827 865 875 906 In
918 865 1122 920 Collegijs
1165 866 1358 908 nostris1
1400 868 1614 919 quotquot
1656 866 1905 908 sacerdotes

131 932 294 985 degunt
327 933 369 973 3³
401 931 646 973 celebrarea
678 945 802 973 sacra
843 930 1067 982 iubentur,
1113 934 1157 973 et
1188 935 1287 986 post
1314 946 1439 973 sacra
1471 931 1675 974 triduana
1708 932 1906 973 conferre

130 1011 209 1039 sua
243 997 402 1039 debent
435 996 636 1047 consilia,
681 996 835 1049 quibus
867 996 949 1050 ipsi
981 997 1222 1039 rationibus
1254 996 1509 1050 religionem
1553 997 1746 1039 adiuuari
1778 1011 1907 1051 posse

132 1062 351 1105 confidant
382 1065 433 1105 vt
465 1062 616 1104 eadem
651 1062 804 1104 deinde
838 1062 892 1104 ad
925 1076 994 1104 me
1024 1063 1309 1116 perscribant.
1364 1062 1472 1112 Quid
1505 1065 1649 1105 autem
1684 1062 1782 1104 istic
1814 1062 1907 1104 fieri

130 1128 270 1183 possit
302 1131 347 1171 et
379 1128 611 1170 conueniat
642 1127 919 1170 iudicandum
964 1128 1161 1181 relinquo
1194 1128 1244 1170 R.
1279 1128 1327 1171 T.
1363 1142 1492 1181 quam
1525 1128 1613 1170 scio
1647 1128 1778 1169 fidum
1812 1142 1907 1170 esse

131 1196 459 1248 procuratorem
492 1193 534 1234 in
569 1192 779 1235 eiusmodi
820 1193 1009 1247 negotijs
1041 1192 1369 1247 promouendis,
1415 1207 1497 1246 que
1539 1193 1690 1236 christi
1734 1194 1907 1236 laudem

133 1262 178 1302 et
209 1259 452 1301 Ecclesiam
484 1261 686 1312 tangunt.
751 1258 890 1300 Video
924 1259 985 1300 sic
1018 1259 1110 1300 Deo
1156 1258 1295 1300 visum
1330 1273 1426 1300 esse
1457 1261 1507 1300 vt
1538 1258 1650 1300 hanc
1683 1259 1908 1300 imbecilli-

131 1328 270 1368 tatem
305 1324 585 1367 circumferat
608 1324 658 1366 R.
688 1325 766 1367 Τ.2
801 1338 883 1377 que
917 1339 1041 1365 suum
1074 1338 1247 1366 currum
1279 1338 1366 1366 non
1390 1324 1540 1366 eodem
1563 1339 1734 1379 semper
1756 1324 1908 1378 vigore

133 1393 280 1445 potest
322 1390 501 1441 ducere,
549 1390 623 1432 sed
656 1390 868 1433 hactenus
910 1389 1066 1431 merito
1110 1389 1190 1431 sibi
1231 1389 1275 1431 in
1318 1389 1489 1431 domino
1534 1390 1707 1444 placere
1747 1392 1908 1446 potest,

133 1456 247 1510 quod
280 1458 535 1510 praesentes
566 1455 728 1498 habeat
761 1455 937 1509 aurigas
971 1457 1015 1497 et
1045 1455 1224 1497 comites
1247 1455 1421 1506 multos,
1457 1455 1528 1508 qui
1561 1470 1734 1497 currum
1758 1469 1909 1508 quam-

133 1521 199 1564 uis
222 1522 409 1572 tardum,
432 1521 700 1576 impeditum,
735 1524 967 1574 grauatum
992 1523 1036 1563 et
1058 1521 1352 1563 labescentem
1375 1523 1650 1564 sustentent.
1671 1524 1715 1564 et
1738 1536 1763 1563 a
1785 1520 1911 1573 graui

134 1601 237 1629 casu
271 1587 521 1630 defendant.
586 1587 631 1630 Si
664 1601 816 1629 currus
858 1587 929 1628 diu
962 1586 1062 1628 vehi
1103 1601 1188 1628 non
1229 1588 1376 1640 potest
1410 1587 1523 1639 quod
1555 1586 1703 1629 multis
1736 1586 1908 1640 quidem

135 1653 350 1706 contingit
383 1656 427 1696 et
450 1652 685 1696 christiano
709 1667 930 1706 nunquam
962 1666 1122 1694 nouum
1144 1651 1283 1693 videri
1316 1654 1461 1705 queat,
1497 1651 1597 1705 quid
1630 1654 1696 1694 est
1729 1652 1907 1694 obsecro

136 1733 211 1761 cur
259 1718 586 1761 discrutiemur:
644 1733 741 1760 cum
795 1732 845 1760 eo
894 1731 1041 1759 sumus
1088 1717 1311 1771 progressi
1358 1719 1408 1759 vt
1455 1731 1594 1771 neque
1642 1717 1735 1759 uita
1782 1717 1909 1759 huius

135 1784 234 1826 viae
268 1782 357 1839 [P]b
389 1799 468 1826 nos
502 1784 722 1826 oblectare
746 1783 916 1834 debeat,
951 1797 1090 1836 neque
1116 1782 1330 1825 transitus
1363 1783 1414 1825 ad
1451 1797 1602 1824 veram
1625 1782 1762 1825 vitam
1785 1782 1908 1824 nobis

136 1850 294 1892 debeat
327 1849 567 1904 displicere.
617 1849 794 1891 Habeat
825 1848 998 1891 interim
1023 1848 1214 1890 charitas
1246 1850 1324 1890 tua
1357 1848 1518 1901 aliquid
1551 1848 1700 1890 viatici
1733 1848 1827 1890 loco
1860 1850 1910 1889 vt

136 1929 183 1957 se
215 1915 356 1968 magis
390 1916 616 1958 confirmet
649 1929 700 1957 ac
733 1914 888 1968 erigat,
925 1914 1203 1967 quantumuis
1227 1913 1430 1956 deficiant
1462 1913 1577 1955 vires
1611 1916 1655 1956 et
1686 1913 1910 1955 horrorem

135 1995 251 2023 mors
284 1981 471 2034 ingerat.
535 1980 763 2023 Viaticum·
788 1980 942 2033 loquor
974 1979 1120 2021 viuam
1152 1979 1366 2033 passionis
1400 1979 1638 2021 dominicae
1660 1979 1908 2032 imaginem,

135 2049 184 2089 vt
217 2046 368 2089 christi
410 2060 605 2088 cruorem
639 2046 840 2096 vulnera,
884 2045 1108 2094 sudorem,
1156 2058 1326 2086 crucem
1368 2047 1413 2087 et
1453 2047 1637 2087 mortem
1676 2045 1729 2086 ob
1763 2044 1910 2086 oculos

135 2112 258 2154 nobis
290 2126 604 2166 proponamus,
648 2114 692 2154 et
723 2111 767 2152 in
800 2110 961 2152 christo
1005 2109 1210 2152 crucifixo
1252 2124 1348 2151 cum
1389 2124 1496 2152 vera
1538 2113 1582 2152 et
1623 2109 1795 2152 ardenti
1826 2109 1910 2151 fide

134 2178 471 2231 requiescamus,
496 2178 555 2219 de
582 2176 742 2218 illius
773 2175 1032 2218 fontibus
1066 2189 1238 2229 aquas
1261 2175 1380 2218 vitae
1402 2175 1773 2226 hauriamus3,
1807 2175 1910 2218 talis

136 2242 310 2286 Domini
331 2242 499 2285 meritis
521 2242 768 2296 gloriemur,
803 2241 923 2283 illum
957 2241 1128 2283 vitam
1162 2243 1215 2283 et
1246 2241 1723 2283 resurrectionem
1759 2241 1912 2282 esse4

137 2311 333 2351 nostram
356 2322 407 2350 ac
428 2322 523 2363 pro
556 2307 812 2362 peccatis
844 2307 1024 2350 totius
1056 2306 1240 2348 mundi
1270 2306 1743 2361 propitiationem
1761 2307 1790 2357 5,
1824 2305 1910 2347 imo

137 2377 182 2417 et
215 2376 382 2429 caput
422 2374 708 2416 nostrum6
740 2387 796 2415 ex
828 2372 972 2415 animo
1005 2372 1287 2426 gaudeamus,
1322 2371 1413 2414 siue
1445 2372 1659 2423 viuentes,
1694 2371 1785 2414 siue
1818 2385 1910 2413 mo-

136 2439 301 2482 rientes
317 2440 345 2483 7.
411 2439 494 2481 Sed
528 2439 675 2481 desino
710 2438 979 2490 concionari,
1024 2437 1181 2480 dabit
1215 2441 1258 2480 et
1292 2437 1410 2481 dedit
1453 2438 1704 2480 dominus
1745 2437 1911 2479 intel-

136 2505 372 2547 lectum8
404 2505 454 2548 R.
480 2505 527 2549 T.
562 2507 611 2546 vt
643 2505 722 2546 hec
755 2518 842 2546 non
863 2503 990 2545 modo
1014 2517 1159 2545 secum
1181 2505 1378 2557 tempore
1401 2518 1477 2545 suo
1500 2504 1737 2546 meditetur
1758 2517 1910 2544 verum

138 2570 270 2613 etiam
302 2574 352 2613 vt
384 2570 575 2612 fructum
606 2570 706 2612 inde
738 2569 1001 2623 legittimum
1033 2568 1212 2611 referat.
1275 2569 1341 2610 De
1374 2572 1620 2623 augustana
1652 2582 1792 2610 messe
1824 2567 1911 2609 iam

137 2639 239 2678 ante
273 2635 504 2686 didicistis,
552 2638 676 2678 orate
721 2635 870 2677 deumc
914 2649 992 2689 pro
1034 2634 1169 2688 varijs
1214 2633 1431 2688 neophitis
1474 2635 1545 2688 qui
1587 2649 1633 2676 se
1674 2633 1798 2676 nobis
1841 2633 1911 2674 hic

256 2799 271 2813 a
297 2792 472 2827 celebrari
497 2794 544 2827 H.
643 2793 658 2812 ¹²
686 2792 747 2826 Sz'c
772 2793 841 2834 K.;
865 2793 926 2825 sed
950 2792 1177 2825 scribendum
1203 2793 1235 2825 ee?
1259 2793 1371 2834 fnisse
1397 2792 1557 2826 videtur.-
1582 2793 1641 2826 uia
1667 2792 1774 2827 huius
1800 2794 1910 2828 vitae.

258 2853 269 2867 ⁰
296 2846 477 2880 dominum
502 2847 551 2880 H.

263 2994 272 3013 ¹
298 2993 325 3027 Ι.
353 3004 381 3027 e.
409 2990 616 3037 provinciae
643 2990 677 3024 S.
704 2990 737 3024 J.
769 2989 1005 3032 „Germaniae
1031 2987 1262 3033 superioris“,
1290 2988 1347 3022 cui
1375 2988 1540 3023 Oanisius
1567 2992 1743 3034 praeerat.

261 3047 274 3067 2
301 3045 495 3080 Goudanus
530 3044 680 3078 multum
718 3042 932 3086 aegrotabat
969 3042 1073 3085 (Can.
1101 3041 1190 3087 Epp.
1218 3042 1270 3084 ΙΙ,
1307 3042 1385 3076 694,
1420 3042 1499 3077 735.
1527 3043 1606 3077 742.
1657 3045 1804 3078 Hansen
1830 3043 1854 3078 l.
1882 3056 1910 3078 c.

140 3112 174 3145 p.
203 3100 281 3134 377.
309 3099 428 3142 3813).
574 3099 586 3118 ³
614 3097 660 3131 Is.
689 3097 743 3139 12,
771 3096 802 3130 3.
949 3097 962 3116 4
988 3095 1036 3129 Io.
1066 3096 1119 3137 11,
1147 3095 1203 3129 25.
1351 3096 1364 3115 ⁵
1392 3096 1408 3129 1
1437 3095 1486 3130 Io.
1514 3096 1545 3138 2,
1573 3097 1605 3131 2.

262 3154 275 3173 ‘³'
304 3154 320 3187 1
350 3152 428 3187 Cor.
457 3152 511 3194 11,
539 3152 570 3186 3.
606 3150 695 3196 Eph.
723 3150 756 3191 4,
787 3150 829 3183 15
857 3150 924 3183 etc.
1024 3149 1036 3169 ⁷
1063 3148 1117 3182 Cf.
1144 3148 1245 3183 Rom.
1276 3149 1328 3190 14,
1356 3149 1388 3183 8.
1489 3150 1501 3169 ⁸
1527 3150 1547 3183 2
1575 3149 1665 3184 Tim.
1693 3150 1723 3192 2,
1752 3151 1783 3185 7.
