2093 3444
504 152 670 194 Augusta
697 152 965 187 Vindelicorum
995 153 1047 188 10.
1076 152 1284 187 Decembris
1314 154 1416 188 1561.
1762 158 1846 197 325

196 268 334 301 Clebitfz·
368 269 564 301 calviniani
589 269 721 302 librum
751 270 958 303 Tridentum
994 271 1122 311 mittit;
1155 271 1288 303 similes
1321 271 1430 303 libros
1466 276 1570 304 (mtea
1606 273 1709 305 misit.
1762 273 1848 305 Pro-

72 325 234 354 testantes
260 323 300 354 de.
327 322 429 355 rebus
454 323 623 354 maxims
651 323 742 355 inter
766 334 801 356 se
827 324 1006 357 dissident.
1054 324 1267 368 Optandmn,
1293 328 1332 357 ut
1358 324 1399 357 de
1424 325 1571 358 concilio
1599 326 1733 369 aliqua,
1760 327 1849 359 ¹velut

72 376 219 408 nomina
248 380 400 417 patrum
432 380 490 408 etc.
527 380 557 408 et
587 386 762 409 sermones
797 377 952 420 aliquot,
988 378 1202 419 eculgyentmn
1254 377 1432 419 Screfflum
1467 378 1690 419 ferrariense
1725 383 1846 412 contra

66 433 311 471 protestantes.
360 430 521 471 Verqerz'z?
545 430 706 472 epistula.

882 572 1039 614 Jesus³

295 647 389 688 Pax
422 646 581 689 Christi
614 647 835 689 nobiscum
867 648 1171 691 Jllustrissime
1204 650 1388 692 Domine
1420 650 1623 693 Patrone.

191 728 351 771 Jnueni
397 729 574 771 tandem
618 730 909 781 Klebitiuml,
960 731 1031 784 qui
1079 732 1288 787 singularj
1337 747 1497 786 genere
1544 732 1760 774 scribendi
1805 735 1850 775 et

72 794 335 836 scholastica
366 795 584 837 breuitate
625 795 690 837 uti
721 795 825 836 milii
858 796 1051 847 uidetur,
1094 797 1250 852 impius
1290 798 1463 851 quidem
1504 800 1697 840 assertor
1728 798 1848 852 impij

73 860 303 913 dogmatis,
328 861 404 902 sed
429 860 501 914 qui
522 861 784 903 Lutheranis
807 862 970 916 negotij
995 862 1103 904 satis
1127 863 1316 906 exhibet.
1351 864 1582 905 Pulchrum
1601 867 1669 906 est
1686 863 1846 913 uidere,

71 925 298 980 pulchram
331 926 443 968 hanc
474 925 518 967 in
551 925 752 980 sectarijs
785 927 1058 969 concordiam
1092 928 1144 969 de
1176 929 1304 971 rebus
1339 928 1495 970 summi
1527 929 1756 980 momenti,
1800 931 1849 971 ut

71 991 213 1044 magis
232 992 539 1034 confirmentur
557 991 683 1034 electi
700 992 743 1032 in
767 992 953 1034 ueritate
977 993 1191 1035 catholica
1208 994 1289 1035 sibi
1306 996 1516 1048 perpetuo
1535 994 1848 1037 consentiente.

193 1056 292 1098 Misi
323 1071 409 1098 non
449 1057 512 1098 ita
544 1056 711 1111 pridem
744 1057 831 1099 alia
864 1057 1055 1099 eiusdem
1088 1058 1256 1101 farinae
1297 1060 1514 1114 scripta‘ss:
1557 1061 1742 1113 posthac
1773 1059 1848 1101 uix

72 1121 303 1175 quicquam
348 1125 451 1165 ante
495 1125 735 1165 mercatum
778 1123 1218 1166 Franckfordiensem
1263 1125 1413 1176 edent,
1460 1127 1508 1167 ut
1553 1125 1724 1179 opinor,
1772 1125 1848 1167 ad-

71 1187 252 1241 uersarij
271 1189 300 1231 3.

193 1253 237 1295 Si
258 1253 393 1295 libere
415 1253 520 1295 mihi
541 1253 658 1307 loqui
680 1254 748 1295 fas
772 1256 852 1304 est,
885 1255 1139 1308 praeclarus
1160 1255 1288 1298 isthic
1311 1255 1482 1309 quidem
1506 1257 1759 1306 conuentus,
1794 1269 1847 1297 ex

71 1321 140 1362 tot
170 1318 450 1361 Praesulibus
483 1318 791 1370 Ecclesiarum,
826 1334 951 1373 quem
981 1320 1191 1362 Dominus
1223 1320 1266 1362 in
1299 1335 1420 1363 suam
1455 1323 1616 1374 augeat
1649 1321 1846 1374 gloriam.

73 1384 236 1426 Verum
268 1384 376 1426 haec
399 1384 599 1438 Synodus
630 1384 760 1438 longe
783 1388 1017 1439 appareret
1044 1386 1249 1435 ornatior,
1284 1389 1333 1429 ut
1355 1386 1528 1440 quidam
1562 1386 1847 1435 arbitrantur,

71 1449 108 1492 si
141 1450 335 1504 prodiret
367 1449 566 1504 Epistola
599 1451 668 1492 uel
701 1450 911 1505 scriptum
944 1451 1118 1504 aliquod
1151 1451 1187 1493 si
1219 1466 1304 1494 non
1337 1452 1389 1493 de
1421 1451 1649 1503 industria,
1690 1452 1848 1494 saltem

71 1515 214 1559 obiter
246 1515 468 1570 explicans
501 1529 649 1558 eorum
684 1516 756 1569 qui
789 1516 947 1559 adsunt
980 1519 1024 1559 et
1046 1520 1255 1571 praesunt
1278 1517 1481 1568 Concilio,
1515 1517 1688 1559 nomina
1721 1517 1849 1559 simul

72 1585 118 1624 et
162 1581 465 1624 conditionem.
538 1581 634 1623 Nec
679 1581 757 1623 abs
802 1596 848 1623 re
892 1582 986 1624 fore
1031 1585 1260 1633 caensent,
1309 1597 1439 1625 unam
1484 1586 1615 1636 atque
1664 1583 1850 1625 alteram

72 1646 314 1689 orationem
362 1646 609 1700 elegantem
661 1647 832 1701 publice
878 1648 1110 1690 recitatam
1164 1650 1208 1690 et
1254 1648 1373 1702 typis
1421 1662 1627 1690 excusam
1679 1648 1850 1702 publice

73 1711 354 1755 circumferri.
430 1712 556 1754 Vnde
605 1713 790 1754 mundus
835 1727 980 1755 rerum
1029 1713 1272 1755 huiusmodi
1316 1727 1527 1756 nouarum
1574 1713 1847 1768 percupidus,

71 1778 125 1820 de
148 1778 321 1832 synodo
353 1777 516 1820 rectius
547 1777 773 1828 iudicaret,
808 1781 852 1821 et
885 1778 1197 1821 catholicorum
1231 1779 1302 1832 qui
1327 1780 1479 1833 procul
1511 1780 1681 1830 absunt,
1717 1779 1848 1821 animi

70 1844 212 1897 magis
244 1843 472 1897 magisque
505 1844 878 1887 confirmarentur.
923 1843 1063 1886 Audio
1091 1844 1414 1886 Ferrariensem
1436 1845 1737 1898 Theologum4
1768 1844 1848 1886 ali-

71 1909 174 1963 quid
206 1909 482 1964 respondisse
514 1909 889 1961 Protestantibus,
934 1910 1005 1963 qui
1047 1910 1103 1952 ad
1136 1910 1356 1964 Synodum
1389 1910 1534 1953 uocati
1566 1911 1692 1953 Pont.
1727 1911 1846 1954 Max.

69 1975 242 2028 legatos
274 1975 450 2028 indigne
481 1977 745 2018 tractarunt.
790 1975 895 2017 Mihi
928 1975 1117 2017 nondum
1146 1975 1330 2029 contigit
1362 1975 1509 2018 uidere
1531 1975 1700 2027 librum,
1736 1975 1849 2017 sicut

69 2055 210 2094 neque
227 2040 427 2095 Vergerij
446 2040 691 2095 Epistolam
703 2042 731 2083 5.
771 2040 898 2083 Nunc
921 2040 1146 2094 Tubingae
1167 2040 1287 2085 illam
1310 2041 1460 2094 quaeri
1482 2055 1598 2084 curo.
1637 2041 1848 2083 Dominus

70 2107 213 2149 JEsus
259 2106 587 2161 amplitudinem
632 2109 754 2148 tuam
798 2107 853 2148 ad
897 2106 1061 2160 synodi
1105 2108 1150 2148 et
1190 2106 1414 2148 Ecclesiae
1459 2106 1730 2148 commodum
1775 2106 1848 2148 diu

70 2186 324 2226 prosperam
365 2174 524 2215 seruet.
594 2172 864 2214 Reuerenter
905 2185 973 2213 me
1015 2172 1267 2214 commendo
1309 2171 1602 2226 amplissimae
1644 2171 1848 2225 dignitati

69 2241 173 2280 tuae
204 2237 248 2279 in
281 2237 450 2280 Christo
484 2237 667 2280 Domino
700 2240 863 2280 nostro.
917 2236 1146 2290 Augustae
1182 2239 1248 2280 10.
1273 2237 1525 2279 Decembris
1557 2237 1602 2278 M
1624 2237 1676 2279 D.
1710 2236 1846 2279 LXIb.

190 2314 431 2357 Adiunctas
462 2314 613 2356 literas
645 2314 761 2356 mitti
793 2314 1033 2356 Bononiam
1066 2314 1199 2356 etiam
1231 2315 1363 2367 atque
1398 2313 1531 2356 etiam
1562 2315 1677 2368 peto,

977 2396 1136 2438 Seruus
1167 2396 1211 2438 in
1243 2396 1415 2438 Christo
1447 2396 1541 2439 Pet.
1576 2395 1785 2438 Canisius.

190 2479 217 2531 †
240 2478 619 2521 Reuerendissimo
642 2478 686 2520 in
709 2477 878 2521 Christo
902 2478 1025 2521 Patri
1048 2481 1092 2520 et
1113 2478 1421 2521 Jllustrissimo
1444 2479 1641 2530 Domino,
1670 2479 1722 2521 D.
1747 2478 1846 2520 Sta-

69 2543 208 2586 nislao
241 2543 390 2595 Hosio,
425 2544 643 2586 Cardinali
675 2546 720 2586 et
752 2544 966 2598 Episcopo
1000 2544 1260 2594 Varmiensi,
1295 2544 1337 2588 S.
1369 2543 1532 2598 Synodi
1564 2543 1846 2587 Tridentinae

71 2609 280 2660 Praesidi,
314 2609 506 2652 Patrono
539 2609 818 2663 amplissimo.
882 2608 1090 2652 Tridenti.

189 2749 204 2764 ²
230 2744 308 2777 Hoc
332 2755 362 2777 v.
389 2747 420 2777 et
447 2746 468 2777 6
491 2755 563 2788 sqq.
591 2755 613 2776 a
644 2743 749 2787 Cypr.
777 2743 907 2776 omissa
931 2747 1024 2776 sunt.

190 2796 205 2817 ¹³
234 2798 332 2839 Quae
356 2802 566 2841 sequuntur,
593 2808 616 2830 a
646 2796 752 2840 Cypr.
780 2797 910 2830 omissa
934 2800 1027 2829 sum‘.

194 2926 204 2946 ²
229 2924 331 2967 Vide,
359 2936 451 2969 quae
477 2925 544 2960 sub
570 2925 685 2969 ipsam
711 2923 805 2958 hanc
832 2923 1024 2968 epistulam
1051 2923 1226 2958 dicentur.
1325 2923 1338 2944 2
1364 2922 1456 2957 Vide
1481 2933 1592 2967 supra
1618 2934 1651 2966 p.
1679 2921 1759 2956 322.

193 2979 206 2999 ⁸
230 2978 459 3013 Francofurti
497 2978 542 3013 ad
579 2978 748 3012 Moenum
786 2976 972 3021 proximus
1009 2976 1182 3011 librorum
1224 2978 1406 3011 mercatus
1444 2974 1728 3019 Quadragesima
1766 2975 1845 3009 sive

71 3044 118 3068 m.
144 3032 277 3066 Martio
303 3043 334 3066 a.
365 3031 454 3066 1562
482 3031 626 3065 futurus
653 3033 731 3064 erat
760 3030 884 3074 (Kapp
909 3029 931 3064 l.
960 3041 990 3064 c.
1016 3030 1041 3071 I,
1067 3030 1287 3073 452—467).

192 3086 205 3106 4
233 3085 424 3119 Camillum
451 3084 686 3129 Campegium
713 3083 754 3118 O.
776 3083 866 3117 Pr.‘?
908 3082 1010 3125 Vide,
1039 3094 1131 3127 quae
1157 3084 1239 3128 post
1263 3082 1330 3117 has
1356 3082 1499 3117 litteras
1526 3082 1700 3116 dicentur.

191 3139 206 3159 ⁵
230 3137 333 3180 Vide,
360 3149 452 3182 quae
478 3137 544 3172 sub
570 3137 686 3182 ipsam
711 3137 805 3171 hanc
831 3136 1024 3182 epistulam
1050 3136 1225 3171 dicentur.
