2093 3444
223 169 307 210 313
438 166 517 200 637.
555 165 721 200 Canisius
746 166 903 200 Martino
931 166 1087 201 Cromer.
1131 167 1224 211 Aug.
1250 167 1357 202 Vind.
1385 168 1417 202 3.
1443 168 1654 204 Decembris
1682 170 1783 205 1561.

220 288 366 326 autem
399 285 454 326 ad
486 285 707 338 Synodum
741 283 840 338 quid
874 283 1006 325 animi
1038 286 1082 326 et
1115 284 1207 338 opis
1241 284 1412 326 adferre
1446 285 1583 328 uelint
1614 286 1771 330 nescio.
1837 289 1991 331 Omnia

219 352 431 399 metuunt,
465 349 542 391 sed
575 349 740 392 utinam
771 348 966 403 inprimis
998 349 1150 392 Deum.

338 421 560 474 Rogamus
602 421 740 462 Deum
783 434 860 475 pro
902 434 1106 462 successu
1150 420 1250 462 noui
1291 420 1701 477 Archiepiscopatus
1742 423 1990 479 Pragensis,

220 485 271 527 de
305 500 387 538 quo
422 485 588 527 utinam
621 485 783 539 aliquid
817 485 977 527 certius
1011 485 1302 528 constituatur
1334 485 1414 528 hoc
1447 486 1567 540 Rege
1599 488 1835 542 superstite
1853 490 1879 532 1.

339 557 636 611 Expectamus
659 557 711 598 de
734 556 941 610 Comitijs,
975 570 1086 609 quae
1119 559 1188 598 sat
1210 559 1392 607 mature,
1428 557 1461 599 si
1490 560 1559 600 sat
1580 559 1689 601 bene
1721 559 1989 609 inchoentur,

219 624 351 675 atque
385 622 494 665 citra
526 621 749 676 religionis
780 621 1098 663 incommodum
1132 622 1405 664 celebrentur
1420 622 1449 665 2.

339 693 421 734 Hic
455 693 559 734 nihil
601 693 773 746 quidem
806 693 919 747 nouj.
984 692 1084 735 Vidi
1116 707 1275 735 nouum
1315 693 1524 748 scriptum
1558 694 1779 737 cuiusdam
1811 695 1990 750 Klebitij

219 758 547 812 sacramentarii
583 758 635 800 de
668 758 792 799 ruina
824 758 1018 812 Papatus
1060 758 1268 813 saxonicj.
1332 758 1432 801 Fuit
1471 759 1584 801 idem
1616 759 1831 803 Electoris
1864 761 1992 803 Pala-

218 822 323 865 tini³
355 823 654 874 Concionator,
690 838 715 865 a
749 837 831 877 quo
864 822 1054 865 reiectus
1086 823 1265 865 mirifice
1297 826 1461 867 tractat
1494 824 1770 868 Consiliarios
1805 827 1848 868 et
1881 825 1991 868 Con-

219 888 491 931 fessionistas
523 888 566 930 in
597 888 787 931 Saxonia
803 889 832 932 3.
877 888 987 930 Tum
1019 888 1194 943 scripsit
1226 889 1429 942 quidamb
1461 890 1821 944 superintendens
1843 890 1991 933 Mans-

219 953 433 996 feldicus4
466 954 676 996 aduersus
708 953 926 997 licentiam
960 954 1226 1008 popularem,
1263 955 1347 997 imo
1381 957 1424 997 et
1456 955 1674 1006 nobilium,
1709 956 1823 1010 quod
1854 956 1992 999 nolint

219 1019 338 1072 leges
371 1019 485 1061 ferre
519 1021 563 1062 et
596 1019 772 1061 decreta
805 1033 979 1061 suorum
1012 1019 1384 1063 Concionatorum.
1444 1020 1526 1063 Vbi
1560 1035 1735 1063 causam
1768 1021 1991 1064 Ecclesiae

220 1098 305 1126 non
337 1098 491 1139 parum
523 1084 596 1126 ille
630 1085 869 1134 confirmat,
904 1085 1034 1127 etiam
1069 1085 1185 1127 aliud
1218 1100 1365 1139 agens,

340 1156 551 1197 Dominus
592 1156 727 1198 IEsus
760 1156 980 1198 Ecclesiae
1021 1170 1195 1210 pacem,
1239 1157 1446 1210 nobisque
1488 1157 1678 1210 gratiam
1714 1157 1901 1209 tribuat,
1943 1160 1992 1201 ut

222 1221 419 1263 faelicem
475 1236 634 1263 annum
688 1224 938 1274 sequentem
993 1222 1280 1276 experiamur.
1354 1223 1580 1276 Augustae
1638 1225 1691 1266 .3.
1740 1222 1991 1265 Decembris

222 1287 279 1329 M.
299 1286 350 1328 D.
369 1286 478 1328 LXI.
1369 1288 1528 1330 Seruus
1560 1287 1604 1329 in
1636 1288 1804 1330 Christo
1837 1289 1930 1332 Pet.

1550 1353 1758 1396 Canisius.

341 1461 368 1511 †
402 1459 804 1502 Obseruandissimo
837 1460 1035 1511 Domino,
1070 1461 1120 1503 D.
1155 1460 1344 1503 Martino
1377 1461 1593 1513 Cromero,
1627 1461 1760 1516 Regis
1787 1461 1992 1504 Poloniae

222 1524 276 1566 ad
310 1525 538 1567 Caesarem
571 1525 751 1579 Legato,
789 1526 977 1568 Patrono
1012 1540 1102 1569 suo.
1748 1527 1930 1581 Pragae.

341 1629 487 1663 Cromer
523 1629 745 1675 inscriptioni
784 1630 912 1665 harum
950 1631 1152 1665 litterarum
1190 1643 1256 1666 sua
1294 1643 1401 1665 manu
1437 1631 1644 1667 adnotavit:
1688 1632 1763 1675 „12.
1798 1632 1985 1667 Decemb.“

223 1681 326 1726 [1561
356 1682 423 1717 has
449 1683 591 1718 litteras
617 1683 767 1729 accepi]

341 1848 355 1862 ³
381 1842 535 1877 Paletini
563 1844 660 1877 arch.
760 1843 773 1863 ¹¹
800 1843 969 1887 quiddam
996 1844 1093 1877 arch.

223 2015 433 2049 cusantibus
468 2016 550 2050 vide
586 2027 695 2061 supra
722 2028 754 2061 p.
784 2016 853 2050 112.
904 2016 932 2050 Ε
961 2017 1091 2061 quibus
1117 2017 1178 2051 alii
1214 2028 1319 2052 senes
1355 2017 1413 2051 vel
1448 2017 1586 2060 aegroti
1622 2019 1743 2058 erant,
1778 2016 1838 2052 alii
1874 2020 1988 2063 prote-

221 2069 402 2103 stantibus
428 2069 619 2109 faoebant,
656 2069 716 2103 alii
743 2069 923 2114 principes
950 2072 1194 2115 protestantes
1220 2070 1286 2105 sibi
1315 2071 1453 2105 vicinos
1479 2073 1588 2115 atque
1624 2070 1732 2105 etiam
1758 2070 1895 2106 nobiles
1921 2070 1990 2106 sibi

221 2122 385 2156 subditos
410 2123 621 2157 metuebant
647 2125 713 2157 ete.
744 2123 895 2167 (Strbel,
932 2124 1055 2158 Trient
1082 2136 1115 2169 p.
1142 2124 1222 2159 228.
1274 2125 1366 2158 Mor.
1393 2126 1530 2168 Raftter,
1565 2123 1747 2158 Deutsche
1774 2123 1989 2159 Geschichte

221 2175 269 2209 im
295 2175 463 2210 Zeitalter
498 2176 560 2210 der
596 2175 955 2219 Gegenreformation
990 2177 1061 2211 und
1098 2178 1160 2212 des
1195 2177 1527 2223 Dreissigjahrigen
1561 2177 1756 2221 Kriegesl
1791 2177 1990 2221 [Stuttgart

223 2228 339 2273 1889].
370 2230 587 2272 154—155).

343 2284 352 2303 ¹
379 2282 545 2317 Canisius
570 2295 638 2317 non
666 2283 955 2318 Maximilianum
982 2283 1175 2318 Bohemiae
1201 2296 1335 2328 regem,
1372 2285 1435 2319 sed
1461 2284 1726 2318 Ferdinandum
1751 2284 1778 2318 I.
1805 2295 1988 2319 caesarem

219 2335 410 2379 significat,
439 2337 498 2380 qui
524 2336 591 2370 hoc
618 2336 694 2381 ipso
720 2339 879 2382 tempore
907 2337 1230 2382 archiepiscopatui
1256 2338 1308 2371 illi
1334 2337 1568 2372 instaurando
1602 2340 1639 2372 et
1664 2337 1818 2372 dotando
1844 2349 1988 2383 operam

221 2388 347 2429 dabat:
375 2389 457 2423 vide
484 2400 593 2434 supra
620 2401 652 2434 p.
679 2390 759 2424 257.
787 2391 866 2424 315.

339 2441 352 2462 2
378 2442 517 2484 Nescio,
545 2445 665 2476 utrum
692 2454 943 2486 germanorum
967 2443 1168 2488 principum
1196 2446 1394 2478 conventus
1424 2443 1522 2487 (vide
1545 2455 1665 2488 supra,
1691 2455 1724 2488 p.
1744 2443 1822 2486 317,
1849 2444 1930 2478 adn.
1949 2444 1985 2488 9)

220 2506 265 2528 an
290 2494 476 2529 bohemica
509 2495 572 2530 illa
607 2495 751 2530 comitia
786 2496 1056 2539 significentur,
1094 2497 1136 2531 de
1173 2497 1302 2541 quibus
1329 2498 1479 2532 Ioannes
1505 2497 1649 2530 Mic-heli
1683 2499 1802 2531 orator
1835 2498 1988 2532 venetus

220 2548 339 2591 Praga
369 2549 422 2583 16.
449 2549 636 2583 Februarii
664 2549 754 2583 1562
781 2550 863 2584 duci
897 2561 961 2584 suo
989 2550 1132 2592 scribit,
1183 2550 1268 2593 „che
1303 2551 1339 2584 in
1368 2550 1487 2594 Praga
1521 2550 1552 2584 si
1587 2550 1632 2584 ha
1667 2551 1688 2584 a
1722 2550 1800 2584 fare
1826 2562 1873 2584 un
1908 2562 1986 2585 con-

220 2603 329 2636 vento
356 2602 525 2645 generale
560 2603 603 2636 de
629 2603 753 2637 baroni
780 2603 837 2637 del
862 2605 992 2647 regn0“
1027 2604 1167 2648 (Tm-ba
1194 2604 1217 2638 l.
1245 2615 1274 2638 c.
1301 2603 1363 2645 ΙΙΙ,
1390 2604 1488 2647 202).

341 2655 354 2675 ³
380 2654 596 2690 Guilielmus
622 2656 774 2697 Klebitz,
807 2656 1017 2699 „diaconus“
1046 2657 1355 2701 heidelbergensis
1381 2660 1418 2692 et
1444 2656 1585 2692 Calvini
1610 2657 1647 2691 in
1673 2655 1834 2691 doctrina
1860 2656 1987 2691 eucha-

219 2708 343 2742 ristica
368 2710 546 2750 sectator,
582 2721 674 2744 anno
704 2710 804 2752 1559,
832 2710 916 2754 quia
943 2723 1023 2745 cum
1050 2711 1239 2745 Tilmanno
1265 2710 1430 2746 Hesshus
1459 2709 1723 2754 (Hesshusen),
1759 2709 1818 2754 qui
1845 2709 1987 2744 Heidel—

219 2761 351 2804 bergae
383 2762 756 2807 „superintendentem
783 2764 1008 2807 generalem“
1032 2764 1309 2808 theologiaeque
1328 2764 1566 2809 professorem
1585 2774 1708 2807 agens,
1735 2763 1883 2797 Lutheri
1902 2763 1986 2807 dog-

219 2817 318 2849 mata
344 2815 476 2849 acriter
500 2815 688 2858 tuebatur,
725 2816 959 2851 vehementer
984 2817 1182 2859 rixabatur,
1209 2829 1230 2852 a
1255 2817 1436 2852 Friderico
1462 2817 1524 2851 111.
1551 2816 1706 2851 electore
1731 2816 1890 2861 palatino
1916 2827 1987 2850 una

220 2879 300 2902 cum
338 2868 538 2904 Hesshusio
575 2869 653 2903 loco
691 2872 811 2904 motus
849 2872 927 2905 erat
966 2870 1024 2914 (B.
1063 2872 1100 2905 (J.
1138 2872 1284 2915 Ξένωνα,
1322 2869 1599 2905 Ausfiihrlicher
1632 2869 1780 2904 Bericht
1817 2881 1887 2903 von
1924 2869 1987 2903 der

218 2920 466 2956 Psaltzischen
491 2921 826 2957 Kirchen-Historie
865 2923 1098 2967 [Franckfurt
1136 2923 1238 2968 1721]
1275 2936 1308 2968 p.
1345 2923 1495 2958 76—84.
1549 2923 1586 2958 C.
1614 2924 1659 2957 A.
1685 2923 1859 2967 Wilkens,
1894 2921 1986 2956 Tile-

219 2985 327 3008 mann
353 2974 575 3009 Hesshusius
603 2974 763 3021 [Leipzig
792 2975 896 3020 1860]
924 2989 956 3021 p.
984 2976 1153 3020 52—57).
1204 2976 1256 3011 De
1292 2977 1369 3011 eius
1403 2979 1524 3011 autem
1559 2975 1650 3010 libro
1680 2975 1859 3018 „Victoria
1893 2974 1986 3009 veri-

219 3026 317 3069 tatis,
345 3038 387 3062 ac
413 3028 516 3062 ruina
542 3031 698 3074 papatus
723 3029 904 3063 saxonici“
935 3030 1019 3064 vide
1044 3029 1139 3064 infra
1166 3042 1198 3074 p.
1226 3029 1306 3064 326.

340 3082 352 3100 4
379 3080 622 3127 Hieronymus
648 3082 807 3124 Mencel;
834 3083 917 3117 vide
942 3082 1038 3117 infra
1063 3095 1096 3128 p.
1124 3083 1203 3118 322.
