2093 3444
571 159 738 202 Augusta
764 159 1034 195 Vindelicorum
1062 161 1093 195 7.
1122 161 1289 215 Octobris
1319 163 1420 197 1561.
1798 169 1882 210 239

106 276 280 319 adferat
313 277 563 319 detrimenti
605 278 815 319 bonorum
859 279 1253 322 ecclesiasticorum
1297 283 1340 323 et
1381 283 1720 325 monasticorum
1760 285 1885 327 dissi-

105 342 238 397 patio,
274 356 403 395 quam
437 342 707 396 Principibus
740 343 835 384 istis
867 343 1015 386 ferunt
1048 347 1285 399 acceptam.
1350 346 1511 389 Contra
1544 348 1623 390 hos
1655 349 1789 402 igitur
1819 351 1886 392 111-

105 407 321 461 surgitur,
364 407 436 460 qui
468 407 683 450 rationem
718 409 899 450 reddere
941 410 1156 451 communi
1197 425 1370 452 rumore
1412 412 1629 455 clamante
1669 414 1885 467 iubentur,

104 472 148 514 in
172 487 279 526 quos
312 473 483 514 demum
507 487 611 514 vsus
636 474 848 517 verterint
882 488 933 516 ea
956 475 1069 517 bona
1092 478 1224 528 atque
1248 476 1440 526 donaria,
1476 492 1586 530 quae
1619 479 1885 533 plebeiorum

107 552 157 580 ac
179 537 387 580 nobilium
409 541 615 593 parentes
639 539 846 594 Ecclesijs
869 543 1082 594 perpetua
1106 555 1200 583 esse
1224 542 1468 593 voluerunt,
1504 545 1552 585 vt
1573 543 1672 586 inde
1694 545 1884 599 ipsorum

106 617 276 657 quoque
308 618 581 646 successores
615 607 659 646 et
688 619 915 658 pauperes,
949 605 1124 648 minime
1147 621 1251 648 vero
1274 607 1504 662 principeS,
1539 609 1773 654 alerentur.
1817 612 1885 654 Ad

106 669 362 711 seditionem
395 683 465 711 res
498 672 699 723 spectare
735 670 952 713 uidetur1.

226 742 291 783 De
325 741 670 783 sacramentaria
703 755 749 783 re
782 756 950 784 summa
984 757 1095 784 nunc
1128 743 1311 785 istorum
1344 747 1411 787 est
1444 747 1726 790 concertatiO.
1788 749 1886 790 Cal-

106 806 232 848 uinus
264 806 501 848 Lutherum
537 821 848 860 suppressurus
882 807 1054 849 videtur
1086 822 1172 849 non
1205 809 1344 850 solum
1376 809 1419 851 in
1454 810 1608 863 Gallia,
1645 812 1720 854 sed
1754 812 1886 855 etiam

106 871 150 913 in
193 871 440 915 Germania.
513 872 607 914 Nec
652 874 719 914 est
760 886 843 925 quo
888 873 1195 926 progrediatur
1237 874 1561 927 Sathanismus,
1608 877 1645 919 si
1689 879 1821 920 solem
1864 893 1886 921 e

107 937 280 988 mundo,
315 937 530 979 Christum
566 937 811 990 Christique
845 952 1001 992 corpus
1035 953 1089 980 ex
1122 939 1321 982 Ecclesia
1353 941 1592 992 sustulerit,
1628 945 1677 986 vt
1709 958 1886 997 prorsus

107 1002 260 1045 atheos
293 1003 430 1046 faciat
445 1004 473 1046 2.
518 1002 746 1045 Resistunt
779 1003 950 1056 quidem
975 1003 1175 1046 Saxonici
1209 1007 1361 1047 tantae
1387 1006 1603 1061 impietati
1619 1010 1647 1059 3,
1682 1009 1759 1050 sed
1791 1009 1887 1051 vin-

109 1071 264 1110 cuntur
297 1072 413 1120 arte,
457 1068 632 1117 fraude,
677 1068 943 1119 subtilitate,
988 1069 1257 1122 eloquentia,
1301 1071 1481 1113 vafricie
1523 1073 1885 1119 Caluinianorum.

108 1133 221 1175 Dum
254 1133 317 1176 ita
357 1136 555 1188 pugnant
586 1133 700 1176 inter
738 1147 784 1175 se
817 1133 1016 1188 sectarij,
1060 1135 1287 1176 Turcicam
1330 1139 1555 1180 sectantur
1595 1139 1884 1192 prudentiam,

107 1213 219 1252 quae
241 1199 498 1242 Christianis
520 1213 671 1253 pacem
704 1199 934 1253 permittit,
969 1203 1013 1242 et
1045 1201 1160 1242 bella
1182 1215 1266 1242 non
1293 1205 1441 1244 mouet
1463 1203 1698 1255 Ecclesiae,
1734 1219 1885 1258 quam-

107 1263 179 1306 diu
210 1279 280 1306 res
314 1279 416 1307 suas
447 1265 562 1306 male
596 1265 880 1316 constitutas,
925 1267 969 1307 et
1000 1265 1145 1319 ignem
1179 1266 1293 1308 domi
1331 1271 1607 1320 grassantem
1639 1270 1759 1312 videt
1791 1272 1885 1313 ,1111-

107 1333 297 1384 perator.
364 1331 489 1373 Solus
522 1333 590 1372 est-
623 1331 875 1384 Staphylus,
911 1331 983 1384 qui
1015 1331 1178 1385 negotij
1212 1334 1384 1375 tantum
1417 1333 1502 1375 illis
1534 1349 1620 1375 vno
1660 1336 1885 1389 alteroque

108 1395 303 1450 scripto4
335 1395 528 1447 facessit,
562 1398 612 1438 vt
644 1396 910 1449 reliquorum
944 1396 1135 1438 obliuisci
1166 1399 1475 1452 propemodum
1500 1399 1742 1443 videantur.
1787 1402 1886 1444 Vti-

106 1475 209 1504 nam
242 1461 355 1515 quod
388 1461 513 1504 multi
546 1462 828 1516 percupiunt,
868 1462 1107 1516 amplitudo
1150 1465 1227 1504 tua
1268 1463 1342 1518 otij
1377 1464 1540 1518 aliquid
1570 1465 1798 1520 impetret,
1842 1470 1887 1510 et

109 1527 164 1569 ad
196 1527 471 1569 scribendum
514 1541 560 1569 se
591 1527 750 1570 iterum
784 1527 1007 1581 accingat,
1051 1530 1099 1569 vt
1132 1528 1224 1570 siue
1257 1528 1309 1570 de
1351 1543 1558 1584 oppresso
1592 1531 1671 1573 Dei
1706 1533 1838 1575 uerbo
1856 1534 1884 1583 5,

107 1592 199 1634 siue
233 1593 285 1634 de
318 1595 577 1646 argumento
601 1593 685 1635 alio
720 1593 822 1635 edat
854 1607 958 1635 suae
991 1595 1036 1635 et
1058 1593 1307 1636 Catholicae
1333 1594 1511 1649 pietatis
1544 1600 1883 1649 monumentum,

109 1658 222 1711 quod
253 1658 450 1713 inprimis
483 1658 734 1700 desiderant
765 1658 881 1712 filij
915 1659 1058 1702 Deiss.

228 1729 520 1772 Confessionis
553 1730 665 1784 Aug.
701 1730 952 1783 conquiram
986 1730 1266 1785 exemplaria,
1302 1732 1377 1773 sed
1409 1732 1567 1775 Latina
1599 1734 1751 1785 solum,
1785 1749 1887 1776 nam

110 1795 370 1838 Germanica
411 1795 573 1849 requiri
614 1810 700 1837 non
743 1795 944 1838 arbitror.
1014 1796 1135 1838 Nihil
1175 1796 1344 1851 reperio
1386 1812 1412 1839 a
1452 1798 1664 1851 Vergerio
1707 1800 1884 1852 editum,

108 1860 190 1903 nisi
223 1861 337 1914 quod
369 1860 496 1904 mitto
512 1861 541 1904 7.
585 1860 796 1903 Dominus
818 1861 991 1903 JESVS
1015 1861 1193 1915 colligat
1226 1864 1270 1904 et
1292 1863 1505 1915 gubernet
1528 1864 1751 1907 Ecclesiae
1781 1879 1886 1908 suae

109 1929 330 1981 pastores,
374 1929 419 1969 et
450 1941 528 1981 per
559 1926 656 1968 illos
690 1941 820 1969 oues
853 1928 1166 1978 errantesss,
1211 1930 1261 1970 vt
1301 1927 1411 1971 fiat
1442 1943 1601 1971 vnum
1643 1930 1791 1972 ouile
1833 1934 1886 1974 et

108 2006 248 2034 vnus
280 1993 499 2046 pastor9
533 1995 627 2035 toto
661 1993 763 2034 orbe
796 1994 1028 2035 terrarum.
1499 1985 1504 1990 ⁵

229 2063 508 2105 Colonienses
532 2063 817 2105 Conciliorum
840 2078 998 2106 nouam
1022 2067 1180 2118 parant
1210 2063 1443 2106 editionem
1461 2065 1508 2116 1⁰,
1542 2080 1696 2120 meque
1728 2070 1888 2121 rogant

110 2128 366 2180 admodum,
410 2131 459 2171 vt
492 2143 547 2171 ex
579 2129 698 2171 Vrbe
740 2128 902 2171 adferri
934 2143 1184 2184 procurem,
1229 2130 1342 2183 quod
1375 2130 1429 2172 ad
1464 2131 1804 2184 recognitionem
1837 2147 1888 2175 ac

110 2193 496 2248 locupletationem
528 2194 641 2237 tanti
683 2194 826 2249 operis
860 2194 1070 2237 conferat.
1134 2194 1217 2236 Hic
1259 2209 1345 2236 non
1377 2209 1551 2249 possum
1591 2197 1888 2251 amplitudinis

234 2352 243 2371 ¹
273 2350 326 2385 Cf.
354 2352 657 2385 Janssen-Pastor
682 2350 704 2385 l.
732 2363 762 2385 c.
790 2350 851 2393 IV,
879 2351 958 2385 245.

232 2404 245 2424 ‘2
270 2403 404 2438 Notum
432 2406 505 2447 est,
543 2404 735 2439 Calvinum
762 2404 948 2439 docuisse:
986 2404 1122 2439 Christi
1157 2416 1287 2450 corpus
1314 2405 1450 2440 virtute
1484 2408 1646 2449 tantum,
1684 2419 1755 2442 non
1790 2420 1827 2442 re
1853 2408 1889 2443 in

113 2457 332 2492 eucharistia
359 2469 450 2493 esse.
501 2457 683 2492 Lutherus
710 2458 845 2492 Christi
873 2470 1001 2504 corpus
1028 2470 1115 2492 vere
1141 2458 1177 2493 in
1204 2471 1246 2493 ea
1273 2471 1353 2494 esse
1379 2459 1638 2494 affirmaverat.

233 2512 246 2532 ³
273 2512 425 2546 Ioannes
450 2511 666 2552 Fridericus,
694 2511 872 2546 Saxoniae
900 2512 992 2554 dux,
1025 2515 1061 2546 et
1086 2512 1246 2556 theologi
1272 2513 1448 2555 ienenses,
1475 2515 1516 2548 ut
1541 2513 1684 2548 Flacius
1710 2515 1888 2560 Illyricus,

113 2564 235 2599 Simon
261 2565 445 2606 Musaeus,
471 2565 682 2599 Matthaeus
709 2565 831 2608 Iudex,
860 2566 1012 2600 Ioannes
1038 2566 1255 2610 Wigandus.

233 2619 246 2638 4
274 2617 479 2662 Significari
496 2618 666 2653 videntur
683 2619 913 2664 potissimum
935 2619 973 2654 hi
992 2619 1159 2665 Staphyli
1176 2619 1279 2654 libri:
1312 2619 1549 2664 „Theologiae
1567 2621 1715 2655 Martini
1741 2622 1889 2656 Lutheri

112 2671 333 2706 trimembris
360 2672 534 2717 epitome“
569 2672 667 2715 (vide
698 2673 784 2707 Can.
812 2673 901 2718 Epp.
929 2673 983 2714 H,
1019 2673 1087 2708 275
1099 2674 1140 2716 S).
1196 2672 1406 2715 „Defensio“
1446 2673 1553 2708 huius
1591 2674 1764 2719 epitomes
1793 2675 1831 2720 (l.
1859 2688 1888 2710 c.

113 2738 148 2771 p.
175 2726 295 2769 671¹).
347 2725 526 2770 Apologia
553 2726 595 2760 de
623 2737 708 2760 vero
736 2726 944 2771 Scripturae
971 2726 1158 2761 intellectu
1188 2726 1226 2770 (l.
1254 2738 1282 2761 c.
1309 2739 1343 2772 p.
1373 2727 1490 2771 744⁷).

237 2780 249 2799 ⁵
281 2779 352 2821 „De
379 2790 551 2824 expresso
577 2779 688 2814 verbo
715 2779 801 2814 Dei“
832 2779 966 2814 Hosius
992 2780 1064 2814 iam
1091 2779 1288 2824 scripserat
1317 2779 1500 2823 (Dilingae
1530 2780 1619 2814 1558
1647 2781 1745 2824 etc).

235 2833 247 2852 ⁶
274 2832 333 2866 Ps.
361 2833 417 2874 28,
447 2833 477 2866 1.
528 2833 629 2867 Rom.
657 2833 688 2874 8,
719 2834 771 2868 16.
826 2834 842 2867 1
870 2833 919 2868 Io.
947 2833 977 2875 3,
1009 2834 1037 2867 1.
1067 2833 1111 2868 10
1137 2835 1205 2867 etc.

236 2887 248 2906 Τ
275 2885 366 2920 Vide
393 2897 486 2930 quae
512 2886 578 2920 sub
605 2886 703 2931 ipsas
729 2886 796 2921 has
822 2887 965 2921 litteras
993 2886 1166 2920 dicentur.

236 2940 248 2960 ⁸
277 2939 292 2973 1
321 2939 419 2974 Petr.
447 2940 479 2979 2,
507 2940 562 2974 25.
613 2939 659 2974 Is.
688 2940 742 2982 53,
771 2941 802 2975 6.

235 2993 248 3013 ⁹
274 2993 322 3027 Io.
352 2993 405 3035 10,
437 2993 490 3027 16.

222 3046 249 3066 ¹⁰
275 3045 436 3080 Concilia
461 3046 684 3089 collegerant
709 3046 860 3081 Iacobus
886 3045 1083 3086 Merlinus,
1122 3044 1314 3079 canonicus
1350 3045 1560 3090 parisiensis
1588 3046 1755 3090 (Parisiis
1785 3048 1885 3084 1523.

117 3098 220 3133 1536.
272 3099 441 3134 Coloniae
478 3099 585 3144 1530)
626 3101 662 3134 et
696 3100 827 3134 Petrus
868 3099 1005 3133 Crabbe
1041 3098 1081 3132 O.
1109 3098 1215 3139 Min.‚
1254 3097 1361 3142 belga
1401 3098 1586 3142 (Coloniae
1625 3100 1726 3135 1538.
1765 3101 1885 3146 1551).

118 3151 173 3196 (C.
199 3154 237 3187 J.
263 3164 329 3187 von
356 3153 487 3197 Hefele,
515 3152 910 3196 Conciliengeschichte
937 3152 962 3193 Ι,
991 3152 1022 3186 2.
1049 3151 1143 3185 Aufl.
1171 3150 1360 3195 [Freiburg
1386 3151 1407 3185 i.
1436 3152 1495 3186 ΒΥ.
1524 3152 1638 3198 1873],
1667 3154 1836 3199 74—75).
