2093 3444
208 193 289 233 124
738 188 817 222 549.
853 188 1004 222 Ioannes
1032 187 1074 221 de
1100 186 1256 221 Polanco
1284 186 1438 222 Canisio.

202 308 342 350 dando
365 308 409 348 in
431 307 623 357 Vienna;
653 307 762 348 ‹loue
785 309 913 360 potra
937 309 1157 348 accettare
1179 306 1222 348 la
1245 305 1513 360 professione
1537 306 1605 348 del
1628 306 1768 348 Padre
1784 306 1977 350 Vittoria

201 387 247 414 se
279 372 419 427 prima
453 386 537 413 non
569 373 596 413 1²
621 371 794 414 hauessi
827 371 955 421 satta,
990 371 1081 413 dar'
1116 371 1266 413 ordine
1299 371 1340 412 al
1370 374 1579 425 stampar'
1614 372 1712 424 quel
1734 372 1842 414 libro
1877 372 1974 414 dell'

201 437 395 487 historia,
431 440 474 479 et
506 439 682 479 trattar'
719 436 759 478 di
793 437 926 478 molte
959 436 1070 479 altre
1104 449 1225 486 cose,
1266 438 1309 478 et
1343 436 1409 477 fra
1442 436 1583 489 quelle
1616 436 1652 478 si
1684 438 1812 490 potra
1845 437 1976 479 etiam

201 502 475 545 considerare
516 502 552 543 si
595 504 695 543 sara
728 501 801 555 piu
843 501 1102 555 expediente
1139 501 1213 554 gia
1254 501 1332 542 che
1373 501 1416 542 la
1458 504 1630 555 stampa
1664 503 1685 543 e
1719 501 1977 545 cominciata

199 567 243 609 in
274 568 467 617 Vienna,
512 570 556 610 et
589 567 624 608 si
656 569 796 609 tratta
830 566 868 607 d'
894 567 1082 608 aiutarla
1121 580 1200 608 0011
1232 565 1427 609 intratal
1468 567 1764 620 pmmouerla,
1808 570 1852 610 et
1884 581 1976 610 ser-

200 633 370 675 uirsene
404 632 445 674 di
479 633 622 685 quella
656 646 732 686 per
764 632 807 673 la
840 645 917 673 sua
950 631 1190 685 prouinffla,
1232 634 1363 673 ouero
1396 631 1465 674 far
1497 634 1694 686 stampar
1724 632 1767 673 in
1800 631 1976 686 Dilinga

199 698 229 741 li
261 698 359 740 libri
392 697 625 751 necessarij
659 711 736 751 per
767 696 797 738 li
830 697 1009 750 Collegij
1043 697 1181 739 nostri
1196 698 1226 740 2.

318 763 605 816 Quantunque
638 762 680 803 in
714 762 852 804 Roma
885 764 917 803 s’
943 776 1017 804 era
1049 764 1237 804 trattato
1281 762 1332 803 de
1366 776 1598 816 procurare
1636 762 1665 803 li
1698 762 1828 817 studij
1863 763 1975 805 delle

199 829 346 882 lingue
389 827 616 882 principali
660 827 822 869 fossino
867 827 911 868 in
952 827 1144 878 Vienna,
1191 829 1235 869 et
1280 826 1410 880 quelli
1455 827 1569 869 della
1610 827 1888 882 Philosophia
1931 827 1975 869 in

199 894 382 947 Praga2·‚
418 896 462 936 et
495 893 607 935 della
641 892 850 946 Teologia
880 892 924 933 in
946 892 1238 946 Jngolstadio,
1272 894 1365 946 pur'
1390 892 1433 934 13
1455 892 1696 935 mutatione
1730 893 1842 935 delle
1875 907 1974 936 cose

200 959 299 1001 dall'
323 959 429 1001 hora
462 958 504 999 in
539 960 644 1012 qua,
679 960 723 1000 et
756 958 784 999 11
817 957 990 1000 1110111111
1024 958 1101 999 0110
1134 957 1275 999 scriue
1307 957 1337 999 il
1370 957 1510 999 Padre
1542 957 1757 1009 Vittoria,
1797 961 1841 1001 et
1874 958 1973 1001 altri

200 1024 277 1066 che
310 1026 394 1078 qua
427 1027 656 1066 teneuamo
690 1023 822 1065 fanno
856 1023 934 1064 che
969 1023 1036 1065 .N.
1071 1023 1213 1065 Padre
1248 1023 1284 1064 si
1325 1022 1486 1065 risolua
1519 1025 1544 1065 a
1578 1038 1660 1065 non
1706 1023 1798 1065 fare
1831 1025 1974 1066 muta-

198 1089 316 1131 tione
351 1089 450 1131 nelli
484 1090 596 1131 corsi
631 1089 671 1130 di
704 1088 957 1132 Philosofia:
1001 1103 1072 1130 ma
1105 1088 1183 1131 che
1216 1088 1251 1130 si
1285 1087 1513 1141 seguitano
1551 1087 1594 1130 in
1628 1088 1819 1139 Vienna,
1862 1091 1906 1132 et
1938 1089 1973 1130 si

199 1154 313 1197 troui
354 1154 480 1196 modo
515 1154 555 1195 di
598 1168 682 1195 non
716 1154 862 1195 hauer'
886 1153 1083 1207 iinpiccio
1126 1168 1205 1195 0011
1246 1153 1272 1194 l'
1298 1153 1538 1196 uniuersita
1576 1167 1696 1195 come
1738 1153 1896 1207 meglio
1938 1154 1974 1195 si

198 1222 325 1274 potra
341 1221 370 1261 3.
416 1220 568 1262 Presto
601 1220 848 1268 haueremo,
885 1233 1005 1260 come
1038 1233 1178 1273 spero,
1212 1219 1255 1260 la
1287 1218 1452 1262 faculta
1482 1219 1611 1272 plena
1644 1218 1685 1260 di
1717 1232 1973 1273 promouere

198 1284 335 1327 nostri
368 1285 576 1333 scholari;
612 1284 704 1326 dico
739 1284 868 1337 quelli
902 1284 1016 1326 della
1039 1284 1305 1338 Compagnia
1338 1286 1382 1326 et
1414 1283 1679 1334 forastieri4,
1714 1283 1973 1326 01001101ᾶο-

198 1429 312 1470 viset,
339 1430 587 1464 Vindobonam
615 1430 788 1474 petendo:
825 1429 882 1463 ubi
912 1434 947 1463 et
973 1430 1086 1474 patris
1115 1429 1294 1463 Victoriae
1320 1428 1579 1474 professionem
1607 1429 1781 1474 excipiet,
1819 1429 1887 1463 nisi
1914 1428 1972 1463 hic

199 1483 297 1527 prius
324 1495 401 1517 eam
439 1484 616 1524 emiserit,
653 1486 689 1517 et
715 1483 757 1517 de
783 1483 933 1517 historia
969 1483 1029 1516 illa
1057 1483 1155 1528 typis
1189 1482 1424 1517 exscribenda
1457 1483 1670 1524 constituet,
1708 1485 1743 1517 et
1770 1483 1813 1516 de
1848 1481 1972 1516 multis

198 1536 279 1571 aliis
305 1536 411 1571 rebus
438 1539 542 1580 aget,
575 1539 684 1581 atque
711 1537 804 1570 inter
830 1536 901 1570 alia
928 1537 1171 1581 expendetur,
1207 1539 1328 1570 utrum
1354 1536 1471 1579 magis
1497 1536 1668 1581 expediat
1693 1535 1970 1581 typographiam

198 1590 510 1631 vindobonensem,
538 1602 618 1624 cum
637 1590 726 1624 haec
749 1590 917 1624 incohata
943 1591 1014 1625 iam
1033 1591 1079 1625 sit
1107 1592 1143 1624 et
1169 1590 1211 1624 de
1238 1601 1279 1624 03
1298 1590 1414 1624 reditu
1434 1590 1637 1624 adiuvanda
1655 1591 1786 1633 agatur
1801 1591 1820 1630 ¹,
1847 1588 1971 1634 ampli-

197 1644 304 1678 ficare
340 1646 376 1678 et
402 1645 436 1678 in
463 1644 670 1689 provinciae
707 1644 810 1678 istius
837 1656 925 1678 usus
951 1639 1139 1684 adhibere,
1176 1655 1220 1678 an
1246 1643 1357 1678 libros
1393 1643 1554 1687 collegiis
1590 1643 1722 1678 nostris
1748 1642 1971 1677 necessarios

198 1696 365 1741 Dilingae
392 1697 621 1732 excudendos
648 1709 773 1731 curare
787 1698 810 1731 ².

317 1751 418 1785 Licet
456 1751 589 1785 Romae
628 1750 695 1785 1100
738 1751 879 1785 efficere
915 1751 1106 1795 aliquando
1143 1750 1443 1794 cogitaverimus,
1486 1752 1526 1784 ut
1565 1750 1709 1794 linguae
1744 1749 1971 1795 potissimum

197 1806 441 1839 tractarentur
467 1805 721 1845 Vindobonac,
757 1805 982 1850 philosophia
1010 1805 1169 1848 Pragae,
1205 1803 1386 1848 theologia
1414 1803 1644 1848 lngolstadii,
1680 1803 1724 1838 ob
1750 1815 1808 1838 res
1839 1803 1883 1837 ab
1909 1802 1971 1836 illo

199 1860 360 1903 tempore
395 1858 429 1892 in
458 1870 629 1903 praesens
655 1860 813 1892 mutatas
846 1861 881 1892 et
908 1860 1053 1903 propter
1089 1869 1216 1892 causas
1249 1869 1269 1892 3
1295 1861 1398 1903 patre
1424 1857 1584 1891 Victoria
1610 1857 1743 1891 litteris
1769 1856 1972 1902 propositas

203 1914 239 1945 et
273 1911 384 1951 alias,
421 1912 549 1956 quibus
575 1912 633 1946 hic
659 1912 906 1953 movebamur,
945 1914 1047 1956 pater
1072 1914 1194 1945 noster
1229 1911 1434 1953 constituit,
1472 1922 1517 1945 ne
1543 1910 1627 1955 quid
1654 1910 1689 1944 in
1724 1909 1972 1956 philosophiae

199 1965 364 2000 cursibus
399 1968 578 2007 mutetur,
614 1966 677 2000 sed
713 1968 753 1999 ut
779 1965 1010 2000 Vindobonae
1046 1965 1080 1999 in
1116 1965 1159 1999 iis
1187 1964 1463 2010 progrediantur
1498 1966 1626 2008 atque,
1663 1966 1704 1998 ut
1735 1963 1867 2009 optime
1892 1962 1972 1997 fieri

198 2018 340 2063 poterit,
368 2021 532 2060 caveant,
558 2030 602 2052 ne
630 2030 711 2053 cum
738 2018 977 2053 universitate
1005 2018 1193 2052 discidium
1220 2018 1375 2052 exsistat
1387 2018 1410 2052 3.
1458 2018 1564 2051 Brevi
1591 2019 1710 2052 autem
1738 2028 1803 2051 nos
1826 2016 1970 2062 plenam

198 2072 409 2106 facultatem
446 2074 659 2117 accepturos
696 2084 775 2106 esse
811 2084 916 2117 spero
951 2072 1189 2107 scholasticos
1224 2074 1366 2106 nostros
1402 2071 1446 2105 ad
1473 2071 1607 2114 gradus
1642 2070 1866 2105 academicos
1892 2081 1970 2114 pro-

198 2125 383 2166 movendi;
411 2125 646 2160 scholasticos
673 2125 749 2160 dico
776 2128 812 2160 01
838 2126 935 2166 illos,
963 2125 1022 2170 qui
1050 2125 1092 2159 de
1119 2125 1299 2159 Societate
1325 2127 1425 2166 suut,
1453 2127 1489 2159 et
1515 2125 1728 2165 externos⁴3
1755 2135 1826 2167 qua
1851 2122 1970 2167 gratia

315 2252 329 2266 ὃ
356 2245 494 2290 Pragra
522 2258 578 2290 ap.

321 2370 330 2390 ¹
356 2369 604 2404 Ferdinandus
631 2370 656 2404 I.
685 2381 820 2411 caesar,
847 2372 888 2404 ut
913 2369 1076 2411 videtur,
1104 2381 1185 2403 eum
1211 2368 1364 2403 reditum
1392 2379 1630 2403 concessurus
1656 2369 1744 2402 erat.
1796 2367 1850 2402 Cf.
1880 2367 1969 2401 Can.

199 2422 287 2467 Epp.
314 2422 358 2462 ΙΙ,
386 2423 453 2456 607
468 2424 489 2456 ¹.

319 2475 332 2495 ²
358 2475 523 2519 Dilingae
559 2475 734 2510 Sebaldus
760 2476 888 2520 Mayer
923 2478 1036 2510 artem
1071 2475 1369 2521 typographicam
1405 2486 1486 2509 cum
1520 2473 1626 2508 laude
1663 2474 1864 2508 exercebat.
1916 2472 1968 2507 De

199 2540 268 2573 quo
303 2528 385 2562 vide
420 2529 485 2562 Fr.
521 2529 566 2562 X.
605 2530 747 2573 Schild,
786 2528 852 2562 Die
887 2529 1066 2572 Dillinger
1101 2528 1393 2563 Buchdruckerei
1428 2527 1499 2562 und
1535 2527 1612 2561 ihre
1638 2525 1885 2561 Druckwerke
1920 2526 1968 2560 im

201 2582 254 2616 16.
283 2581 547 2623 Jahrhundert,
587 2582 623 2616 in
654 2582 948 2624 „Jahresbericht
984 2582 1046 2616 des
1073 2581 1325 2616 Historischen
1351 2580 1504 2616 Vereins
1540 2579 1740 2624 Dillingen“
1781 2580 1812 2614 5.
1841 2579 1966 2624 Jahrg.

202 2634 401 2678 (Dillingen
432 2634 538 2678 1892)
567 2647 599 2680 p.
632 2635 829 2670 102—134.

319 2689 333 2709 ³
359 2687 532 2730 Quoniam
560 2700 600 2722 eo
628 2688 770 2732 quidem
797 2691 959 2733 tempore
985 2688 1276 2722 adulescentibus
1302 2687 1465 2721 doctrina
1491 2686 1688 2721 christiana
1714 2686 1915 2720 imbuendis
1933 2687 1969 2720 et

200 2741 245 2775 ad
270 2741 441 2786 pietatem
468 2741 700 2776 instituendis
726 2742 761 2776 in
787 2741 1028 2776 universitate
1055 2740 1313 2775 vindobonensi
1334 2752 1460 2785 parum
1478 2751 1607 2785 operae
1625 2739 1837 2780 navabatur,
1864 2738 1968 2773 multi

200 2806 245 2828 ex
280 2805 321 2828 ea
356 2794 400 2828 ad
428 2793 618 2829 Societatis
653 2794 796 2829 scholas
828 2806 848 2829 a
880 2794 1089 2840 parentibus
1115 2794 1429 2828 transferebantur
1458 2792 1566 2836 (Rud.
1594 2793 1713 2837 Kc'nk,
1751 2791 1967 2826 Geschichte

200 2847 262 2880 der
286 2846 526 2881 kaiserlichen
545 2847 773 2882 Universitat
798 2860 841 2882 zu
860 2848 966 2881 Wien
988 2848 1024 2881 1³
1053 2847 1173 2891 [WVien
1195 2846 1311 2891 1854],
1338 2845 1554 2890 323—327).
1590 2846 1767 2880 Polaneus
1783 2844 1966 2880 Victoriae

200 2900 313 2934 Roma
339 2900 371 2934 2.
399 2900 534 2945 Aprilis
563 2901 650 2935 1561
680 2901 845 2946 scripsit:
876 2901 1004 2944 „Pensi
1032 2901 1140 2934 etiam
1166 2900 1201 2934 13
1225 2900 1266 2935 R.
1285 2900 1328 2933 V.
1356 2911 1461 2944 sopra
1486 2899 1512 2933 il
1537 2898 1669 2944 pigliar
1693 2898 1729 2933 13
1755 2898 1967 2943 compagnia

199 2955 323 2987 nostra
356 2952 390 2987 10
417 2956 565 2988 assunto
600 2953 695 2988 della
730 2954 868 2988 faculta
902 2954 937 2988 di
963 2953 1134 2997 Teologia
1169 2955 1205 2987 et
1230 2953 1397 2987 Filosofia
1432 2953 1468 2986 in
1494 2952 1654 2993 Vienna;
1690 2963 1754 2996 per
1787 2951 1852 2985 che
1878 2951 1966 2986 forsi

201 3009 328 3050 questo
354 3007 505 3041 sarebbe
530 3019 579 3041 un
606 3018 725 3041 mezzo
752 3007 842 3041 bono
869 3007 902 3041 di
930 3007 1040 3041 leuar’
1066 3007 1126 3041 uia
1151 3006 1185 3040 le
1212 3005 1434 3040 dissensione
1460 3007 1497 3040 et
1521 3004 1676 3039 anisarci
1701 3003 1782 3039 seli
1800 3015 1865 3049 par
1882 3016 1966 3039 cosa

200 3059 402 3101 riuscibile,
440 3062 476 3094 et
502 3059 567 3094 che
593 3062 701 3104 gente
727 3060 878 3095 sarebbe
903 3060 1129 3101 necessaria;
1165 3071 1235 3094 non
1260 3058 1395 3093 risolua
1420 3070 1506 3103 pero
1532 3058 1652 3092 niente
1683 3068 1790 3091 senza
1824 3057 1965 3092 auisare

200 3114 322 3146 nostro
349 3112 484 3146 Padre⁴⁴
519 3113 579 3157 (ex
605 3113 812 3158 apographo
840 3113 998 3147 eiusdem
1025 3113 1207 3158 temporis.
1251 3112 1333 3146 Cod.
1366 3111 1504 3154 „Germ
1534 3111 1643 3146 1559“
1674 3110 1698 3144 f.
1726 3110 1844 3153 318³).

319 3166 333 3185 ⁴
357 3165 527 3200 Facultas
544 3166 634 3201 haec
651 3178 671 3200 a
691 3166 754 3200 Pio
772 3166 833 3200 IV.
853 3165 1022 3201 Societati
1043 3167 1098 3201 19.
1116 3166 1209 3209 Aug.
1231 3165 1317 3200 1561
1338 3164 1474 3199 tributa
1492 3166 1565 3205 est;
1585 3163 1628 3197 de
1647 3175 1718 3207 qua
1736 3163 1840 3208 plura
1857 3163 1962 3198 infra.
