2093 3444
643 233 813 267 Tridento
842 234 895 267 14.
922 233 1130 268 Decembris
1159 234 1259 269 1562.
1746 238 1830 280 563

66 352 102 391 c’
137 363 211 391 era
253 349 304 391 de
346 352 569 392 contrasto
613 364 691 391 con
733 351 762 391 11
804 351 1025 404 Sguizzari
1066 353 1310 394 reuocando
1353 353 1445 395 loro
1487 353 1517 394 il
1561 368 1637 396 suo
1683 355 1832 396 amba—

65 414 293 457 seiatore1.

185 480 229 522 ι11
270 479 404 534 padre
445 479 604 522 Dottor
644 480 793 533 Lanoy
836 484 1001 523 mostra
1045 482 1156 523 buon
1198 481 1340 524 animo
1384 483 1692 526 desustentarli
1735 485 1833 537 quel

64 558 245 586 numero
279 544 321 586 di
353 543 539 586 scholari
572 545 786 598 sperando
821 545 897 586 che
938 546 964 587 il
1001 548 1121 588 Duca
1164 550 1351 601 ayutara
1393 562 1471 589 con
1517 549 1699 601 qualche
1738 563 1832 591 soc-

68 623 205 652 corso.
270 610 344 651 Fr.
378 609 724 651 Rabensteefnzmn
770 626 857 652 una
891 626 979 653 cum
1017 613 1193 667 Georqio
1227 614 1466 655 Schore'clzio
1500 615 1559 655 ad
1590 629 1732 656 sacros
1765 629 1833 657 or-

68 676 190 717 dines
217 675 497 730 promea-2¹2,
531 675 579 717 P.
604 676 817 717 Lcmoimn
853 678 895 718 in
923 692 1130 731 praesens
1152 678 1405 733 Inqolstadc'c'
1438 694 1609 721 manere
1635 681 1832 722 convenit.

68 741 185 782 Deus
223 746 385 782 nostros
416 741 619 795 Biburqi,
664 741 882 783 M'onachic'
922 740 1015 792 (ubi
1050 745 1312 796 pestilentiae
1353 746 1433 786 vim
1477 746 1613 786 minui
1655 745 1833 797 dicum),

68 806 238 861 Praqae
271 807 505 847 conservet!

188 870 466 912 Riceuemmo
500 870 599 923 quel
631 870 784 913 scritto
819 870 887 912 del
918 871 1078 913 Dottor
1109 872 1303 914 Gioanne
1337 874 1388 915 de
1421 874 1612 916 Louanio
1645 888 1775 928 sopra
1805 874 1836 916 il

70 950 155 977 non
198 936 435 978 concedere
477 935 520 977 la
562 935 860 977 communione
902 936 980 977 sub
1013 939 1197 990 utraque
1239 938 1424 992 specie3.
1489 939 1589 981 Non
1630 953 1677 981 so
1710 953 1756 981 se
1799 953 1834 990 6,

69 1003 225 1055 questa
257 1002 300 1043 13
333 1000 534 1055 apologia
567 1001 644 1042 che
663 1000 715 1044 V.
739 1001 790 1043 R.
825 1000 917 1042 dice
951 1001 985 1042 si
1019 1015 1041 1043 e
1074 1003 1227 1045 scritta
1259 1003 1303 1044 in
1334 1004 1519 1046 Francia
1551 1005 1594 1046 in
1626 1005 1751 1046 fauor
1785 1005 1836 1046 de

70 1066 272 1109 catholici
313 1066 343 1107 il
386 1066 463 1108 che
504 1080 590 1108 non
630 1080 735 1120 pare
777 1066 934 1120 perche
978 1070 1131 1119 questa
1173 1068 1209 1109 si
1251 1069 1342 1111 fece
1384 1069 1427 1110 in
1459 1070 1674 1121 Louaino,
1717 1070 1837 1112 forsa

70 1132 228 1174 mando
261 1132 303 1173 la
336 1131 386 1174 R.
411 1131 464 1175 V.
499 1132 540 1173 al
572 1131 706 1186 padre
739 1131 875 1173 Nata]
908 1132 951 1173 la
984 1132 1105 1174 detta
1138 1132 1352 1188 Apologia
1390 1148 1510 1177 come
1543 1135 1680 1177 anche
1719 1138 1837 1178 certe

70 1198 228 1240 lettere
271 1197 340 1238 del
372 1197 506 1250 padre
538 1197 690 1250 Lanoy
731 1197 770 1238 el
804 1197 869 1238 del
905 1197 1061 1239 Rettor
1099 1198 1151 1240 de
1185 1198 1352 1241 Vienna
1390 1200 1507 1253 quali
1549 1215 1708 1243 ancora
1752 1215 1836 1242 non

69 1277 177 1304 sono
210 1264 370 1304 uenute
403 1262 487 1304 alle
515 1261 631 1304 mani
664 1264 810 1304 nostre
846 1297 853 1305 .
888 1262 1001 1304 Delli
1024 1263 1165 1306 scritti
1189 1267 1340 1306 contra
1374 1266 1413 1306 el
1436 1265 1675 1308 Chemnitio
1708 1280 1837 1320 posso

70 1328 281 1370 mandare
315 1328 401 1369 alla
423 1327 473 1370 R.
490 1328 542 1370 V.
577 1328 816 1370 solamente
849 1327 879 1369 il
901 1328 1122 1382 prohemio
1157 1329 1197 1370 di
1229 1331 1327 1382 quel
1350 1331 1515 1373 Doctor
1537 1331 1838 1384 Portughese4

71 1394 152 1435 che
185 1392 224 1435 ci
254 1393 412 1435 mando
454 1392 484 1434 li
516 1392 657 1446 giorni
689 1393 856 1447 passati
891 1409 899 1435 ε
935 1393 1052 1435 36610
1092 1394 1127 1435 61
1160 1395 1270 1436 ueda
1308 1395 1336 1436 il
1369 1395 1470 1438 stilo
1506 1431 1513 1438 .
1547 1396 1627 1438 Lui
1660 1397 1838 1439 attende

72 1539 214 1572 oratore
248 1538 345 1578 dico;
383 1537 476 1582 quod
502 1537 595 1571 enim
622 1537 890 1571 controversiae
917 1550 996 1571 cum
1024 1538 1203 1573 Helvetiis
1230 1539 1414 1574 habendae
1441 1551 1585 1574 causam
1613 1540 1838 1585 praebuerat,

71 1590 144 1625 iam
171 1591 354 1625 sublatum
381 1593 454 1633 est;
480 1602 564 1625 nam
591 1592 793 1625 oratorem1
820 1591 888 1635 ipsi
915 1594 1169 1626 avocaverunt.

192 1644 301 1678 Pater
328 1645 450 1679 doctor
476 1644 630 1678 Lanoius
657 1645 787 1678 bonum
824 1644 891 1678 sibi
927 1645 1083 1678 animum
1120 1656 1198 1679 esse
1225 1645 1406 1689 significat
1441 1647 1485 1680 ad
1517 1659 1704 1681 numerum
1740 1647 1841 1681 illum

71 1697 371 1732 scholasticorum
398 1698 446 1732 ibi
472 1698 759 1739 sustentandum,
788 1709 937 1742 sperans
964 1698 1050 1739 fore,
1079 1701 1118 1732 ut
1143 1698 1303 1733 subsidio
1330 1699 1448 1744 aliquo
1475 1712 1495 1734 a
1522 1701 1609 1735 duce
1637 1701 1840 1735 adiuvetur.

74 1753 139 1786 Fr.
167 1753 458 1786 Rabensteimum
482 1753 577 1795 [etc.,
604 1757 643 1785 ut
668 1752 804 1796 supra]
816 1752 838 1785 2.

192 1805 408 1850 Accepimus
434 1805 507 1847 1113,
539 1817 631 1850 quae
664 1806 787 1840 doctor
813 1806 964 1839 loannes
992 1805 1227 1840 Lovaniensis
1254 1806 1295 1840 de
1323 1807 1569 1841 communione
1595 1807 1661 1841 sub
1688 1809 1840 1852 utraque

73 1859 194 1904 specie
220 1871 289 1893 non
309 1859 536 1894 concedenda
555 1859 769 1904 conscripsit
781 1860 803 1893 ³.
843 1858 971 1893 Nescio
999 1861 1129 1901 autem,
1156 1871 1240 1893 num
1258 1859 1347 1893 haec
1372 1860 1421 1894 sit
1446 1859 1611 1905 apologia
1636 1860 1707 1903 illa,
1736 1872 1842 1905 quam

74 1913 117 1947 R.
145 1912 188 1946 V.
215 1913 251 1946 in
278 1912 396 1947 Gallia
422 1913 457 1947 in
485 1912 743 1947 catholicorum
769 1913 923 1956 gratiam
952 1912 1125 1957 scriptam
1151 1924 1230 1947 esse
1257 1913 1362 1954 dicit;
1402 1913 1437 1947 id
1464 1914 1556 1957 quod
1582 1914 1634 1948 ita
1660 1925 1739 1948 esse
1774 1926 1843 1949 non

73 1966 239 2008 videtur3
274 1966 364 2000 haec
400 1967 494 2000 enim
520 1965 671 2000 Lovanii
706 1965 804 2000 facta
839 1968 905 2000 est.
956 1965 1124 2000 Fortasse
1159 1970 1279 2000 autem
1305 1966 1345 2001 R.
1366 1966 1408 2001 V.
1437 1967 1480 2001 ad
1511 1969 1650 2012 patrem
1676 1967 1841 2002 Natalem

73 2019 279 2065 apologiam
313 2020 413 2054 illam
449 2021 557 2064 atque
594 2019 702 2054 etiam
739 2019 913 2064 epistulas
949 2020 1123 2063 quasdam
1158 2020 1272 2065 patris
1308 2020 1431 2054 Lanoii
1467 2023 1502 2054 et
1536 2021 1686 2055 rectoris
1723 2022 1843 2056 vindo-

73 2073 243 2108 bonensis
268 2074 376 2116 misit,
404 2085 495 2118 quae
521 2073 558 2107 in
584 2085 712 2107 manus
730 2075 873 2107 nostras
899 2073 1054 2107 nondum
1074 2077 1260 2108 venerunt.
1300 2073 1355 2107 Ex
1382 2073 1425 2108 iis
1444 2075 1575 2115 autem,
1602 2086 1693 2118 quae
1720 2077 1844 2110 contra

74 2127 317 2162 Chemnitium
353 2127 578 2169 scribuntur,
614 2127 656 2161 R.
676 2127 718 2161 V.
755 2126 871 2160 solum
907 2126 1064 2161 doctoris
1098 2126 1195 2161 illius
1231 2127 1403 2161 lusitani4
1442 2128 1660 2172 prooemium
1699 2128 1843 2163 mittere

75 2192 242 2226 possum3
278 2181 372 2225 quod
398 2181 429 2215 is
455 2180 700 2226 superioribus
726 2180 850 2214 diebus
876 2179 978 2214 nobis
1004 2180 1121 2221 misit,
1157 2182 1216 2221 ut,
1252 2192 1320 2224 quo
1347 2180 1487 2215 dicendi
1513 2192 1644 2224 genere
1670 2183 1844 2225 uteretur,

74 2310 154 2345 iret.
198 2310 298 2352 Quod
334 2322 413 2344 cum
448 2309 561 2354 legati
596 2309 816 2344 constituere
852 2310 1077 2351 dubitarent,
1117 2310 1400 2352 Paumgartner,
1439 2311 1493 2345 25.
1522 2310 1743 2356 Septembris
1769 2311 1845 2345 Tri-

75 2364 224 2398 dentum
249 2363 382 2398 iterum
407 2363 602 2405 advectus,
638 2363 704 2397 sub
732 2363 787 2397 24.
814 2363 1029 2397 Novembris
1055 2363 1184 2397 iterum
1212 2363 1293 2397 inde
1320 2363 1488 2398 discessit
1521 2376 1637 2408 neque
1675 2376 1844 2410 unquam,

75 2417 171 2462 quod
198 2417 363 2461 equidem
389 2418 513 2458 sciam,
540 2428 580 2451 eo
607 2417 724 2451 rediit.
760 2417 791 2450 A
818 2416 873 2450 die
901 2418 1020 2451 autem
1050 2417 1102 2451 13.
1131 2417 1175 2451 ad
1204 2417 1257 2451 18.
1285 2416 1493 2452 Decembris
1520 2418 1588 2452 duo
1615 2420 1775 2453 oratores
1802 2419 1846 2453 ab

77 2471 225 2505 Alberto
251 2471 402 2505 Romam
437 2470 539 2504 missi
565 2470 727 2504 Tridenti
763 2474 866 2504 erant
899 2470 1089 2514 (Kn'o'pfler
1114 2470 1137 2504 l.
1165 2482 1194 2504 c.
1221 2482 1254 2515 p.
1284 2470 1482 2506 103-107.
1525 2473 1661 2505 Fa‘clem·
1686 2472 1846 2506 Diarium

75 2524 99 2559 1.
127 2536 156 2559 6.
183 2536 216 2570 p.
245 2524 325 2559 339.
352 2524 451 2568 345).
502 2523 570 2565 Qui
604 2524 759 2558 fortasse
795 2523 927 2567 legatis
963 2535 1062 2568 spem
1098 2523 1341 2569 praebuerunt-
1374 2524 1469 2566 fore,
1508 2528 1548 2559 ut
1583 2525 1847 2569 Paumgartner

77 2578 192 2612 denuo
219 2577 431 2612 Tridentum
457 2579 711 2611 reverteretur.

200 2632 211 2651 ¹
236 2630 470 2665 Melchiorem
496 2629 621 2672 Lussi;
648 2630 708 2674 qui
734 2642 818 2664 num
845 2641 971 2674 reapse
998 2632 1173 2664 avocatus
1200 2630 1256 2671 sit,
1287 2630 1426 2671 nescio;
1466 2633 1563 2666 certe
1590 2643 1620 2666 a.
1651 2633 1740 2667 1563
1768 2644 1844 2666 con-

77 2684 231 2719 clusioni
257 2684 398 2718 concilii
424 2683 600 2718 interfuit.
652 2684 705 2718 Of.
732 2685 993 2717 Fallat-immam
1019 2683 1042 2717 l.
1070 2695 1099 2717 c.
1126 2683 1149 2717 l.
1180 2684 1233 2725 16,
1260 2695 1289 2718 6.
1317 2684 1348 2726 2,
1375 2696 1409 2719 11.
1429 2684 1469 2726 3,
1495 2684 1518 2719 l.
1541 2685 1594 2726 18,
1622 2697 1650 2719 6.
1674 2686 1725 2727 13,
1752 2698 1785 2720 n.
1806 2686 1846 2727 5;

77 2738 102 2772 l.
130 2737 185 2778 24,
213 2749 242 2771 c.
269 2737 301 2778 8,
327 2749 361 2771 n.
392 2737 444 2771 15.
591 2737 604 2757 2
631 2736 684 2771 Cf.
711 2748 821 2781 supra
848 2748 880 2781 p.
909 2736 1106 2770 518—520.

200 2790 390 2824 3103111166
415 2789 603 2824 Hesselius
632 2789 919 2833 (1522-1566),
955 2789 1158 2833 theologiae
1194 2790 1229 2823 in
1264 2790 1500 2825 universitate
1535 2791 1735 2826 lovaniensi
1769 2804 1847 2837 pro-

79 2845 216 2883 fessor,
243 2855 274 2877 a.
304 2843 394 2877 1563
422 2854 501 2877 cum
528 2842 705 2877 Michaele
731 2842 838 2883 Baio,
865 2843 922 2877 cui
948 2842 1114 2885 favebat,
1146 2844 1182 2877 et
1208 2842 1370 2878 Cornelio
1398 2844 1561 2878 Iansenio
1587 2844 1777 2888 theologus
1803 2847 1846 2880 ad

78 2897 272 2932 concilium
297 2895 430 2930 missus
457 2898 532 2937 est;
559 2898 667 2940 atque
694 2897 725 2930 is
747 2896 880 2930 multos
907 2895 1017 2930 libros
1036 2908 1116 2930 cum
1136 2896 1179 2930 ad
1199 2908 1339 2930 sacram
1359 2896 1581 2942 Scripturam
1600 2899 1847 2943 exponendam

79 2952 157 2985 tum
193 2950 238 2984 ad
272 2951 516 2994 protestantes
551 2949 761 2984 refutandos
797 2949 833 2983 in
867 2949 985 2983 lucem
1012 2950 1132 2984 emisit
1159 2949 1315 2993 (Hm-ter
1340 2949 1363 2984 l.
1392 2962 1420 2985 6.
1448 2951 1482 2991 Ι,
1513 2950 1592 2995 12);
1632 2951 1725 2986 inter
1761 2964 1848 2997 quos

80 3005 204 3038 exstat
227 3002 461 3045 „Declaratio,
489 3002 583 3046 qvod
609 3002 767 3047 svmptio
786 3002 1037 3037 Evcharistiae
1064 3003 1131 3037 svb
1158 3003 1265 3037 vnica
1291 3004 1394 3048 panis
1421 3004 1550 3049 specie,
1578 3016 1694 3049 neqve
1715 3005 1849 3040 Christi

80 3058 274 3102 praecepto
301 3058 365 3090 aut
389 3055 608 3090 institutioni
635 3056 868 3097 aduersetur,
904 3067 1020 3100 neque
1047 3056 1165 3091 minus
1191 3057 1375 3091 fructuosa
1401 3057 1467 3098 sit,
1507 3069 1614 3102 quam
1650 3060 1849 3094 communio

79 3110 148 3145 sub
183 3113 336 3154 utraque
362 3109 466 3154 panis
492 3111 529 3143 et
553 3108 628 3143 uini
654 3109 808 3154 specie“,
845 3108 1032 3151 Coloniae,
1067 3109 1161 3155 apud
1188 3109 1392 3144 Maternum
1419 3110 1625 3154 Cholinum,
1665 3112 1774 3154 1566;
1813 3113 1849 3148 in

82 3163 184 3198 cuius
210 3163 290 3198 libri
318 3162 472 3208 epistula
499 3162 718 3197 dedicatoria
744 3165 870 3197 auctor
888 3163 964 3208 ipse
983 3174 1022 3197 se
1045 3163 1233 3205 „Ioannem
1252 3163 1401 3198 Hessels
1419 3176 1439 3198 a
1458 3163 1634 3199 Louanio“
1658 3166 1713 3200 bis
1731 3169 1848 3203 vocat.

203 3218 216 3237 ⁴
242 3217 390 3262 Payvae
417 3216 460 3250 de
485 3216 667 3251 Andrada.

1496 3279 1570 3311 36*
