2093 3444
261 178 340 213 630.
378 178 593 213 Franciscus
619 178 819 212 Petrarcha
847 177 1002 212 Canisio.
1045 178 1159 212 Roma
1185 177 1241 211 22.
1269 177 1484 212 Novembris
1513 177 1614 211 1561.
1739 179 1822 220 301

51 297 252 351 Bauaricj
296 296 585 351 Cancellarij1
626 311 782 351 nepos,
826 297 898 350 qui
939 299 1109 339 mutato
1153 297 1295 339 animo
1338 311 1433 338 cum
1476 297 1640 338 Romae
1674 297 1829 339 Patres

52 362 172 405 adire
204 362 455 413 statuisset,
498 362 721 404 Bononiae
755 362 974 413 substitit,
1017 362 1162 404 nescio
1205 361 1358 415 quibus
1401 376 1513 403 nunc
1555 362 1709 416 studijs
1752 362 1828 404 ad-

52 427 192 470 dictus
207 429 236 469 2.
301 427 419 469 Scire
452 426 576 481 cupio
609 427 795 470 liceatne
827 427 948 469 illum
982 442 1151 481 quoque
1181 427 1296 470 uotis
1329 427 1569 477 absoluere,
1605 427 1640 468 si
1673 430 1830 481 pergat

52 493 218 535 alienus
251 507 347 534 esse
380 493 434 534 ab
466 492 669 535 instituto
702 492 927 536 societatis
959 496 1157 543 nostrae,
1197 495 1246 535 ut
1279 506 1451 547 semper
1482 492 1565 535 fuit
1596 495 1828 547 postquam

51 560 225 600 nostros
258 557 462 600 deseruit.
507 558 648 600 Homo
681 572 767 600 non
799 572 986 611 magnae
1009 559 1099 613 spej
1129 558 1261 600 etiam
1294 557 1330 599 si
1353 557 1476 599 nobis
1507 558 1827 600 restitueretur.

0 677 1 682 1
51 624 193 677 Vrget
236 623 519 665 uehementer
563 623 704 665 dictus
749 623 1063 674 Cancessarius,
1109 626 1158 665 ut
1201 637 1254 664 ne
1299 637 1556 677 suspensum
1600 622 1722 664 illum
1767 622 1830 664 ita

51 689 368 742 relinquamus,
403 688 439 730 si
472 688 633 730 donare
665 688 786 729 illum
818 702 1048 742 possumus
1082 702 1132 730 ea
1165 688 1382 739 libertate,
1420 702 1547 741 quam
1581 687 1830 742 praedictus

54 754 307 796 Guilielmus
348 754 475 796 modo
516 753 783 808 impetrauit.
850 754 1014 807 Estque
1055 754 1135 795 hoc
1176 753 1348 796 nomine
1381 753 1676 795 Cancellarius
1716 753 1828 795 idem

52 819 175 862 nobis
206 819 350 862 factus
372 819 595 869 infensior,
628 822 677 861 ut
698 819 909 861 mirentur
932 819 1148 872 Monachij
1171 819 1333 861 fratres
1367 821 1410 861 et
1434 819 1622 862 doleant.
1667 819 1694 861 ,J
1697 821 1830 871 taque

54 885 244 940 consilijs
276 885 327 928 R.
362 885 410 928 T.
450 885 518 926 hic
561 884 755 939 cupimus
796 885 951 938 instruj
996 887 1039 926 et
1082 884 1291 939 adiuuarj.
1358 885 1542 927 Oramus
1584 884 1829 934 Dominum,

51 953 101 994 ut
132 953 360 993 nutantem
395 953 643 993 sustentare
677 950 863 992 Galliam
896 950 1004 992 uelit
1036 953 1080 992 et
1111 950 1292 992 fulcirea
1325 964 1494 1004 quoque
1523 948 1829 992 Germaniamb

52 1015 200 1058 nouis⁰
231 1029 403 1070 semper
425 1019 643 1058 sectarum
666 1015 820 1070 studijs
854 1015 1057 1058 deditam.
1103 1015 1465 1057 Commendamus
1488 1029 1566 1056 nos
1598 1014 1829 1069 plurimum

53 1081 105 1125 R.
139 1082 187 1124 T.
221 1081 444 1136 sacrificijs
487 1084 531 1124 et
572 1080 784 1136 precibus.
848 1080 1058 1122 Dominus
1100 1080 1287 1134 gratiam
1330 1081 1452 1122 nobis
1494 1094 1615 1122 suam
1655 1081 1828 1133 augeat,

53 1147 109 1189 ad
155 1147 487 1200 intelligendum
540 1150 585 1190 et
637 1146 962 1200 exequendum,
1017 1146 1130 1199 quod
1181 1145 1274 1200 ipse
1326 1145 1525 1188 uoluerit.
1602 1145 1829 1198 Augustae

57 1213 110 1254 15
144 1211 407 1254 Nouembris
444 1213 571 1255 1561.

1008 1271 1168 1313 Seruus
1200 1270 1243 1312 in
1276 1270 1445 1313 Christo
1478 1270 1524 1313 P.
1559 1269 1768 1312 Canisius.

173 1361 201 1413 ἢ·
232 1360 285 1402 A]
310 1361 444 1403 molto
467 1360 725 1402 Reuerendo
758 1360 801 1401 in
824 1359 994 1402 Christo
1018 1359 1171 1410 Padre,
1205 1360 1248 1401 Jl
1271 1359 1410 1401 Padre
1432 1359 1625 1401 Maestro
1648 1358 1828 1400 -Jacomo

53 1426 240 1480 LayneZ‚
274 1426 501 1480 Preposito
537 1426 750 1468 Generale
783 1426 897 1467 della
929 1425 1195 1479 Compagnia
1229 1424 1270 1466 di
1301 1425 1454 1467 JESV.

1533 1489 1582 1530 In
1616 1489 1767 1531 Roma.

175 1555 360 1590 Salmeron
388 1555 530 1590 Canisio
556 1556 742 1601 rescripsit
769 1556 824 1590 29.
852 1555 1066 1589 Novembris
1095 1555 1196 1589 1561.

878 1686 1009 1727 630.

316 1779 380 1821 P.
412 1777 864 1822 FRANCISCUS
898 1776 1354 1820 PETRARGHA
1388 1776 1443 1819 S.
1477 1776 1567 1819 J.3

156 1868 328 1913 nomine
362 1866 574 1922 Alphonsi
608 1866 886 1916 Salmeronis,
920 1865 1074 1907 vicarii
1107 1865 1326 1919 generalis
1360 1864 1592 1908 Societatis
1624 1864 1734 1914 Iesu⁷

807 1960 1080 2008 CANISIO.

669 2070 781 2106 Roma
807 2070 864 2105 22.
891 2067 1104 2104 Novembris
1130 2067 1216 2103 1561.

177 2157 233 2191 Ex
247 2155 454 2202 apographo
469 2154 629 2189 eiusdem
640 2153 828 2198 tempori&
845 2152 879 2186 in
893 2151 1056 2195 margine
1071 2150 1194 2185 eadem
1209 2162 1334 2184 manu:
1354 2149 1574 2193 „Alemagna
1585 2149 1625 2184 P.
1636 2148 1678 2183 D.
1692 2148 1834 2183 Canisio

58 2211 295 2247 Prouincial.“
342 2209 426 2244 Cod.
457 2208 597 2251 „Germ
627 2208 716 2242 1561
726 2208 738 2222 “
769 2207 793 2241 f.
821 2206 864 2240 29
874 2206 898 2239 ¹³.

181 2289 335 2332 Colleyia
355 2298 531 2331 praqense
567 2291 597 2319 et
622 2285 887 2318 vindobonense.
938 2283 1070 2315 Romae
1095 2282 1193 2324 Zongye
1225 2281 1330 2314 aliter
1356 2285 1459 2325 atque
1489 2280 1654 2314 Canise'us
1679 2281 1835 2313 sentiunt

58 2345 99 2378 de
125 2344 261 2386 eolleyii
278 2342 508 2385 oenipontani
533 2340 637 2382 firmo
655 2339 793 2376 redium
818 2338 875 2370 laic
901 2347 1008 2380 quam
1023 2336 1181 2378 primum
1200 2335 1444 2378 providendus
1462 2339 1518 2368 est.
1559 2334 1703 2368 Cam‘sio
1720 2335 1835 2367 socius

59 2397 317 2441 (cdicmgyendus.

751 2457 845 2499 Pax
877 2454 1029 2497 christi
1062 2456 1143 2497 etc.

176 2545 349 2588 Literas
381 2540 670 2585 Reuerentiae
712 2540 831 2581 Tuae
865 2540 918 2581 ,8.
957 2536 1203 2580 nouembris
1245 2537 1395 2587 datas,
1437 2535 1564 2578 hodie
1597 2536 1643 2579 P.
1677 2535 1732 2579 N.
1766 2535 1833 2577 vi-

59 2611 202 2654 carius
225 2609 405 2664 accepit,
439 2607 593 2663 quibus
617 2604 850 2659 cognouitd
883 2603 1057 2658 probari
1078 2605 1181 2645 tuae
1204 2601 1253 2644 R.
1279 2601 1506 2644 consilium
1536 2601 1587 2643 de
1609 2601 1833 2644 mittendis

58 2690 242 2732 pragam
265 2676 316 2719 D.
352 2673 622 2717 christiano4
654 2674 698 2714 et
720 2669 935 2723 Magistro
965 2668 1179 2718 HurtadO,
1214 2681 1298 2720 qua
1331 2667 1383 2709 de
1414 2681 1461 2709 re
1493 2666 1592 2708 hinc
1624 2666 1834 2720 scriptum

60 2744 128 2785 est
159 2741 293 2784 semel
334 2743 466 2794 atque
506 2739 665 2781 iterum
697 2735 813 2790 patri
844 2735 904 2776 D:
939 2733 1158 2779 Vitoriae:
1202 2735 1246 2775 et
1278 2732 1341 2775 ita
1382 2734 1587 2786 putamus
1618 2731 1715 2773 illos
1747 2731 1833 2773 iam

59 2807 248 2861 Pragam
279 2805 545 2861 peruenisse,
578 2803 649 2845 uel
681 2800 831 2854 statim
865 2801 1166 2854 peruenturos.

178 2946 191 2961 θ
219 2939 352 2974 suloire
377 2940 422 2973 A.
521 2937 535 2957 b
562 2934 757 2971 Germania
783 2935 827 2968 A.
926 2939 937 2953 ⁰
963 2932 1046 2966 noui
1073 2933 1164 2966 AB.
1261 2931 1277 2951 d
1302 2931 1455 2974 cognoui
1482 2942 1538 2974 ap.

181 3065 192 3085 ¹
219 3062 375 3098 Simonis
400 3059 584 3096 Thaddaei
611 3057 727 3093 Eckii.

179 3118 193 3138 2
218 3116 336 3151 David
362 3117 444 3157 aut,
480 3125 549 3158 quo
574 3114 736 3156 tempore
763 3108 930 3144 Canisius
955 3108 1045 3142 haec
1071 3107 1228 3152 scripsit,
1254 3106 1390 3141 Romae
1415 3105 1487 3140 iam
1513 3105 1740 3145 versabatur,
1767 3105 1830 3138 aut

60 3170 166 3216 paulo
192 3175 275 3216 post
300 3182 340 3204 eo
367 3168 484 3209 venit;
511 3166 594 3201 vide
620 3165 713 3199 infra
739 3175 772 3209 p.
799 3163 880 3198 305.
1003 3163 1016 3182 3
1041 3160 1133 3195 Vide
1159 3171 1268 3205 supra
1293 3172 1326 3205 p.
1354 3159 1553 3194 213—214.
1673 3159 1685 3178 ⁴¹
1712 3157 1828 3191 Rivio.
