2093 3444
511 159 666 193 Monuni.
699 159 922 202 (tridentina)
952 160 1030 195 3:36.
1062 160 1132 203 (10.
1159 159 1245 193 Maii
1275 159 1392 202 1562.)
1752 162 1830 202 731

71 275 278 325 Concilio,
324 277 372 316 ut
414 275 482 316 hic
526 290 551 316 a
597 276 850 329 quibusdam
897 277 1034 319 doctis
1079 278 1281 319 Patribus
1329 279 1449 319 certa
1496 281 1540 320 et
1583 276 1834 319 authentica

70 340 339 383 Christianae
385 340 606 382 doctrinae
651 355 818 382 summa
859 356 935 383 seu
977 342 1265 385 catechismus
1307 342 1624 392 conscribatur,
1667 341 1738 395 qui
1780 355 1835 383 ex

70 419 193 447 sacro
227 404 404 446 concilio
437 405 641 458 prodeat,
685 409 729 448 et
761 407 814 447 ab
848 406 1042 448 omnibus
1076 407 1238 461 passim
1279 407 1501 457 tradatur,
1545 407 1734 461 explosis
1767 421 1835 448 re-

70 470 217 523 liquis,
261 469 352 512 eius
393 472 564 512 tantum
606 471 774 512 ratione
815 471 985 520 habita,
1029 486 1154 524 quem
1196 472 1406 514 Maiestas
1446 472 1608 514 Vestra
1641 472 1835 514 Viennae

70 534 280 589 publicari
311 534 449 582 iussit,
484 535 603 576 cuius
625 536 817 577 maxima
848 550 950 589 pars
974 536 1114 578 dictae
1147 551 1341 578 summae
1373 537 1533 590 poterit
1554 537 1698 591 inserj.
1742 537 1836 578 Hoc

72 614 166 641 curn
210 600 328 641 hisce
373 599 521 640 diebus
566 614 591 641 a
636 600 854 654 deputatis
899 601 1077 642 concilio
1122 601 1303 655 proponi
1348 602 1496 652 debet,
1545 602 1669 644 uideo
1714 602 1837 644 nobis

71 664 339 706 occasionem
383 664 530 706 datam
572 679 689 715 esse,
732 668 780 706 ut
820 680 897 706 nos
933 666 1139 708 Oratores
1181 680 1236 708 ex
1277 670 1428 709 nostra
1468 667 1622 719 agendi
1665 667 1836 708 forma1

71 729 241 771 nomine
274 730 314 772 S.
350 730 595 772 Maiestatis
628 731 680 772 V.
714 730 826 771 idem
858 733 1079 784 petamus,
1123 731 1290 773 scilicet
1331 734 1379 773 ut
1420 745 1575 786 corpus
1614 732 1836 774 doctrinae

71 794 361 845 Christianae,
405 796 459 836 ad
493 795 606 848 quod
638 809 684 837 se
718 795 918 849 catholic-j
960 798 1050 838 tam
1082 795 1126 836 in
1159 796 1376 838 cathedris
1414 811 1543 849 quain
1575 797 1733 839 scholis
1765 811 1836 839 ac-

71 860 311 910 comodent,
346 862 641 914 componatur,
676 863 720 902 et
752 875 877 902 sacra
909 861 1098 914 synodus
1120 861 1338 914 intelligat
1366 866 1562 904 sanctam
1586 862 1836 915 religionem

71 925 257 967 Vestrae
289 925 512 967 Maiestati
544 940 646 966 uere
679 926 796 979 cordj
831 939 937 968 esse.

189 1011 245 1046 Ex
270 1024 328 1054 eo,
365 1013 459 1056 quod
486 1013 577 1046 Erus
605 1013 646 1046 de
679 1013 829 1054 „maiore
857 1015 891 1046 et
917 1013 1052 1046 minore
1079 1013 1327 1047 catechismis*
1358 1014 1501 1056 scribit,
1540 1015 1716 1060 suspicari
1743 1015 1836 1057 licet,

70 1065 187 1110 ipsum
226 1065 456 1110 collegasque
495 1066 698 1106 dubitasse,
738 1078 782 1099 an
822 1066 956 1100 Canisii
996 1066 1180 1108 „Summaa
1223 1069 1259 1100 et
1297 1066 1565 1108 „Cateehismus
1604 1070 1758 1113 parvus*
1800 1069 1837 1102 in

70 1118 175 1152 Pauli
202 1118 262 1152 IV.
305 1118 427 1153 Indice
453 1119 646 1164 proscripti
673 1122 804 1153 essent.
848 1120 892 1152 Hi
921 1119 1014 1152 enim
1039 1131 1307 1163 nonnumquam
1333 1120 1405 1153 illis
1432 1121 1633 1155 nominibus
1658 1121 1836 1164 significa-

70 1172 210 1213 bantur,
237 1174 277 1205 ut
302 1172 338 1205 in
356 1172 569 1206 Ferdinandi
597 1173 790 1217 diplomate
817 1172 877 1205 illo
899 1173 951 1206 10.
971 1172 1179 1206 Decembris
1200 1173 1289 1207 1560
1317 1173 1399 1207 dato
1427 1173 1524 1217 (vide
1551 1185 1661 1219 supra
1686 1186 1718 1219 p.
1740 1175 1837 1218 729).

70 1225 123 1259 Ac
149 1225 301 1259 Paulum
327 1226 388 1260 IV.
425 1226 519 1259 haud
555 1226 606 1260 ita
642 1226 756 1259 amico
791 1226 827 1259 in
860 1225 1123 1259 Fer-elinandum
1150 1226 1175 1259 I.
1212 1226 1328 1259 animo
1363 1226 1475 1261 fuisse
1510 1230 1662 1262 constat.
1713 1227 1838 1272 Neque

71 1278 164 1312 omni
192 1290 340 1322 prorsus
367 1279 601 1313 fundamento
629 1291 751 1313 carere
779 1279 923 1319 dixeris,
951 1291 1042 1323 quae
1061 1281 1217 1323 Sarpitcs
1242 1280 1278 1312 in
1296 1279 1477 1314 Historiae
1496 1281 1635 1315 concilii
1653 1281 1837 1315 tridentini

69 1331 159 1365 libro
186 1331 228 1365 V.
256 1332 298 1365 de
327 1331 461 1366 Canisii
488 1332 633 1366 Summa
661 1344 691 1366 a.
721 1333 812 1366 1554
840 1332 963 1376 (1555)
993 1333 1088 1366 edita
1115 1332 1258 1366 scribit:
1286 1332 1384 1374 Quod
1411 1333 1501 1367 liber
1518 1334 1742 1375 Ferdinandi,
1769 1347 1837 1368 non

70 1384 248 1430 pontificis
275 1385 333 1419 vel
360 1386 607 1430 episcoporum
634 1385 732 1419 illius
758 1386 963 1430 provinciae
989 1386 1130 1419 nomine
1157 1385 1274 1419 editus
1302 1388 1415 1425 esset,
1454 1387 1488 1419 id
1516 1386 1649 1421 Romae
1680 1388 1838 1432 „piaculo

70 1437 179 1471 affine
205 1439 370 1482 putatum
397 1440 494 1472 esse“
529 1438 566 1481 (l.
594 1450 621 1472 c.
650 1451 682 1483 p.
712 1439 808 1481 350).
861 1439 1031 1472 Attamen
1058 1438 1192 1472 Paulus
1219 1438 1279 1472 IV.
1305 1439 1341 1472 in
1367 1438 1433 1473 hac
1459 1451 1507 1479 re,
1533 1440 1629 1474 sicut
1653 1440 1689 1474 in
1715 1441 1838 1475 multis

71 1491 160 1532 aliis,
187 1491 420 1535 inquisitores
446 1495 596 1526 venetos
622 1494 769 1525 secutus
797 1503 875 1525 esse
902 1492 1053 1532 videtur,
1083 1492 1143 1535 qui
1169 1491 1205 1525 in
1232 1491 1351 1525 Indice
1377 1491 1539 1527 Venetiis
1566 1505 1596 1527 a.
1627 1495 1718 1528 1554
1744 1494 1838 1528 edito

70 1544 272 1589 complures
299 1545 536 1579 catechismos
563 1558 608 1579 ex
635 1545 787 1579 Com-adi
806 1544 957 1579 Gesneri
988 1544 1266 1586 „Partitionibus
1292 1544 1521 1589 theologicis“
1545 1546 1668 1589 Tiguri
1695 1559 1726 1582 a.
1748 1548 1838 1582 1549

71 1597 213 1631 excusis
239 1598 512 1643 exscripserunt
536 1599 606 1639 ita,
634 1601 673 1632 ut
699 1599 869 1633 librorum
896 1600 1036 1632 tantum
1063 1598 1207 1637 titulos,
1239 1600 1425 1632 auctorum
1451 1599 1652 1634 nominibus
1678 1601 1839 1642 resectis,

73 1653 263 1696 ponerent,
296 1654 406 1695 atque
430 1652 525 1686 inter
551 1652 616 1686 hos
642 1652 770 1685 Leonis
797 1652 906 1685 Iudae
932 1651 1156 1695 zwingliani,
1192 1652 1297 1685 11111115
1324 1663 1368 1685 ex
1394 1651 1585 1686 Helvetiae
1616 1654 1841 1695 „reformato-

73 1704 207 1746 ribus“,
239 1704 527 1747 „Catechismum
554 1705 725 1750 majorem
753 1708 787 1739 et
814 1705 1006 1739 minorem“
1041 1705 1204 1748 (Rensrh,
1230 1704 1343 1738 Index
1369 1704 1394 1746 l,
1423 1705 1502 1740 240.
1530 1706 1627 1749 268).

894 1811 1026 1853 356.

820 1895 869 1931 10.
896 1895 980 1931 Maii
1006 1896 1101 1932 1562.

194 1978 249 2013 Ex
276 1978 454 2023 epistulae
482 1979 747 2019 commentario,
775 1979 868 2023 quod
895 1981 1016 2013 exstat
1034 1979 1266 2014 Vindobonae
1292 1980 1327 2013 in
1354 1980 1500 2014 archivo
1519 1979 1623 2013 aulae
1642 1991 1841 2021 caesareae,

80 2031 327 2073 ,‚Tri(lentina“
362 2033 452 2066 1562
478 2033 563 2067 Mai.

194 2104 452 2136 Ferdc'ncmflus
477 2104 506 2137 I.
535 2107 713 2137 oratorem
739 2114 843 2136 311sz
872 2106 909 2137 m
936 2105 1016 2137 nori>
1042 2104 1240 2136 catechismi
1267 2104 1345 2144 (ceci
1370 2105 1528 2137 maxima
1555 2104 1752 2137 catechismi
1787 2115 1842 2137 ςα-

77 2158 212 2190 nisicmi
232 2168 324 2200 pars
349 2159 553 2198 inseratur)
582 2169 603 2190 (ι
631 2158 777 2190 concilio
803 2158 998 2190 tridentino
1018 2158 1163 2200 petendi
1188 2158 1334 2190 consilio
1362 2158 1557 2199 confirmat.

195 2240 504 2282 Ferslinandzcs
525 2240 559 2282 I.
592 2240 651 2280 cal
683 2241 903 2294 epistulam
931 2240 1131 2281 Tridento
1152 2242 1222 2281 28.
1248 2241 1413 2294 Aprilis
1436 2242 1551 2281 1562
1584 2241 1635 2281 ab
1658 2241 1842 2281 Antonio

77 2305 192 2347 Brus
225 2306 285 2347 ad
315 2320 358 2347 se
390 2307 561 2346 missam
604 2305 820 2360 respondit
860 2306 1009 2346 litteris
1041 2305 1186 2359 Prafflz
1222 2307 1289 2347 10.
1324 2306 1435 2346 Mali
1467 2306 1583 2346 1562
1617 2306 1757 2356 clati&
1798 2307 1843 2346 in

76 2370 227 2425 quibus
259 2371 359 2412 haec
384 2376 505 2412 sunt:
537 2370 757 2411 Lubenter
779 2369 1059 2422 cognouimus
1082 2383 1137 2411 ex
1160 2383 1211 2411 ea
1232 2369 1508 2423 inquisitione
1530 2369 1843 2423 prohibitorum

75 2435 304 2486 librorum,
342 2449 452 2488 quae
484 2435 563 2477 tibi
596 2438 640 2477 et
671 2435 768 2488 alijs
801 2434 1055 2487 quibusdam
1088 2434 1302 2476 Praelatis
1335 2434 1597 2476 demandata
1628 2434 1712 2477 fuit
1743 2449 1842 2488 pro-

76 2499 273 2554 paediem
315 2500 509 2542 oblatum
550 2500 603 2541 iri
641 2499 910 2541 occasionem
950 2500 993 2541 in
1027 2500 1214 2541 Concilio
1254 2499 1425 2541 nomine
1463 2501 1611 2541 nostro
1653 2500 1841 2554 petendj,

77 2567 125 2607 ut
156 2564 284 2606 isthic
317 2579 472 2619 corpus
505 2564 727 2607 doctrinae
750 2564 1021 2606 Christianae
1054 2567 1349 2619 componatur,
1383 2564 1438 2606 ad
1471 2564 1584 2617 quod
1616 2578 1663 2606 se
1685 2565 1844 2607 Catho-

76 2629 149 2670 lici
179 2632 271 2672 tam
303 2630 346 2671 in
379 2629 597 2672 cathedris
630 2643 757 2682 quani
800 2629 843 2670 in
876 2629 1033 2671 scholis
1065 2630 1368 2680 accomodent,
1411 2643 1489 2671 nec
1522 2629 1767 2671 dubitamus
1799 2632 1844 2672 te

77 2694 300 2747 dictosque
324 2695 522 2747 Collegas
553 2697 652 2736 tuos
683 2696 774 2736 tam
808 2695 1101 2737 necessarium
1132 2697 1309 2748 tamque
1341 2695 1447 2737 utile
1479 2709 1586 2748 opus
1617 2709 1695 2748 pro
1729 2709 1843 2736 com-

77 2760 203 2801 modo
256 2759 391 2801 totius
439 2759 779 2802 Christianitatis
830 2760 955 2802 iuxta
1000 2762 1194 2802 tenorem
1246 2760 1550 2802 mandatorum
1597 2762 1844 2802 nostrorum

78 2839 244 2866 summo
277 2824 419 2867 studio
451 2828 726 2878 promoturos
759 2839 866 2867 esse.

198 2911 454 2951 Ferdinandus,
480 2911 567 2945 licet
592 2911 628 2945 in
655 2911 711 2946 his
736 2911 868 2946 litteris
895 2912 1104 2946 catechismi
1131 2911 1304 2946 canisiani
1329 2911 1465 2946 nullam
1489 2912 1600 2946 faciat
1616 2911 1843 2954 mentionem,

78 2965 155 3010 ipso
181 2967 301 2998 tamen
327 2964 490 3006 silentio,
527 2976 617 3008 quae
644 2965 687 2999 de
713 2977 754 2999 eo
780 2965 816 2999 in
841 2977 973 2999 novum
1000 2965 1088 2999 illud
1119 2977 1267 3010 „corpus
1303 2965 1484 2999 doctrinae
1517 2965 1754 2999 christiana&
1793 2966 1844 2999 in-

78 3018 228 3052 serendo
256 3029 276 3051 a
303 3017 431 3051 Brusio
457 3018 592 3062 scripta
619 3021 731 3059 erant,
758 3018 826 3053 sibi
851 3018 947 3052 haud
973 3019 1166 3064 improbari
1193 3018 1383 3062 significat.

202 3129 210 3149 ¹
240 3128 293 3162 Cf.
321 3139 430 3172 supra
459 3140 492 3173 p.
521 3128 600 3163 728.
