2093 3444
247 204 332 243 446
525 201 604 235 (1190.
640 201 853 236 Franciscus
880 201 1077 236 Petrarcha
1105 202 1257 238 Canisio.
1297 204 1409 239 Roma
1435 206 1491 239 24.
1519 206 1603 240 Maii
1632 207 1734 241 1562.

245 331 329 358 non
373 317 407 358 si
453 317 553 359 fano
594 317 637 359 in
682 320 734 360 .4.
774 318 928 371 giomi.
1000 319 1099 361 Non
1143 320 1200 361 mi
1245 320 1397 362 stendo
1438 320 1481 362 in
1526 322 1637 364 altro
1684 356 1692 364 .
1740 322 1793 364 Se
1837 337 1922 365 non
1965 323 2009 366 in

244 382 595 424 raccomandarci
627 386 695 426 etc
729 417 736 426 .
772 383 813 424 di
845 383 983 426 Roma
1015 384 1045 425 li
1079 386 1133 426 24
1167 385 1208 426 di
1239 385 1416 438 Maggio
1453 386 1577 428 1562.

245 501 430 544 quaternis
457 501 581 536 diebus
607 501 769 536 homines
796 502 890 536 effici
923 514 991 536 non
1019 514 1123 547 posse
1148 503 1306 538 idoneos.
1356 502 1430 537 Nec
1456 503 1559 548 plura
1585 504 1720 546 scribo,
1756 505 1825 539 nisi
1850 507 1890 540 ut
1915 516 2007 540 com-

245 554 411 588 mendem
435 566 500 589 nos
527 557 594 589 etc.
646 555 759 589 Roma
785 555 840 589 24.
867 555 954 589 Maii
982 555 1083 590 1562.

364 629 473 665 Nota:
502 630 590 665 Cum
617 642 659 665 ea
677 633 795 665 aetate
814 630 967 674 singulis
985 631 1146 666 sabbatis
1172 631 1350 666 tabellarii
1368 631 1500 677 publici
1520 632 1631 667 Roma
1657 633 1701 667 ad
1727 634 2008 678 septentrionem

245 695 374 717 versus
398 683 577 728 proficisci
614 684 866 718 consueverint
895 684 1000 728 (Can.
1029 685 1116 730 Epp.
1144 685 1195 726 Il,
1225 684 1350 729 759¹),
1386 685 1474 720 haec
1506 688 1624 719 autem
1653 686 1808 731 epistula
1833 687 2009 722 dominica

245 737 301 771 die
328 737 411 771 data
436 738 502 778 sit,
538 738 665 771 merito
692 737 904 778 conieceris,
942 749 1019 771 eam
1047 738 1282 783 Oenipontem
1318 750 1439 772 secum
1467 739 1632 773 attulisse
1667 739 1782 784 ipsos,
1819 740 1880 784 qui
1905 740 1941 775 in
1967 752 2007 775 ea

245 790 547 831 commendantur,
575 790 614 824 P.
635 790 782 824 Petrum
806 790 929 835 Haupt
959 791 1035 835 (qui
1062 792 1167 825 etiam
1200 791 1372 834 „Hoefft“‚
1404 791 1576 834 „Hovet“,
1607 793 1808 837 „Capitius“
1840 795 1876 828 et
1900 805 2008 839 saepe

247 843 398 885 „Petrus
434 843 673 878 Coloniensis“
715 844 880 888 vocatur)
919 847 954 878 et
989 844 1045 879 Fr.
1083 844 1314 879 Guilielmum
1350 844 1588 886 Germa11um;
1627 857 1716 890 quos
1751 847 1894 890 quidem
1930 859 2008 892 pro-

243 896 339 931 ximo
367 897 422 931 die
449 897 554 931 lunae
581 897 694 931 Roma
720 897 931 931 discessisse
959 900 1100 932 constat
1128 898 1225 941 (vide
1251 898 1355 940 infra⁷
1382 910 1415 943 p.
1435 899 1534 941 451).
1577 900 1630 933 Ac
1656 900 1699 933 de
1726 899 1917 935 Guilielmo
1942 900 2008 935 hoc

244 951 421 984 Polancus
446 951 482 984 in
509 951 712 992 *Indiculo,
740 950 782 984 de
809 962 877 995 quo
903 951 1010 996 paulo
1036 951 1130 985 infra
1157 951 1259 996 plura
1287 952 1465 993 dicentur,
1492 952 1656 997 scripsit:
1689 953 1904 995 „Guillermo
1930 953 2008 988 rhe-

242 1003 355 1037 torico
394 1004 550 1038 amalato
590 1004 734 1038 videtur
772 1003 1005 1038 dimittendus
1043 1004 1191 1039 honeste
1230 1017 1311 1039 cum
1349 1005 1590 1040 conualuerit“
1636 1006 1736 1049 (Cod.
1773 1007 1835 1049 „G.
1870 1005 1906 1041 C.
1940 1007 2003 1041 67‘

243 1068 275 1101 p.
306 1056 402 1101 190).
454 1057 584 1091 Petrus
611 1057 734 1102 Haupt
760 1060 898 1098 autem,
936 1058 995 1101 qui
1023 1058 1242 1102 aliquamdiu
1278 1060 1513 1093 mercatorem
1541 1062 1665 1102 egerat
1700 1064 1736 1093 et
1761 1059 1796 1093 in
1823 1059 2009 1094 Livoniam

244 1121 358 1154 usque
385 1112 543 1153 venerat,
572 1122 592 1145 a
618 1111 808 1145 Societatis
834 1111 1119 1146 moderatoribus
1145 1111 1210 1146 sub
1237 1111 1376 1146 initium
1404 1124 1434 1146 a.
1464 1113 1554 1146 1553
1582 1113 1727 1147 Colonia
1753 1113 1921 1155 Romam,
1948 1113 2009 1147 ubi

244 1163 280 1197 in
308 1162 522 1198 Societatem
558 1164 737 1199 admissus
764 1166 837 1205 est,
864 1164 1017 1209 indeque
1044 1165 1166 1199 eodem
1193 1176 1284 1199 anno
1311 1165 1557 1199 Vindobonam
1588 1166 1620 1209 (*
1632 1166 1817 1211 Responsa
1842 1167 2008 1210 Hauptii,

244 1216 385 1251 Natalis
411 1217 611 1252 visitatoris
646 1218 744 1252 iussu
780 1217 915 1263 scripta
944 1217 1091 1262 [Romae
1126 1219 1161 1252 in
1195 1218 1340 1252 archivo
1376 1218 1501 1263 regio]
1549 1220 1697 1253 Polanci
1723 1219 1921 1254 Chronicon
1948 1220 2008 1261 ΙΙΙ,

246 1270 346 1305 266¹.
374 1271 453 1305 270.
510 1272 597 1305 Can.
625 1271 712 1316 Epp.
742 1271 772 1312 I,
800 1272 887 1311 414;
914 1271 966 1312 II,
993 1272 1073 1306 210.
1122 1273 1269 1305 Hansen
1296 1272 1317 1306 l.
1346 1283 1376 1306 c.
1403 1284 1435 1317 p.
1463 1272 1542 1306 220.
1571 1273 1650 1307 230.
1678 1274 1762 1317 241)
1791 1275 1900 1318 atque
1925 1273 2008 1307 hinc

247 1334 277 1357 a.
299 1324 389 1358 1556
416 1325 449 1358 in
471 1323 699 1358 Germaniam
726 1324 931 1359 inferiorem
956 1324 1089 1358 missus
1118 1326 1310 1367 (Polcmens
1336 1325 1357 1359 1.
1378 1325 1479 1366 c.VI‚
1507 1326 1591 1369 347)
1619 1328 1655 1360 et
1674 1326 1838 1361 Coloniae
1865 1338 1896 1360 a.
1917 1327 2008 1361 1559

247 1377 421 1420 magister
446 1378 575 1411 artium
597 1380 749 1418 creatus,
777 1389 856 1411 cum
883 1378 1013 1411 ibidem
1042 1378 1134 1411 inter
1160 1390 1192 1412 a.
1215 1378 1303 1412 1560
1330 1380 1365 1412 et
1393 1378 1479 1412 1561
1509 1378 1672 1422 logicam,
1700 1379 1864 1421 ethicam,
1891 1379 2007 1414 rheto-

245 1429 357 1463 ricam
390 1430 600 1464 tradidisset
634 1430 924 1474 theologiamque
959 1430 1178 1471 audivisset,
1218 1442 1249 1464 a.
1280 1431 1367 1465 1561
1408 1431 1537 1465 iterum
1574 1432 1722 1466 h‘omam
1759 1432 1892 1467 missus
1930 1435 2007 1467 erat

250 1483 409 1525 (Hansen
438 1483 460 1518 l.
488 1495 516 1518 c.
544 1495 577 1528 p.
605 1484 683 1517 326.
712 1483 790 1517 360.
819 1484 898 1518 394.
927 1484 1022 1526 776).
1075 1485 1127 1517 Ac
1153 1484 1207 1518 30.
1232 1484 1316 1518 Maii
1348 1484 1436 1518 1562
1464 1486 1561 1518 Socii
1587 1488 1729 1519 romam?
1755 1485 1936 1520 Coloniam
1963 1486 2007 1520 ad

245 1536 284 1571 P.
305 1537 526 1571 Leonardum
548 1537 748 1571 Kesselium
776 1537 818 1571 de
845 1550 885 1571 eo
913 1538 1182 1582 *scripseruntz
1215 1537 1311 1580 „Non
1338 1538 1367 1572 si
1395 1540 1544 1572 trouaua
1570 1541 1671 1584 tropo
1697 1539 1787 1573 bene
1813 1541 1848 1573 in
1874 1539 2006 1579 Roma:

244 1589 357 1624 lascia
376 1602 445 1634 qua
463 1591 556 1625 buon
575 1591 660 1625 odor
686 1591 728 1624 de
755 1602 819 1625 sua
838 1590 933 1624 uirtu
961 1593 995 1624 et
1014 1590 1186 1631 humilta;
1214 1593 1250 1625 et
1275 1591 1303 1625 s'
1323 1594 1340 1625 e
1359 1592 1450 1626 fatto
1477 1592 1681 1626 sacerdot&
1715 1592 1776 1635 (ex
1801 1592 2007 1638 apographo

244 1643 402 1677 eiusdem
438 1644 619 1689 temporis.
671 1644 753 1678 Cod.
786 1644 925 1685 „Germ
956 1645 1065 1678 156l“
1097 1643 1243 1687 124911).
1295 1644 1399 1679 Hunc
1435 1647 1553 1679 autem
1590 1657 1670 1679 cum
1705 1645 1744 1680 P.
1781 1647 1933 1680 Ioannes
1966 1646 2008 1679 de

243 1698 398 1731 Pozanco
433 1709 555 1731 mense
590 1699 754 1741 Augusto
793 1698 875 1731 anni
916 1698 1005 1731 1562
1050 1709 1119 1731 una
1165 1709 1242 1731 cum
1281 1697 1403 1732 Lainio
1447 1710 1510 1743 per
1544 1697 1778 1744 Oenipontem
1825 1698 2006 1733 transiens

244 1750 373 1784 ibidem
400 1750 565 1792 vidisset,
605 1751 640 1785 in
667 1750 854 1784 *Indiculo
882 1751 1034 1794 quodam
1062 1750 1244 1785 Sociorum
1280 1752 1596 1796 oenipontanorum
1632 1764 1697 1786 sua
1731 1763 1839 1786 manu
1873 1751 2006 1797 scripto

243 1802 349 1843 haec,
386 1806 527 1848 praeter
562 1804 651 1845 alia,
686 1804 844 1838 notavit:
885 1804 1013 1846 „Pater
1039 1804 1169 1838 Petrus
1204 1804 1418 1839 coloniensis
1446 1833 1452 1838 .
1481 1832 1488 1839 .
1525 1805 1645 1849 arguit
1672 1805 1852 1839 Canisium
1889 1806 2005 1840 incon-

243 1857 397 1890 stantiae
425 1859 460 1890 et
486 1869 608 1891 omnes
634 1857 862 1902 superiores³
890 1858 1051 1891 defectus
1088 1857 1241 1891 ordinis“
1273 1858 1374 1901 (cod.
1406 1858 1468 1899 „Gn
1496 1859 1533 1892 C.
1561 1859 1637 1893 67st
1676 1870 1710 1903 p.
1742 1858 1835 1902 190).
1887 1860 2006 1903 Atque

243 1911 393 1944 Ioannes
423 1912 570 1955 Oldeeop
598 1911 877 1954 [1493—1574),
905 1910 1061 1945 decanus
1088 1910 1335 1952 hildesiensis,
1368 1911 1533 1953 „Petrum
1562 1912 1699 1946 Hovet“
1730 1912 1808 1946 sive
1839 1911 2006 1954 „Petrum

242 1963 384 2008 Haupt“
424 1964 541 1997 virum
577 1964 681 1998 valde
717 1964 865 1998 doctum
900 1963 1221 2008 (‚,hochgelahrten
1248 1964 1405 2007 Herrn“)
1443 1967 1549 1998 vocat
1583 1967 1619 1998 et
1654 1976 1684 1999 a.
1714 1965 1802 1999 1567
1839 1964 2007 1999 catholici

242 2015 338 2050 illius
376 2017 521 2051 Henrici
569 2017 769 2059 „iunioris“,
813 2018 913 2051 ducis
956 2017 1484 2062 brunsvico-guelpherbytani,
1528 2019 1807 2052 contionatorem
1850 2017 2004 2053 aulicum

244 2069 562 2115 („h0fl'prediger“)
601 2074 636 2105 ct
667 2071 779 2113 ,arcis
807 2070 1050 2104 qufl'enbutel
1078 2071 1356 2115 predicatorem‘*
1389 2071 1500 2105 fuisse
1526 2073 1682 2106 testatur
1710 2071 1883 2114 (Chronik
1909 2070 2005 2115 [vide

240 2134 347 2167 supra
374 2135 406 2169 p.
434 2123 540 2167 428¹]
567 2137 599 2169 p.
628 2125 707 2159 615.
735 2125 814 2158 616.
842 2123 939 2167 617).
993 2124 1030 2158 Ρ.
1059 2126 1238 2158 .-1nt0nz·us
1264 2125 1374 2157 Vincla
1407 2127 1547 2165 autem,
1583 2125 1788 2170 provinciae
1815 2124 2004 2159 Societatis

241 2176 320 2210 lesu
347 2177 527 2211 rhenanae
554 2178 788 2223 praepositus,
817 2177 1005 2221 Moguntia
1035 2179 1063 2211 1.
1083 2177 1204 2211 Martii
1236 2178 1321 2211 1567
1348 2178 1496 2211 Romam
1522 2178 1566 2212 ad
1586 2178 1756 2212 Sanctum
1774 2178 2003 2212 Franciscum

240 2229 407 2273 Bor-giam
445 2230 637 2276 *scripsit:
679 2231 732 2273 „Jl
760 2231 875 2265 Padre
903 2231 1016 2275 pietro
1042 2230 1189 2276 hauptio
1216 2230 1250 2264 lo
1277 2230 1382 2274 quale
1414 2233 1471 2265 sta
1498 2231 1761 2277 bruynswijck,
1797 2231 1913 2265 scriue
1939 2231 2005 2265 che

241 2283 284 2316 ha
311 2283 421 2317 molta
456 2284 608 2318 materia
644 2284 677 2318 di
704 2284 943 2325 fructificare,
979 2286 1015 2318 et
1041 2284 1075 2318 di
1102 2284 1270 2326 adgiutar
1305 2283 1336 2317 le
1372 2284 1507 2318 anime“
1549 2285 1609 2328 (ex
1635 2284 1870 2329 autographo.
1921 2283 2004 2318 Cod.

244 2335 385 2378 „Germ
416 2338 525 2372 1566“
556 2338 580 2371 f.
609 2337 705 2381 529).
758 2338 876 2381 Atque
903 2337 937 2370 in
965 2337 1166 2381 *Catalogo
1193 2337 1399 2382 provinciae
1427 2336 1460 2371 S.
1488 2338 1519 2372 J.
1548 2337 1746 2379 rhenanae,
1779 2349 1885 2381 quem
1910 2337 2003 2372 idem

242 2390 280 2423 P.
307 2391 418 2423 Vincla
452 2402 516 2424 sua
551 2402 658 2425 manu
693 2391 759 2425 sub
794 2391 849 2425 30.
877 2390 1098 2435 Septembris
1127 2391 1216 2425 1568
1252 2390 1427 2435 scriptum
1452 2390 1600 2425 Romam
1637 2391 1679 2425 ad
1714 2391 1747 2425 S.
1774 2390 2002 2425 Franciscum

240 2442 409 2486 Borgiam
436 2444 552 2485 misit,
589 2444 677 2478 haec
702 2446 804 2478 sunt:
845 2443 904 2484 „R
933 2444 1063 2478 Petrus
1090 2443 1269 2488 Hauptius
1304 2443 1517 2478 coloniensis
1543 2444 1603 2488 qui
1638 2445 1674 2478 in
1701 2444 1880 2478 decembri
1911 2455 2003 2478 anno

246 2496 333 2529 1566
360 2508 441 2530 cum
460 2508 571 2541 parua
597 2499 694 2531 esset
711 2508 795 2541 spes
821 2499 861 2531 vt
879 2499 1129 2541 perseueraret
1155 2497 1190 2530 in
1213 2496 1385 2531 societate
1411 2497 1542 2531 missus
1561 2497 1629 2530 fuit
1655 2509 1675 2530 a
1693 2496 2003 2531 Reuerendissimo

241 2549 450 2592 moguntino
479 2549 639 2592 [Daniele
667 2549 832 2594 Brendel]
870 2550 913 2584 ad
941 2550 1013 2584 ,Jll.
1042 2550 1234 2584 Heni-icum
1263 2550 1387 2584 ducem
1416 2549 1734 2584 brunnsuicensem
1769 2549 1888 2594 ibique
1923 2561 2003 2584 con-

241 2602 458 2636 cionatorem
493 2603 569 2646 egit
594 2603 683 2637 satis
709 2614 828 2637 acrem
865 2605 988 2637 contra
1014 2603 1235 2644 haereticos,
1271 2605 1393 2637 contra
1421 2614 1510 2646 quos
1545 2606 1580 2637 et
1606 2614 1777 2646 magnum
1801 2603 1911 2637 habet
1947 2603 2003 2646 (vt

242 2654 344 2698 dicit)
383 2656 540 2690 animum
575 2657 704 2700 agendi
739 2659 814 2690 tum
842 2656 1089 2698 concionibus,
1126 2659 1203 2690 tum
1229 2655 1328 2690 libris
1364 2656 1528 2700 scriptis,
1564 2659 1646 2701 post
1680 2658 1831 2690 mortem
1857 2655 2002 2690 Henrici

242 2708 276 2752 [†
311 2720 357 2742 m.
384 2709 459 2744 Iun.
489 2709 592 2753 1568]
629 2709 789 2751 rediens,
828 2709 944 2743 visum
981 2712 1037 2744 est
1072 2711 1111 2743 vt
1146 2710 1189 2743 ad
1226 2709 1433 2754 petitionem
1472 2709 1550 2743 eius
1584 2709 1825 2743 dimitteretur
1858 2709 1948 2743 liber
1982 2720 2001 2743 a

241 2762 433 2799 societate.
470 2762 636 2807 quamuis
671 2763 706 2796 in
742 2774 783 2796 ea
809 2764 894 2796 vota
929 2762 1225 2797 scholasticorum
1251 2761 1429 2796 emisisset
1465 2764 1547 2796 ante
1582 2773 1693 2796 annos
1727 2763 1794 2796 .12.
1837 2763 2002 2807 speratur

241 2815 384 2849 futurus
410 2816 512 2850 vtilis
538 2815 700 2850 Ecclesie
727 2815 790 2849 Dei
818 2815 993 2850 catholice
1020 2816 1055 2849 in
1082 2814 1285 2858 germania“
1320 2814 1418 2858 (Cod.
1443 2815 1504 2857 „G.
1526 2814 1562 2850 C.
1582 2816 1657 2850 67.“
1688 2827 1722 2860 p.
1742 2815 1858 2859 69b¹⁸).
1897 2815 2000 2849 Haud

241 2870 338 2902 recte
372 2869 483 2912 igitur
518 2869 648 2913 aliqui,
684 2871 723 2902 ut
758 2870 807 2903 M.
844 2870 1062 2903 Ree'chmann
1101 2868 1134 2903 S.
1163 2869 1194 2902 J.
1235 2867 1314 2911 (Die
1351 2868 1517 2902 Jesuiten
1552 2869 1623 2902 und
1659 2868 1721 2902 das
1757 2868 2000 2911 Herzogthum

242 2920 521 2965 Braunschweig
548 2922 735 2966 [Freiburg
760 2923 781 2956 i.
809 2922 866 2956 ΒΓ.
898 2921 1001 2965 1890]
1028 2933 1060 2966 p.
1088 2921 1145 2965 6),
1178 2921 1325 2955 Petrum
1351 2922 1475 2966 Haupt
1500 2921 1618 2963 illum,
1655 2921 1715 2965 qui
1741 2921 1895 2955 Henrico
1921 2921 2000 2955 duci

243 2974 489 3009 brunsvicensi
516 2987 659 3020 operam
685 2977 845 3015 navavit,
872 2975 914 3009 de
941 2975 1119 3009 Societate
1145 2974 1256 3008 fuisse
1282 2977 1509 3018 negaverunt
1523 2976 1544 3009 ¹.
1587 2974 1681 3016 Quos
1707 2974 1743 3008 in
1769 2985 1923 3008 errorem
1950 2974 2000 3007 in—

362 3080 375 3094 a
405 3075 556 3108 Correaei
581 3086 623 3108 ex
648 3073 852 3119 superioris.

365 3177 374 3197 ¹
403 3174 457 3208 Ab
495 3174 562 3208 hoc
588 3173 695 3208 Petro
721 3173 843 3218 Haupt
879 3172 956 3207 sive
991 3172 1110 3206 Hoefft
1148 3174 1242 3206 certe
1280 3171 1554 3215 distinguendus
1593 3173 1647 3205 est
1677 3170 1827 3213 „Petrus
1858 3170 1995 3204 Hovet“
