2093 3444
252 215 384 243 XXXH
801 198 843 232 II.
881 197 1106 231 Prooemium
1134 196 1328 231 voluminis
1354 196 1463 231 tertii.

252 317 569 360 Catechismus“
607 341 665 345 —
698 315 893 357 adhiberi
924 315 1154 356 iubebatur
1187 312 1473 367 (775—777).
1528 314 1603 355 Cui
1645 314 1907 356 catechismo
1950 329 2018 356 re-

252 381 549 436 cognoscendo
583 384 626 423 et
664 380 968 435 locupletando
1002 379 1198 429 Lainius,
1242 378 1438 428 Natalis,
1482 378 1728 430 Salmeron,
1773 379 1855 421 viri
1894 379 2019 422 theo-

250 447 393 501 logiae
415 446 597 489 scientia
618 446 822 499 insignes,
858 444 1015 487 Canisii
1039 447 1197 497 rogatu
1220 458 1396 498 operam
1420 444 1630 486 dederunt
1652 443 1710 496 (3.
1735 446 1774 487 9.
1799 446 1898 487 552.
1919 446 2018 489 579.

254 512 368 565 799).
425 512 620 566 Optabat
652 510 783 553 etiam
817 510 1034 557 Canisius,
1078 512 1127 551 ut
1167 509 1279 551 idem
1323 508 1610 551 catechismus
1653 524 1678 551 a
1720 510 1898 552 concilio
1939 510 2019 552 tri-

252 577 425 619 dentino
466 580 536 627 „ut
568 575 807 618 catholicus
841 575 1200 629 approbaretur&
1240 574 1303 616 ita
1334 577 1500 623 tamen,
1535 577 1582 616 ut
1609 574 1741 616 etiam
1763 574 1874 616 alius
1896 575 2019 628 isque

251 642 401 684 melior
434 640 799 690 conscriberetur,
843 639 914 692 qui
955 639 1128 694 publica
1170 639 1283 693 apud
1319 653 1467 680 omnes
1510 639 1715 681 ecclesias
1756 640 2019 682 auctoritate

252 708 419 750 valeret
442 706 560 759 (384.
586 706 712 759 394);
748 709 794 748 at
826 719 965 757 neque
997 705 1090 755 hoc,
1124 704 1160 746 si
1193 704 1364 758 quidem
1398 704 1449 745 de
1483 704 1744 747 catechismo
1774 719 1852 759 pro
1875 705 2019 759 pueris

250 773 498 826 loquamur,
545 772 746 813 effectum
787 784 926 823 neque
958 769 1064 811 illud
1097 783 1346 811 concessum
1381 772 1448 811 est
1479 768 1615 822 (733).
1662 769 1831 812 Solacio
1872 773 2020 812 tamen

251 837 421 880 Canisio
455 851 549 878 esse
582 838 769 890 poterat,
806 835 918 888 quod
952 834 1043 876 eius
1072 834 1360 877 catechismus
1387 834 1511 876 annis
1540 836 1650 877 1561
1681 838 1725 877 et
1749 836 1862 877 1562
1885 834 2019 878 latine

250 903 382 946 etiam
414 901 700 955 Antverpiae,
736 899 979 949 Cameraci,
1013 900 1270 950 Cracoviae,
1304 899 1506 949 Lovanii,
1541 900 1763 953 Lugduni,
1796 899 2019 954 hispanice

254 967 511 1017 Vallisolet-i,
545 966 690 1008 italice
714 965 923 1015 Venetiis,
959 965 1143 1007 vlamice
1165 964 1359 1015 Lovanii‚
1394 967 1526 1018 atque
1549 965 1680 1007 etiam
1703 964 1887 1019 primum
1910 965 2020 1006 liun-

251 1033 397 1087 garice
419 1046 572 1074 versus
594 1031 793 1085 primatis
815 1030 1069 1084 Hungariae
1092 1029 1293 1084 expensis
1311 1030 1593 1072 Vindobonae
1615 1030 1658 1071 in
1681 1031 1820 1072 lucem
1838 1029 2020 1072 emissus

250 1101 318 1141 est
351 1098 468 1151 (774.
494 1098 592 1139 777.
619 1098 716 1139 787.
743 1096 860 1149 790),
895 1096 1094 1149 quodque
1126 1110 1180 1137 ex
1205 1095 1422 1137 Sabaudia
1451 1095 1699 1138 nuntiatum
1722 1098 1801 1146 est,
1836 1095 2019 1137 eundem

249 1163 404 1205 librum
438 1162 556 1204 ducis
581 1161 824 1203 Sabaudiae
847 1161 1090 1215 sumptibus
1113 1160 1322 1211 Venetiis,
1357 1161 1546 1211 Genuae,
1571 1160 1783 1202 Vercellis
1813 1174 2020 1202 excusum

250 1228 394 1283 pueris
427 1228 534 1269 adeo
567 1226 805 1281 placuisse,
851 1229 898 1268 ut
930 1225 1267 1279 protestantium
1301 1225 1587 1267 catechismos
1619 1226 1662 1267 in
1703 1226 1847 1279 ignem
1887 1225 2019 1267 inice-

251 1296 348 1336 rent
380 1296 423 1335 et
455 1294 661 1347 parentes
693 1291 772 1345 ipsi
808 1291 849 1332 in
892 1291 975 1332 fide
1018 1290 1233 1333 catholica
1275 1291 1581 1333 confirmarent
1613 1290 1749 1344 (778).
1804 1291 1853 1332 In
1894 1290 2019 1333 scho-

250 1359 390 1401 larum
423 1357 555 1400 etiam
587 1372 711 1398 usum
734 1356 930 1398 Canisius
963 1370 1075 1398 anno
1103 1358 1209 1397 1561
1247 1356 1432 1398 selectas
1456 1356 1497 1399 S.
1523 1356 1776 1411 Hieronymi
1809 1356 2019 1411 epistulas

252 1438 363 1466 novo
407 1422 555 1465 ordine
597 1421 809 1476 disposuit
851 1424 895 1463 et
936 1436 1021 1463 una
1066 1436 1158 1463 cum
1211 1421 1307 1462 aliis
1358 1421 1522 1475 aliquot
1564 1421 1817 1475 Hieronymi
1863 1421 2019 1463 libellis

252 1489 453 1542 Dilingae
506 1487 723 1529 volumine
772 1501 867 1529 cum
916 1486 1106 1540 eleganti
1155 1490 1247 1529 tuni
1294 1501 1431 1541 parvo
1478 1487 1618 1541 pretio
1665 1486 1849 1541 parabili
1898 1487 2019 1528 evul-

251 1555 418 1608 gandas
460 1553 652 1602 curavit;
694 1552 737 1594 in
779 1552 899 1594 cuius
932 1551 1132 1594 editionis
1165 1551 1337 1606 (postea
1369 1552 1461 1594 fere
1494 1552 1754 1605 quadragies
1786 1552 2020 1606 repetitae)

252 1619 523 1674 praefatione
556 1618 785 1660 Erasmum
819 1617 1178 1660 Rotterodamum
1213 1617 1409 1671 graviter
1448 1620 1649 1667 accusat,
1693 1617 1807 1671 quod
1839 1617 2019 1660 Patrum

251 1698 383 1739 opera
416 1683 591 1726 scholiis
624 1683 713 1724 suis
751 1682 1096 1737 „conspurcarit“
1115 1716 1124 1733 ,
1165 1682 1377 1736 simulque
1410 1683 1606 1735 queritur
1638 1683 1690 1724 de
1723 1682 1882 1726 aetatis
1914 1696 2019 1724 suae

257 1749 591 1801 „Erasniianis“‚
612 1748 683 1801 qui
701 1748 917 1801 religiosis
941 1748 1182 1799 „ordinibus
1200 1748 1527 1798 obt1·ectand0“,
1558 1762 1788 1803 „personas
1803 1747 2019 1790 Ecclesia-

252 1816 384 1859 sticas
417 1814 606 1868 satyrice
639 1817 683 1856 et
714 1813 884 1855 inimice
914 1813 1270 1868 perstringendo“
1310 1817 1391 1856 etc.
1431 1813 1575 1866 „vulgi
1608 1828 1733 1855 aures
1766 1828 1816 1856 ac
1851 1816 2019 1856 mentes

253 1881 552 1923 demulceant“
591 1879 707 1932 (784.
745 1881 842 1921 280.
879 1879 995 1932 281).
1040 1879 1256 1921 Grandius
1288 1882 1434 1921 autem
1467 1879 1669 1921 volumen
1702 1878 1897 1921 Canisius
1929 1878 2018 1920 edi-

252 1946 359 1989 tioni
383 1946 424 1988 S.
449 1944 651 1999 Cypriani
684 1944 737 1986 ab
761 1944 942 1985 Erasmo
966 1944 1111 1986 factae
1144 1958 1362 1998 opponere
1392 1944 1637 1997 cogitabat;
1671 1943 1763 1986 fere
1789 1945 1900 1986 1000
1932 1943 2019 1985 iam

252 2012 442 2054 habebat
469 2010 703 2060 „lectiones
726 2009 972 2051 variantes“
1000 2009 1043 2050 in
1066 2009 1328 2052 bibliotheca
1350 2009 1556 2052 vaticana
1579 2009 1872 2063 superioribus
1894 2009 2019 2051 annis

253 2091 279 2119 a
311 2091 357 2118 se
391 2076 617 2124 collectas;
662 2074 771 2116 alias
804 2088 841 2117 a.
880 2076 988 2115 1561
1024 2074 1105 2116 sibi
1138 2075 1441 2129 comparabat,
1476 2089 1572 2116 cum
1604 2075 1769 2116 Romae
1801 2073 2019 2117 Latinium

252 2142 296 2184 in
322 2141 635 2183 emendandum
660 2140 921 2194 Cyprianum
944 2140 1192 2182 incumbere
1214 2140 1406 2190 edoctus,
1439 2140 1532 2194 ipse
1555 2154 1684 2194 opere
1707 2139 1876 2182 destitit
1899 2138 2016 2192 (110.

257 2209 352 2249 134.
380 2207 476 2248 152.
503 2205 620 2259 781).
665 2205 820 2247 Effecit
852 2207 1012 2255 autem,
1046 2208 1094 2247 ut
1126 2205 1335 2246 adversus
1367 2205 1705 2259 protestantium
1727 2205 1940 2258 gallorum
1963 2204 2018 2246 ad

253 2272 451 2314 Carolum
478 2271 551 2314 IX.
582 2284 728 2324 regem
762 2270 1178 2324 „Supplicationem“
1214 2284 1326 2312 anno
1360 2272 1469 2312 1561
1502 2270 1818 2323 Norimbergae
1846 2283 2018 2323 germa-

253 2337 346 2379 nice
380 2336 632 2389 evulgatam
665 2335 815 2378 eodem
848 2349 960 2377 anno
993 2349 1048 2376 ex
1080 2335 1374 2390 typographia
1405 2335 1626 2388 dilingana
1657 2334 1850 2390 prodiret
1875 2334 2017 2376 versio

253 2401 504 2456 germanica
543 2400 925 2454 „Supplicationis“
965 2400 1226 2451 catholicae,
1274 2415 1403 2454 quam
1437 2400 1604 2443 Galliae
1636 2400 1840 2442 nobilitas
1872 2399 2017 2441 libello

252 2467 314 2508 illi
359 2466 579 2508 obiecerat
623 2464 906 2518 (779—781).
979 2464 1182 2507 Proximo
1227 2480 1340 2507 anno
1385 2465 1586 2519 Dilingae
1631 2468 1675 2508 et
1723 2464 2018 2518 germanicum

252 2546 377 2574 suum
408 2531 707 2586 precationum
739 2530 931 2572 libellum
964 2529 1081 2582 (vide
1111 2531 1213 2573 Can.
1238 2531 1346 2585 Epp.
1371 2531 1425 2581 ΙΙ,
1460 2529 1713 2583 898—501)
1746 2529 2018 2583 recognitum

253 2597 392 2639 denuo
426 2596 596 2638 curavit
629 2595 927 2636 excudendum
960 2595 1022 2648 (in
1044 2595 1183 2637 lucem
1206 2596 1388 2637 emissus
1414 2598 1481 2637 est
1504 2610 1542 2638 a.
1570 2595 1713 2647 1563),
1748 2597 1792 2637 et
1814 2608 1900 2636 una
1922 2609 2017 2636 cum

253 2662 422 2704 Adamo
454 2660 707 2702 Walassero
740 2660 929 2702 Usuardi
967 2660 1330 2714 Martyrologium
1372 2660 1506 2702 edidit
1545 2659 1792 2713 germanice
1830 2673 2017 2711 versum,

255 2730 301 2770 ut
340 2725 590 2776 „Germanis
622 2739 668 2767 se
701 2725 1075 2767 accommodaret“
1114 2725 1194 2779 (ita
1226 2725 1360 2767 Hosio
1394 2724 1599 2779 scripsit),
1634 2728 1678 2768 et
1709 2724 1857 2767 multis
1889 2725 2018 2767 rebus

252 2792 587 2846 locupletatum;
623 2790 694 2843 qui
726 2789 835 2831 liber
865 2793 1018 2844 postea
1051 2804 1220 2843 quoque
1253 2790 1510 2844 compluries
1543 2789 1776 2842 evulgatus
1809 2792 1876 2831 est
1898 2789 2016 2841 (552.

255 2859 354 2899 394.
380 2856 497 2909 791).
532 2855 689 2897 Sedulo
713 2855 845 2897 etiam
863 2854 1071 2906 Canisius,
1096 2869 1310 2908 quaenam
1333 2855 1385 2897 de
1407 2854 1615 2908 religione
1637 2854 1708 2896 vel
1724 2854 1768 2895 in
1787 2853 2018 2896 Germania

254 2922 324 2963 vel
356 2920 458 2963 alibi
490 2934 515 2962 a
548 2919 771 2962 catholicis
809 2922 853 2962 et
884 2920 1228 2974 protestantibus
1262 2920 1576 2970 scriberentur,
1620 2919 1895 2961 observabat.
1960 2919 2018 2961 Et

255 3000 351 3028 cum
375 2985 587 3038 Georgius
603 2985 759 3026 Willer
780 2985 1015 3039 bibliopola
1037 2988 1306 3038 augustanus
1327 2985 1450 3038 isque
1473 2984 1711 3026 catholicus
1734 2984 1788 3025 ad
1810 2983 2017 3025 librorum

254 3054 472 3093 mercatus
503 3050 876 3092 francofurtenses
909 3049 1140 3102 diligenter
1171 3050 1290 3092 adire
1322 3050 1484 3091 soleret
1515 3051 1560 3090 et
1591 3048 1815 3100 Tubingae
1847 3061 2016 3100 quoque

256 3118 300 3158 et
332 3115 433 3156 alibi
465 3129 566 3156 suos
597 3117 903 3169 procuratores
925 3115 1118 3164 haberet,
1152 3114 1346 3156 Canisius
1379 3128 1430 3155 ea
1453 3113 1778 3167 opportunitate
1810 3126 1926 3162 usus,
1961 3112 2015 3154 ad

256 3182 460 3222 externos
493 3178 623 3221 etiam
655 3179 830 3229 amicos,
864 3178 1114 3233 saepissime
1147 3181 1294 3221 autem
1316 3178 1569 3220 Tridentum
1595 3177 1650 3219 ad
1673 3177 1866 3227 Hosium,
1901 3176 2016 3218 eius-
