2093 3444
323 199 400 233 718.
437 198 602 233 Canisius
628 198 852 232 Ferdinando
879 198 904 232 I.
946 198 1038 241 Aug·
1064 197 1170 232 Vind.
1197 198 1253 232 23.
1282 196 1448 232 Octobris
1478 199 1579 232 1562.
1750 201 1834 242 499

890 316 1009 358 718.

806 408 1102 456 OANISIUS

675 507 1153 550 FERDINANDO
1187 507 1233 549 Ι.

844 589 1062 634 imperatori.

517 675 686 723 Augusta
712 675 986 712 vindelicorum
1015 675 1070 711 23.
1099 674 1267 711 Octobris
1293 674 1387 711 1562.

187 760 242 794 Ex
267 759 398 794 litteris
423 759 615 803 libelloque
642 759 869 804 archetypis,
907 759 950 793 ab
978 760 1125 792 Ancirea
1154 760 1253 802 Sto'r,
1280 758 1410 792 iuvene
1436 757 1639 791 litterarum
1666 755 1839 797 studioso,

68 825 137 858 quo
157 813 323 848 Canisius
348 815 435 847 tunc
461 813 630 847 utebatur
657 813 844 857 scriptore,
870 812 1015 857 scriptis
1044 813 1121 856 (20;
1150 812 1294 845 litterae
1321 812 1352 853 2,
1378 811 1521 845 libellus
1550 811 1591 844 16
1611 822 1668 855 pp.
1688 809 1842 850 habent3

68 867 232 911 sequitur
249 879 282 912 p.
302 878 437 908 vacua;
460 866 496 900 in
515 878 548 911 p.
568 868 750 911 postrema
768 866 874 900 inscr.
896 868 931 900 et
949 865 1032 909 sig.)
1049 879 1054 905 ;
1075 866 1215 899 litteras
1236 864 1401 899 Canisius
1419 876 1485 898 sua
1503 875 1610 898 manu
1629 863 1844 907 subscripsit

71 920 267 964 („Seruus“
299 919 396 963 etc).
440 920 486 954 Et
511 919 654 954 litterae
681 921 717 953 et
742 919 886 953 libellus
913 931 1007 963 aqua
1034 919 1141 953 valde
1168 921 1336 963 corrupta
1362 920 1465 952 sunt:
1493 917 1717 960 singularum
1744 915 1842 961 pagi-

68 985 195 1008 narum
224 974 423 1019 particulae
458 974 551 1008 aliae
577 975 793 1018 putruerunt
829 973 1130 1016 excideruntque,
1167 973 1259 1006 aliae
1295 972 1382 1006 adeo
1409 971 1468 1006 vel
1495 971 1597 1005 albae
1624 970 1683 1005 vel
1718 970 1844 1013 nigrae

69 1028 189 1062 factae
215 1030 310 1069 sunt,
337 1030 378 1062 ut
402 1028 471 1061 ian]
499 1027 694 1061 difficulter
720 1027 778 1061 vel
806 1027 915 1060 etiam
941 1026 1040 1060 nulla
1066 1026 1205 1060 ratione
1231 1026 1302 1070 legi
1330 1026 1480 1070 possint.
1518 1025 1674 1059 Exstant
1701 1023 1844 1057 Hanno-

26 1087 28 1090 ’
72 1093 179 1115 verae
218 1081 443 1125 (Hannover)
481 1081 515 1115 in
552 1080 700 1115 archivo
736 1080 838 1124 regni
873 1080 1067 1121 borussici,
1109 1079 1369 1122 ,Erskinesche
1397 1078 1606 1121 Sammlung
1635 1077 1672 1111 ‚L
1698 1076 1845 1111 Reichs-

73 1135 211 1170 Sachen
238 1134 301 1168 No.
330 1135 405 1169 20.“
437 1135 461 1169 f.
489 1135 660 1169 62—15b.

195 1188 283 1222 Cum
311 1188 442 1223 litteris
467 1190 545 1222 tum
572 1187 692 1222 libello
719 1187 856 1232 primus
890 1199 935 1221 ex
961 1187 1143 1221 historicis
1170 1198 1257 1220 usus
1284 1188 1339 1220 est
1375 1188 1410 1220 et
1436 1198 1480 1219 ex
1507 1185 1627 1219 libello
1654 1184 1774 1228 aliqua
1802 1183 1847 1217 ad

73 1242 222 1276 verbum
259 1241 445 1287 proposuit
479 1242 526 1276 K.
555 1242 714 1285 Saftien,
750 1240 815 1275 Die
842 1240 1150 1283 Verbandlnngen
1186 1240 1315 1274 Kaiser
1341 1239 1541 1273 Ferdinand
1570 1239 1595 1272 Ι.
1632 1238 1698 1271 mit
1733 1237 1847 1281 Papst

75 1295 161 1330 Pius
188 1295 249 1330 IV.
277 1296 365 1329 uber
392 1295 459 1329 den
486 1294 704 1329 Laienkelch
731 1294 803 1328 und
830 1294 886 1328 die
912 1293 1141 1337 Einfuhrung
1168 1293 1356 1328 desselben
1382 1293 1418 1326 in
1437 1284 1604 1326 Ostreich
1632 1291 1848 1335 (Gottingen

77 1348 183 1392 1890)
213 1361 246 1394 p.
275 1350 425 1383 14—1-5.
456 1348 604 1383 18—20.

194 1428 417 1471 [Later-aes]
467 1429 526 1462 Ad
552 1430 771 1472 quaestiones
805 1429 846 1461 de
872 1428 977 1461 calice
1004 1428 1176 1461 laicorum
1207 1427 1411 1470 propositas
1438 1426 1631 1469 Staphylus
1659 1424 1849 1468 praeclare

74 1483 306 1526 respondebit.
364 1483 534 1516 Cani-sias
561 1486 788 1525 praemonet,
823 1486 861 1515 ut
887 1483 1062 1524 neyotinm
1088 1482 1179 1514 illml
1216 1483 1366 1514 marinii
1400 1480 1483 1524 fiat,
1520 1481 1647 1523 quippe
1674 1478 1766 1522 qaod
1802 1477 1850 1509 acl

79 1536 216 1569 Christi
241 1547 368 1579 corpas
391 1537 584 1580 pertineat,
620 1540 649 1569 et
677 1547 719 1569 ea:
746 1546 812 1579 qno
832 1546 1025 1578 perperam
1051 1539 1199 1568 tractato
1226 1539 1255 1567 et
1281 1535 1420 1567 ecclesia
1448 1539 1477 1566 et
1502 1533 1691 1576 imperinm
1714 1531 1849 1575 yram's-

74 1591 168 1623 sima
186 1590 394 1623 detrimenta
413 1594 564 1633 captura
589 1591 671 1623 sint.
712 1590 838 1622 Omnia
854 1591 974 1632 potins
999 1589 1159 1631 ferenda,
1187 1599 1294 1631 qnam
1319 1592 1357 1621 ut
1376 1588 1534 1621 eeclesiae
1559 1588 1645 1619 iecra
1664 1586 1849 1618 violentur.

195 1643 418 1686 [Libellns:]
458 1645 488 1676 1.
511 1643 616 1677 Calioe
642 1644 744 1676 laicis
763 1644 903 1676 concedi
921 1646 1056 1685 potest;
1083 1654 1179 1686 quem
1210 1647 1330 1675 ntrzmev
1348 1642 1509 1684 expediat
1537 1651 1639 1673 necne
1658 1639 1850 1680 concedere,

77 1698 116 1730 iol
142 1698 283 1740 quidem
308 1701 461 1730 statuere
482 1698 662 1740 pontificis
689 1702 766 1730 esto.
807 1691 843 1729 2J
864 1697 996 1730 Caesar
1022 1707 1095 1729 eccm
1118 1706 1190 1739 pro
1216 1695 1395 1738 aliquibus
1411 1695 1562 1727 subditis
1581 1697 1699 1737 petere
1718 1695 1852 1735 potest:

78 1761 150 1784 non
170 1762 242 1794 pro
262 1752 437 1794 plurimis
461 1751 535 1784 illis
560 1751 766 1794 haereticis,
794 1751 855 1794 qai
880 1751 999 1783 (lic-ino
1025 1751 1104 1782 inre
1130 1760 1206 1782 eam
1232 1749 1299 1782 sibi
1325 1749 1442 1781 deberi
1467 1749 1650 1789 ‘iactitanm
1684 1747 1723 1778 hi
1748 1746 1851 1788 enini,

78 1806 151 1838 nisi
174 1806 398 1848 resipiscant,
424 1805 544 1837 divino
570 1806 649 1838 iure
674 1805 905 1837 sacramentis
932 1804 1074 1837 omnino
1100 1803 1271 1845 arcencli;
1295 1813 1404 1845 neque
1423 1812 1495 1844 pro
1521 1801 1721 1834 hominibus
1740 1798 1853 1842 probe

78 1858 280 1900 catholicis,·
315 1858 440 1902 quibas
467 1858 586 1891 calicis
611 1869 697 1891 usus
715 1869 850 1901 parum
875 1862 1021 1901 oratus,
1057 1859 1162 1890 inemo
1190 1857 1332 1889 nocivas
1355 1856 1447 1898 foret
1455 1867 1469 1898 ‚·
1497 1856 1556 1888 sed
1576 1865 1647 1898 pro
1674 1853 1853 1887 catholicis

77 1913 117 1944 in
143 1912 211 1954 side
236 1912 404 1956 infirmis,
431 1922 517 1955 quos
535 1913 585 1945 ita
613 1912 648 1945 in
669 1912 807 1944 ecelesia
828 1916 996 1944 retentam
1024 1912 1075 1944 iri
1099 1921 1186 1953 spes,
1214 1920 1428 1953 qtiamqnam
1447 1909 1586 1952 eoeiyica,
1614 1912 1670 1941 est.
1715 1909 1746 1939 3.
1766 1906 1853 1938 Con-

78 1967 228 1998 cessioui
245 1966 475 2010 condiciones,
502 1965 629 2009 quibus
655 1969 684 1998 et
702 1976 842 1998 errores
864 1966 1084 2008 repellantur
1110 1968 1139 1996 et
1164 1964 1326 1996 catholici
1349 1963 1392 1995 ab
1409 1963 1594 1995 haereticis
1610 1964 1853 2002 secernantur,

79 2019 328 2062 aclizcnyendae
353 2023 446 2063 sant,
473 2030 597 2063 eaeque
623 2019 772 2052 illarum
797 2019 940 2062 similes,
968 2029 1056 2061 qaae
1082 2018 1243 2050 Basileae
1273 2017 1502 2059 Tre'clentique
1522 2016 1726 2058 propositae
1750 2016 1855 2054 sitnt;

79 2083 169 2116 qaae
194 2077 310 2105 tamen
345 2073 393 2105 ad
418 2074 589 2106 minorem
624 2083 810 2105 nnmerum
847 2072 969 2105 reduci
997 2075 1172 2114 posseint;
1205 2070 1269 2103 hoc
1304 2074 1392 2103 certe
1417 2070 1542 2112 palam
1566 2069 1740 2112 planeque
1769 2079 1855 2112 pro-

78 2127 252 2168 fiteantur
277 2130 431 2171 oportet,
466 2137 500 2160 se
525 2127 629 2168 fidem
663 2131 777 2159 tenere
803 2126 961 2159 ecclesiae
996 2136 1188 2166 romanae;
1224 2124 1326 2167 iclqne
1352 2124 1401 2156 tel
1435 2134 1471 2156 eo
1499 2123 1726 2166 exigyendmn,
1763 2125 1856 2167 qnod

79 2179 163 2213 haec
185 2181 375 2213 Germanis
392 2191 487 2213 nilne
504 2181 604 2213 valde
630 2184 677 2213 est
695 2191 810 2213 exosa.
850 2179 1007 2222 Populus
1033 2180 1074 2211 de
1093 2179 1257 2222 primata
1283 2177 1381 2210 aede
1408 2176 1623 2209 eucharistia
1650 2177 1855 2211 edocendus.

130 2267 269 2324 [Pa]x
294 2267 493 2324 [Christi]
528 2269 751 2311 nobiscum
775 2268 998 2312 Jnuictiss.
1024 2267 1184 2309 Caesar
1217 2264 1594 2321 [clementissime]
1626 2266 1811 2308 Domine

202 2358 305 2400 Cum
330 2357 450 2400 Caes.
475 2357 721 2400 Maiestatis
754 2359 928 2398 uestrae
960 2355 1168 2397 mandata
1199 2354 1578 2405 intellexissemus,
1613 2367 1742 2396 curae
1775 2354 1857 2396 fuit

82 2423 259 2478 Doctorj
296 2423 506 2478 Staphylo
549 2426 594 2465 et
625 2422 750 2473 mihi,
794 2426 844 2464 ut
885 2421 1048 2475 scripta
1090 2434 1199 2474 quae
1241 2419 1363 2462 nobis
1405 2419 1459 2462 ad
1496 2419 1772 2461 iudicandum
1806 2420 1857 2462 de

83 2502 216 2531 causa
239 2488 558 2531 Communionis
590 2487 958 2542 proponebantur,
993 2485 1104 2528 serio
1129 2485 1484 2540 expenderemus,
1515 2485 1663 2528 multis
1686 2485 1857 2538 quidem

81 2553 127 2595 in
168 2568 218 2596 eo
260 2554 404 2596 studio
446 2553 714 2607 consumptis
756 2552 959 2603 diebus1,
1002 2554 1050 2594 ut
1091 2551 1210 2594 Caes.
1253 2550 1353 2594 Mai.
1393 2553 1568 2593 uestrae
1609 2550 1737 2592 iussis
1771 2584 1779 2602 ,
1815 2553 1859 2593 et

209 2711 219 2730 ²
245 2709 399 2754 Negotio
425 2709 522 2744 sacri
548 2709 671 2744 calicis
707 2709 810 2743 laicis
837 2708 1055 2743 concedendi
1091 2720 1111 2742 a
1147 2708 1296 2742 concilio
1332 2707 1528 2741 tridentino
1558 2707 1612 2742 17.
1639 2706 1860 2752 Septembris

89 2763 181 2797 1562
207 2763 251 2797 ad
278 2775 457 2798 summum
485 2763 690 2808 pontificem
716 2763 879 2803 remisso,
906 2762 1154 2796 Ferdinandus
1182 2762 1227 2803 L,
1264 2772 1284 2795 a
1312 2772 1380 2805 quo
1415 2761 1518 2794 multi
1546 2760 1681 2795 subditi
1708 2760 1859 2794 eundem

85 2816 237 2850 calicem
262 2816 496 2850 vehementer
521 2817 711 2861 petebant,
748 2816 992 2861 compluribus
1027 2814 1117 2849 viris
1154 2814 1268 2849 doctis
1297 2813 1456 2858 (Canisio
1484 2816 1520 2848 et
1545 2813 1736 2848 Societatis
1762 2813 1860 2847 theo-

85 2869 179 2913 logis
205 2869 439 2904 Vindobonae
465 2869 678 2913 Pragaeque
705 2869 919 2913 degentibus
956 2871 992 2903 et
1018 2868 1194 2914 Staphylo
1222 2870 1258 2902 et
1285 2867 1439 2911 Georgio
1467 2867 1624 2910 Gienger
1659 2867 1860 2901 consiliario

86 2923 271 2967 caesareo)
314 2923 544 2968 quaestiones
582 2923 756 2967 quasdam
795 2922 1001 2968 proposuit,
1041 2933 1192 2966 quarum
1230 2933 1370 2956 summa
1407 2921 1497 2955 haec
1530 2920 1606 2955 fere
1633 2923 1727 2956 erat:
1766 2920 1859 2954 Num

87 2977 311 3011 concessioni
337 2976 459 3011 calicis
486 2976 641 3022 amplius
676 2978 774 3010 esset
808 2976 1066 3016 insistendu1n3
1103 2977 1139 3010 et
1164 2977 1285 3009 utrum
1320 2986 1341 3009 a
1376 2974 1525 3008 concilio
1560 2974 1590 3008 is
1617 2975 1731 3008 denuo
1766 2976 1862 3009 esset

32 3059 38 3066 .
88 3030 265 3074 petendus
292 3042 337 3064 an
364 3042 384 3064 a
410 3030 598 3075 pontifice3
638 3031 674 3064 et
699 3029 876 3074 quomodo
906 3029 941 3063 id
977 3029 1181 3064 faciendum
1217 3030 1323 3063 esset.
1387 3027 1465 3062 Duo
1504 3028 1596 3061 enim
1635 3027 1860 3073 potissimum

89 3081 338 3118 Ferdinandus
363 3084 568 3118 metuebat:
606 3084 635 3118 1.
663 3095 707 3117 ne
735 3083 961 3117 condiciones
988 3082 1149 3117 duriores
1176 3094 1256 3117 cum
1284 3093 1325 3116 ea
1352 3081 1582 3115 concessione
1608 3080 1861 3125 iungerentur;

90 3135 123 3170 2.
149 3149 194 3171 ne
220 3137 316 3182 ipse,
351 3139 392 3171 ut
417 3137 462 3172 ad
488 3136 689 3171 Victoriam
714 3136 879 3181 scripsit,
911 3135 1060 3170 calicem
1087 3147 1107 3170 a
1133 3135 1302 3181 pontifice
1328 3134 1482 3180 petendo
1513 3133 1693 3177 „Concilio
1719 3146 1761 3169 ac
1786 3134 1864 3168 vni-

90 3201 196 3225 uerso
223 3190 419 3226 christiano
446 3190 520 3225 orbi
548 3190 684 3234 aliquid
710 3189 919 3236 praeiudicij
948 3217 955 3224 .
984 3217 991 3224 .
1019 3189 1212 3224 adferret“.
1249 3188 1418 3223 Tridento
1445 3187 1540 3222 enim
1567 3188 1621 3222 22.
1642 3188 1862 3233 Septembris

1511 3248 1584 3280 32*
