2093 3444
163 173 216 212 14
713 170 792 204 505.
829 169 995 204 eanisius
1021 170 1168 205 nicolao
1196 170 1378 206 condano.

978 287 1108 330 505.

895 391 1192 440 CANISIUS

546 497 609 538 P.
642 496 966 540 NICOLAO
1001 496 1353 540 GGUBANO
1389 498 1444 541 S.
1477 498 1535 541 J.

716 588 922 635 ceterisque
948 588 1063 625 Sociis
1091 588 1371 626 coloniensibus.

617 688 785 733 Augusta
814 688 1088 726 Vindelicorum
1115 689 1164 726 14.
1191 689 1355 726 Ianuarii
1383 690 1469 727 1561.

279 783 332 816 Ex
360 783 566 828 apographo
593 784 750 819 eiusdem
778 785 854 819 fere
880 786 1060 830 temporis,
1089 785 1255 820 Coloniae
1283 797 1302 820 a
1330 786 1368 820 P.
1397 787 1587 821 Leonem-do
1614 788 1734 822 Kessel
1760 787 1794 823 S.
1821 788 1854 823 J.
1882 800 1927 822 ex

159 836 356 881 archetypo
383 837 560 881 descripto
588 839 623 871 et
648 838 700 872 sic
736 838 929 883 inscripto:
969 841 1091 883 „pater
1119 839 1284 873 Canisius
1311 839 1354 873 ad
1382 839 1612 874 Colonienses
1648 842 1684 874 et
1710 841 1753 875 ad
1780 853 1812 886 p.
1841 852 1927 885 gau-

160 890 324 924 danum.“
379 890 461 924 Cod.
489 891 602 925 colon.
635 891 778 933 „Kess.“
810 893 833 926 t'.
863 892 917 926 72.
969 892 1169 937 Epistulam
1197 892 1431 938 archetypam
1464 905 1529 935 „ex
1563 894 1830 928 commissione“
1863 893 1927 929 Oa-

159 943 242 977 nisii
270 943 362 988 (ipso
390 944 547 978 dictante
583 956 622 979 ac
650 956 777 979 nomen
812 947 1066 990 postremaque
1094 946 1203 980 verba
1238 946 1500 989 subscribente)
1539 959 1559 980 a
1586 947 1624 981 P.
1654 946 1843 982 Guilielmo
1869 947 1927 982 El-

161 997 269 1030 deren
296 996 328 1030 S.
358 997 390 1031 J.
418 997 589 1042 scriptam
617 1009 696 1032 esse
724 1011 768 1032 ex
796 998 947 1033 Kesselii
984 998 1116 1033 litteris
1145 999 1197 1033 10.
1225 999 1408 1034 Februarii
1438 1001 1525 1034 1561
1555 1000 1599 1034 ad
1626 999 1808 1035 Canisium
1835 1001 1929 1036 datis

163 1050 353 1085 coniectari
381 1053 512 1095 potest.

281 1104 477 1138 Maximam
505 1105 679 1150 epistulae
706 1107 844 1150 partem
872 1106 991 1151 posuit
1017 1107 1166 1140 Hansen
1192 1105 1214 1140 l.
1242 1118 1272 1140 c.
1298 1119 1332 1152 p.
1360 1106 1438 1141 381.

286 1187 438 1229 Collessia
475 1188 673 1221 lovaniense
707 1192 736 1220 et
771 1189 941 1221 leodiense
952 1201 965 1230 ;
1000 1189 1193 1221 colom'ense.
1228 1189 1275 1221 ad
1302 1189 1486 1222 Societatz's
1521 1191 1784 1223 constitutiones
1817 1191 1931 1235 mayz's

163 1241 509 1274 accommodandum.
553 1242 649 1275 Dens
667 1242 836 1285 orandus,
864 1254 905 1275 ne
931 1243 1078 1275 concilio
1097 1243 1244 1275 daemon
1264 1253 1400 1275 moram
1418 1244 1562 1285 inferat.
1606 1244 1764 1277 Litterae
1782 1244 1929 1287 quadri-

162 1297 314 1327 mestres.
366 1295 550 1328 Sociorum
587 1296 734 1328 labores.
785 1296 935 1329 Romam.
970 1296 1214 1339 scribendum,
1249 1296 1375 1339 quibus
1409 1297 1611 1330 rationibus
1637 1298 1761 1341 reliqio
1788 1298 1931 1340 defendi

167 1347 449 1391 Germaniaeque
475 1349 627 1392 episcopi
655 1350 774 1382 iurari
801 1353 940 1392 queant.
996 1350 1172 1382 Goudcmo
1207 1350 1355 1383 adversa
1388 1351 1545 1383 valetudo
1566 1351 1744 1393 patienter
1768 1351 1929 1394 ferenda,

161 1411 256 1434 mors
289 1402 435 1443 forliter
459 1403 712 1445 eaespectamla,
750 1403 784 1435 in
817 1402 957 1436 Christo
982 1403 1150 1436 solacium
1179 1414 1278 1436 omne
1308 1404 1597 1437 constituendum.
1654 1403 1857 1438 Comitissae
1882 1405 1930 1438 ad

162 1455 336 1487 eeclesiam
374 1456 566 1489 rediturae.
623 1456 810 1498 Colleffl'um
849 1467 1063 1490 monac-ense.
1114 1457 1184 1490 PP.
1226 1457 1446 1490 Theodorias·
1484 1457 1652 1490 Canis-ius
1686 1462 1715 1490 et
1751 1458 1931 1491 Henricus

162 1508 368 1551 Dionysius.
420 1509 664 1543 Romanorum
695 1510 879 1543 Sociorum
910 1511 1031 1552 inopia
1057 1510 1281 1544 sublevanda.

280 1623 335 1627 »-
372 1623 427 1626 —
462 1599 526 1640 De
570 1600 699 1641 rebus
745 1599 873 1653 leodij
920 1599 1128 1642 confectis
1173 1599 1358 1643 libenter
1402 1599 1592 1643 audiui1.
1669 1599 1930 1642 Louaniensi

161 1662 351 1716 Collegio
385 1678 631 1706 successum
657 1665 730 1707 det
753 1665 949 1706 dominus
977 1665 1336 1718 quemadmodum
1370 1668 1415 1707 et
1437 1665 1677 1708 Leodiensi.
1723 1665 1787 1707 De
1810 1665 1930 1707 Colo-

162 1728 300 1769 niensi
346 1732 489 1771 autem
538 1730 640 1771 nihil
684 1730 952 1781 dubitainuS,
1000 1731 1124 1784 quina
1169 1730 1312 1785 aptior
1354 1733 1398 1773 et
1439 1730 1659 1773 decentior
1691 1729 1930 1784 quaedamb

161 1793 300 1836 forma
334 1794 511 1849 Collegij
555 1796 611 1838 sit
644 1796 897 1850 apparitura
930 1796 1050 1837 breui
1071 1796 1108 1846 2,
1152 1810 1247 1838 cum
1289 1796 1351 1838 ita
1384 1796 1567 1837 Romani
1599 1799 1748 1850 patres
1781 1795 1930 1838 decre-

160 1859 317 1902 uerint.
381 1860 578 1902 Audistis
610 1875 738 1915 porro
773 1862 824 1903 de
851 1861 1025 1914 Concilij
1050 1860 1292 1904 Tridentini
1326 1860 1649 1903 continuatione
1682 1861 1737 1903 ad
1770 1860 1929 1904 festum

159 1923 387 1967 Paschatis
410 1925 587 1967 futura³
607 1949 614 1956 ·
635 1940 806 1968 oremus
835 1926 1054 1968 dominum
1087 1930 1136 1969 vt
1166 1926 1247 1968 hoc
1275 1926 1389 1980 pium
1422 1927 1480 1980 pij
1514 1926 1647 1980 ponti.
1682 1925 1930 1968 institutum

160 1992 203 2031 et
248 1990 540 2032 necessarium
574 1991 796 2033 Ecclesiae
841 1991 1076 2033 remedium
1122 1991 1204 2034 rite
1245 1991 1465 2046 procedat.
1529 1991 1645 2033 Nam
1689 1990 1762 2044 alij
1808 1990 1930 2033 varia

157 2053 226 2096 hic
258 2057 459 2098 metuunt
496 2055 824 2110 impedimenta,
871 2070 981 2109 quae
1015 2057 1180 2099 Sathan
1225 2056 1339 2098 haud
1373 2055 1522 2098 dubie⁰
1561 2056 1685 2098 nobis
1726 2059 1928 2110 opponet,

157 2122 206 2162 vt
239 2120 389 2162 christi
431 2134 565 2174 regno
608 2121 885 2171 aduersetur‚
933 2125 976 2165 et
1018 2122 1110 2176 ipse
1151 2121 1313 2164 maiore
1357 2121 1531 2164 interim
1562 2120 1738 2164 licentia
1768 2123 1928 2176 pergat

156 2185 349 2238 grassari
370 2186 399 2227 4.

274 2250 489 2293 Mittimus
522 2254 725 2306 acceptas
768 2265 821 2293 ex
854 2252 961 2294 vrbe
1002 2251 1153 2294 literas
1194 2251 1329 2306 varijs
1371 2265 1393 2294 e
1434 2251 1542 2294 locis
1584 2252 1712 2294 datas
1743 2251 1926 2302 Quadri-

155 2318 339 2358 mestres
362 2319 411 2358 vt
432 2316 622 2359 habeant
644 2316 805 2359 fratres
839 2331 921 2371 quo
954 2331 1000 2359 se
1032 2319 1182 2359 mutuo
1206 2317 1483 2359 consolentur
1515 2319 1646 2370 atque
1670 2318 1926 2359 confirment

155 2379 197 2421 in
233 2380 405 2422 domino
439 2381 511 2434 qui
542 2384 632 2424 tam
666 2382 803 2425 multa
836 2385 880 2425 et
912 2396 1072 2435 magna
1104 2396 1181 2437 per
1204 2382 1467 2424 Societatem
1499 2381 1611 2424 hanc
1643 2381 1709 2423 sui
1741 2381 1925 2424 nominis

154 2445 317 2499 passim
351 2447 519 2500 operari
553 2446 770 2500 dignatur,
804 2450 854 2490 vt
884 2447 978 2502 pios
1012 2461 1160 2489 omnes
1193 2450 1343 2490 eterne
1374 2446 1560 2489 bonitati
1592 2446 1759 2500 gratias
1792 2460 1924 2499 agere

273 2596 287 2610 ²²
314 2591 397 2634 quia
426 2592 472 2625 H.
571 2591 586 2611 ¹³
612 2590 766 2635 quadam
794 2592 840 2624 H.
939 2597 950 2611 ⁰
977 2590 1106 2625 dubiae
1132 2591 1179 2624 K.

276 2725 285 2744 ¹
314 2723 509 2758 Goudanus
527 2726 681 2759 exeunte
700 2736 746 2758 111.
765 2723 959 2758 Novembri
980 2736 1011 2758 a.
1035 2724 1125 2760 1560
1152 2725 1245 2770 apud
1264 2724 1461 2759 Robertum
1488 2725 1530 2758 de
1549 2724 1688 2768 Bergis‚
1715 2725 1922 2770 episcopum

151 2776 379 2819 leodiensem,
407 2778 586 2820 effecerat,
615 2780 653 2812 ut
678 2777 709 2811 is
736 2777 927 2812 societatis
954 2777 1145 2822 collegium
1172 2789 1281 2822 quam
1307 2779 1461 2824 primum
1489 2778 1708 2812 constituere
1735 2779 1772 2812 et
1797 2777 1920 2812 dotare

152 2830 189 2864 in
215 2830 373 2864 animum
399 2831 586 2866 induceret
615 2831 778 2875 (Hans-en
804 2831 827 2865 l.
855 2843 883 2865 c.
911 2843 944 2876 p.
972 2831 1069 2874 376).

273 2884 286 2904 2
311 2883 476 2918 Formam
512 2884 600 2919 dicit
634 2885 759 2919 domus
794 2884 1005 2928 religiosae,
1041 2884 1119 2919 sive
1154 2885 1471 2919 constitutionibus
1498 2883 1690 2919 Societatis
1726 2894 1921 2918 accommo-

153 2936 295 2977 datam;
324 2937 406 2971 vide
433 2949 543 2982 supra
569 2950 602 2983 p.
631 2939 662 2972 6.
810 2939 822 2958 ³
849 2939 881 2972 6.
907 2937 1056 2982 Aprilis.

272 2991 285 3010 ‘²
312 2990 438 3024 Bullae
465 2991 671 3025 indictionis
698 2993 734 3025 et
752 2990 891 3026 Galliae
912 2991 1181 3036 Hispaniaeque
1206 3002 1311 3034 reges
1339 2992 1375 3025 et
1401 3001 1526 3024 caesar
1550 3001 1769 3034 magnopere
1795 2989 1921 3024 adver-

153 3042 336 3077 sabantur.
372 3043 497 3088 Neque
516 3046 600 3078 ante
619 3056 665 3078 m.
684 3044 819 3078 Maium
842 3044 929 3078 1561
950 3044 1197 3078 Ferdinandus
1216 3044 1254 3085 Ι.,
1282 3045 1365 3078 ante
1384 3043 1525 3077 Iunium
1546 3044 1633 3078 1561
1655 3041 1843 3087 Philippus
1862 3042 1918 3084 IL,

158 3096 198 3128 ut
224 3095 256 3128 ei
281 3095 385 3140 plene
412 3097 685 3139 assentirentur,
712 3097 863 3142 permoti
882 3098 967 3131 sunt
988 3096 1041 3140 (S.
1062 3097 1259 3141 Steinhew,
1285 3095 1644 3130 Nuntiaturberichte
1662 3106 1728 3130 aus
1746 3094 1921 3129 Deutsch-

160 3146 244 3181 land
273 3149 507 3184 1560—1572
533 3150 549 3184 Ι
577 3149 698 3194 [Wien
727 3150 844 3194 1897].
871 3149 1041 3194 xc—cv).
