2093 3444
656 152 668 166 Ι

341 175 508 218 Augusta
535 175 802 210 Vindelicorum
830 186 876 209 m.
903 175 1068 209 Ianuario
1095 175 1153 209 vel
1180 174 1282 209 initio
1308 175 1492 209 Februarii
1522 175 1623 209 1561.
1816 178 1868 218 31

101 293 278 340 referret,
310 306 359 330 ex
388 292 450 330 his
481 292 598 340 deligi
629 293 796 341 aliquem
825 293 873 329 ad
905 292 1209 329 conscribendas
1230 292 1463 329 Pontificum
1493 292 1609 330 uitas.
1649 292 1762 329 Nunc
1784 292 1870 330 Sec-

99 352 203 402 tarij,
235 365 334 401 quae
355 352 505 397 uolunt,
536 352 740 400 effingunt,
768 351 881 389 nobis
902 352 1018 401 plane
1040 351 1310 389 stertentibus.
1349 351 1507 388 -Judicet
1527 351 1871 388 Reuerendissima

100 413 147 450 D.
178 412 219 450 T.
250 411 440 461 quomodo
470 412 646 448 succurri
676 411 802 459 possit
831 424 909 448 non
938 411 1051 448 modo
1090 410 1291 460 praesenti
1330 411 1400 447 sed
1439 410 1555 448 etiam
1594 410 1773 459 sequenti
1801 411 1871 448 Ec-

102 471 258 516 clesiae,
288 470 345 508 ita
366 471 411 508 de
432 470 730 515 Cathechismis,
762 473 801 507 et
821 470 991 519 postillis
1018 483 1168 519 quoque
1199 469 1375 515 dixerim,
1407 470 1517 506 saluo
1547 482 1699 519 semper
1727 469 1871 507 iudicio

101 530 347 580 sapientium.
396 530 472 568 Sed
502 543 598 579 opus
628 530 744 579 plane
773 529 949 574 uidetur,
992 533 1035 566 ut
1065 530 1113 566 ad
1143 529 1257 567 huius
1296 528 1440 566 aetatis
1478 528 1668 566 rationem
1708 529 1871 566 docendi

100 591 237 627 modus
279 589 572 634 accomodetur,
616 589 847 638 praesertim
888 589 1006 638 quiass
1035 589 1087 636 [P]
1125 588 1217 626 noui
1258 588 1381 626 morbi
1419 601 1524 626 noua
1563 592 1774 637 expectant
1815 602 1871 625 re-

101 649 229 687 media
260 662 423 698 cumque
453 649 505 686 sit
535 649 612 685 alia
642 662 746 686 nunc
775 649 1032 697 ingeniorum,
1065 662 1179 697 quam
1210 648 1300 686 olim
1320 648 1519 686 habitudo.
1559 647 1719 685 Vtinam
1739 648 1870 685 Pont:

99 710 223 747 Max:
248 708 394 757 deligat
422 708 584 746 idoneos
614 708 720 745 uiros
751 708 799 745 ad
830 708 1037 746 scribenda
1066 708 1145 753 illa,
1177 721 1275 757 quae
1304 708 1429 745 lucem
1461 711 1500 744 et
1526 707 1777 744 Maiestatem
1808 708 1871 744 ad-

100 769 232 806 ferant
261 768 463 806 doctrinae
483 767 804 813 Ecclesiasticae‚
837 781 923 805 cum
952 771 1088 805 tantus
1116 768 1233 805 etiam
1255 768 1468 805 Doctorum
1490 770 1703 815 prouentus
1723 767 1871 816 passim

102 831 297 867 cernatur.
332 850 375 853 —
408 850 460 853 —

222 931 322 974 Quod
340 930 399 966 hic
415 931 580 966 Canisius
598 931 633 964 in
653 931 900 965 ecclesiastica
915 931 1076 965 doctrina
1094 931 1194 965 libris
1214 931 1437 965 defendenda
1456 933 1492 965 et
1508 930 1724 965 illustranda
1742 941 1873 963 novam

102 986 172 1019 iam
200 985 349 1019 docendi
374 985 549 1019 rationem
586 996 736 1028 eamque
763 985 806 1018 ad
834 984 890 1018 sui
916 985 1089 1029 temporis
1124 985 1269 1028 ingenia
1304 985 1607 1018 accommodatam
1636 983 1873 1018 adhibendam

103 1050 182 1073 esse
209 1038 428 1079 affirmavit,
456 1040 552 1072 certe
579 1038 723 1081 quidem
749 1038 854 1080 longe
882 1038 1025 1077 aberat,
1061 1040 1100 1072 ut
1126 1038 1202 1083 ipse
1229 1040 1390 1072 veterem
1417 1038 1514 1072 illam
1541 1050 1582 1072 ac
1608 1037 1873 1078 scholasticam,

102 1103 207 1136 quam
236 1093 387 1133 vocant,
422 1092 598 1125 rationem
635 1093 899 1132 contemneret3
935 1091 970 1125 id
1006 1092 1099 1135 quod
1126 1091 1185 1125 vel
1212 1104 1257 1125 ex
1283 1104 1323 1126 eo
1350 1091 1484 1135 liquet,
1520 1091 1612 1135 quod
1641 1094 1676 1125 et
1702 1090 1873 1124 Sanctum

101 1145 274 1180 Thomam
300 1145 529 1189 Aquinatem,¹
557 1145 855 1179 scholasticorum
878 1144 1086 1189 principem,
1113 1145 1346 1179 vehementer
1371 1145 1542 1186 laudavit,
1569 1147 1610 1178 ut
1634 1145 1670 1178 in
1688 1144 1779 1177 libro
1803 1142 1874 1186 „De

101 1199 217 1233 Maria
235 1198 386 1243 Virgine
413 1198 684 1243 incomparabili
712 1198 938 1243 [Ingolstadii
962 1198 1064 1242 1577]
1084 1199 1106 1232 l.
1129 1200 1157 1240 1,
1186 1210 1215 1232 c.
1237 1199 1300 1240 10;
1326 1199 1349 1233 l.
1368 1200 1401 1239 4,
1429 1211 1458 1233 o.
1479 1199 1533 1240 19,
1560 1211 1593 1242 p.
1613 1199 1668 1232 71.
1687 1198 1754 1231 467
1775 1196 1873 1240 etc.)‚

102 1255 138 1287 et
164 1252 355 1287 Societatis
381 1252 514 1286 fratres
541 1251 788 1293 scholasticos,
815 1253 856 1285 ut
881 1251 915 1285 in
944 1252 1020 1285 eius
1046 1252 1147 1286 libris
1174 1252 1366 1295 diligenter
1391 1254 1635 1295 versarentur,
1662 1251 1875 1285 exhortatus

102 1307 177 1347 est;
213 1318 294 1340 cum
321 1305 539 1340 scholastica
564 1307 687 1339 tamen
714 1305 852 1339 ratione
879 1305 1030 1339 alteram
1059 1305 1179 1347 illam,
1207 1306 1285 1339 sive
1312 1305 1525 1350 positivam,
1561 1305 1638 1339 sive
1665 1303 1873 1338 historicam

102 1370 180 1393 eam
208 1359 361 1400 dixeris,
397 1360 557 1394 studiose
592 1358 806 1404 copioseque
842 1358 1009 1401 coniungi
1037 1359 1200 1399 volebat3
1238 1359 1288 1392 ita
1316 1359 1409 1393 enim
1436 1359 1544 1392 etiam
1570 1358 1647 1403 ipse
1673 1360 1750 1391 tum
1784 1357 1874 1391 alios

99 1412 211 1447 libros
236 1415 314 1447 tum
339 1413 499 1447 maxime
525 1413 681 1457 grandes
708 1412 789 1447 illos
821 1412 1125 1455 „Commentarios
1151 1412 1193 1446 de
1220 1411 1329 1446 Verbi
1357 1412 1422 1446 Dei
1449 1412 1680 1456 corruptelis“
1712 1411 1874 1455 scripsit;

102 1468 210 1511 atque
236 1467 328 1502 hanc
354 1467 533 1501 rationem
557 1469 598 1501 ut
618 1467 883 1500 commendaret
910 1468 946 1500 et
971 1466 1123 1506 iuvaret,
1151 1467 1186 1499 et
1211 1466 1287 1511 ipse
1307 1466 1489 1511 complura
1507 1467 1712 1500 sanctorum
1731 1466 1874 1509 patrum

102 1521 237 1565 scripta
264 1521 299 1554 in
325 1520 442 1555 lucem
470 1520 607 1561 emisit,
636 1523 671 1554 et
697 1520 778 1554 aliis
804 1520 840 1553 in
866 1519 1050 1564 patribus,
1078 1520 1255 1560 conciliis,
1282 1519 1494 1554 Sanctorum
1521 1518 1701 1553 memoriis
1728 1517 1875 1552 edendis

101 1573 275 1608 auxilium
293 1574 446 1608 libenter
464 1574 587 1608 attulit
604 1574 791 1618 (Stimmen
810 1585 874 1607 aus
889 1573 1139 1607 Maria-Laach
1155 1573 1217 1607 LII
1234 1573 1422 1617 [Freiburg
1437 1574 1458 1607 i.
1474 1573 1513 1606 Β.
1532 1572 1646 1616 1897],
1669 1572 1740 1615 10).
1775 1571 1872 1613 „Ele-

101 1629 269 1671 gantem“
292 1640 432 1672 quoque
457 1628 687 1673 scriptionem
717 1627 795 1672 (pro
823 1627 953 1661 aetatis
979 1626 1086 1668 illius,
1114 1639 1206 1670 quae
1232 1627 1458 1661 resuscitatis
1477 1626 1612 1660 veteris
1638 1625 1874 1659 humanitatis

102 1680 301 1726 disciplinis
321 1681 552 1725 gloriabatur,
579 1681 732 1725 ratione)
754 1693 833 1714 eum
854 1680 1088 1721 desiderasse,
1117 1682 1152 1714 et
1170 1692 1215 1714 ex
1233 1692 1273 1714 eo
1291 1680 1525 1723 intellegitur,
1554 1679 1647 1724 quod
1665 1679 1771 1724 paulo
1790 1681 1874 1713 ante

107 1734 345 1777 „Censuram“
383 1735 484 1769 illam
521 1735 761 1769 coloniensem
795 1733 954 1768 nonnihil
991 1734 1240 1774 incusaverat,
1277 1734 1369 1778 quod
1405 1734 1481 1768 eius
1508 1735 1674 1767 auctores
1700 1732 1874 1766 sermonis

101 1800 233 1832 genere
268 1789 324 1822 usi
359 1791 483 1823 essent
517 1800 644 1834 parum
679 1788 790 1833 polito
819 1788 926 1831 (Can.
954 1788 1043 1832 Epp.
1071 1787 1122 1827 Π,
1151 1787 1256 1830 744),
1288 1789 1324 1821 et
1351 1786 1484 1821 Canisii
1510 1786 1642 1820 litteris
1672 1787 1724 1820 16.
1751 1786 1873 1820 Martii

103 1842 194 1876 1562
221 1842 266 1876 ad
293 1842 443 1876 Hosium
479 1842 573 1876 datis
608 1842 856 1884 confirmatur,
894 1841 931 1875 in
966 1841 1095 1885 quibus
1122 1840 1306 1875 Canisius:
1347 1840 1491 1883 „Sunt“,
1527 1841 1659 1884 inquit,
1702 1839 1803 1882 „boni
1839 1841 1875 1873 et

101 1895 297 1941 prudentes
323 1895 411 1942 uirj,
448 1897 508 1941 qui
533 1896 766 1930 uehementer
801 1897 944 1940 optent,
979 1897 1057 1929 tum
1084 1906 1129 1929 ex
1155 1894 1364 1928 Tridentina
1391 1894 1547 1939 synodo,
1582 1896 1659 1928 tum
1686 1905 1731 1927 ex
1756 1893 1874 1927 uicina

103 1949 216 1983 Jtalia
242 1961 354 1984 nouos
379 1962 446 1984 nec
471 1950 696 1994 inelegantes
722 1949 864 1994 prodire
890 1949 1095 1993 scriptores,
1124 1948 1185 1992 qui
1210 1949 1255 1982 ad
1280 1948 1451 1982 tuendam
1478 1947 1574 1982 sedis
1592 1947 1821 1992 Apostolicae
1839 1948 1875 1980 et

104 2002 287 2037 Ecclesiae
324 2003 531 2038 Catholicae
567 2003 782 2046 dignitatem
820 2014 906 2037 suas
941 2013 1068 2047 operas
1103 2002 1240 2036 locent“
1281 2003 1347 2036 etc.
1400 2002 1496 2035 Inter
1531 2001 1674 2035 litteras
1708 2001 1875 2044 Augusta

102 2055 252 2091 Romam
270 2057 402 2091 missas
429 2059 464 2091 et
489 2069 702 2102 responsum
720 2056 835 2090 Roma
852 2057 1055 2100 Augustam
1082 2055 1230 2089 allatum
1257 2055 1385 2089 saltem
1414 2057 1609 2099 quaternae
1634 2054 1875 2088 hebdomades

102 2110 325 2144 intercedere
351 2110 535 2152 solebant;
563 2110 608 2145 cf.
637 2111 725 2144 Can.
745 2110 834 2154 Epp.
861 2110 905 2151 ΙΙ,
932 2110 1013 2144 414.
1040 2110 1121 2143 421.
1140 2109 1220 2143 425.
1247 2109 1328 2143 476.
1346 2109 1427 2143 495.
1447 2109 1515 2143 672
1535 2111 1601 2142 etc.
1642 2107 1758 2150 Quare
1784 2108 1875 2142 satis

103 2165 242 2197 certum
269 2165 334 2205 est,
360 2164 522 2205 litteras,
559 2163 688 2208 quibus
717 2163 900 2205 Canisius,
936 2175 1028 2207 quae
1055 2162 1140 2197 Otto
1167 2163 1211 2197 ad
1236 2162 1329 2196 hanc
1356 2161 1546 2207 epistulam
1573 2161 1604 2196 ei
1630 2161 1874 2206 responderat,

104 2228 184 2251 cum
211 2216 322 2252 Hosio
349 2217 646 2258 communicabat,
673 2220 756 2251 ante
783 2229 828 2251 m.
855 2217 1060 2251 Ianuarium
1088 2228 1118 2250 a.
1148 2216 1236 2251 1561
1266 2216 1369 2250 datas
1394 2228 1464 2250 non
1490 2227 1579 2250 esse.

224 2275 323 2317 Quae
348 2277 492 2319 Hosius,
521 2277 697 2317 Canisius‚
725 2277 784 2311 alii
813 2277 855 2310 de
883 2276 1131 2310 ecclesiastica
1157 2275 1306 2310 historia
1332 2275 1466 2309 Romae
1492 2287 1555 2320 per
1580 2274 1679 2309 viros
1706 2275 1829 2308 doctos
1854 2285 1875 2308 a

106 2329 396 2364 Centuriatorum
433 2330 751 2376 depravationibus
777 2329 993 2364 vindicanda
1028 2331 1263 2370 monuerunt,
1298 2329 1429 2363 ibidem
1464 2328 1629 2372 neglecta
1666 2340 1735 2362 non
1770 2329 1874 2368 sunt;

103 2395 187 2417 nam
213 2383 352 2418 Alanus
379 2383 517 2429 Copus,
552 2384 724 2418 basilicae
751 2383 784 2418 S.
812 2383 913 2417 Petri
939 2384 1129 2417 vaticanae
1156 2383 1366 2425 canonicus,
1402 2382 1579 2416 adversus
1606 2381 1874 2416 Centuriatores

104 2437 327 2481 Harpsfeldii
357 2437 548 2482 „Dialogos
575 2449 640 2472 sex
667 2440 791 2471 contra
817 2436 947 2471 summi
978 2437 1264 2482 pontificatus..
1286 2464 1291 2470 .
1320 2435 1605 2481 oppugnatores“
1638 2435 1875 2479 (Antverpiae

107 2490 209 2525 1566.
239 2490 345 2535 1573)
384 2491 592 2535 evulgavit3
629 2493 738 2535 atque
773 2491 949 2525 adversus
982 2490 1125 2524 eosdem
1152 2490 1286 2524 Romae
1313 2489 1339 2523 F
1342 2489 1527 2523 ranciscus
1553 2488 1751 2523 Turrianus
1779 2487 1812 2522 S.
1840 2488 1874 2522 J.

110 2544 200 2587 „Pro
218 2544 414 2579 canonibus
432 2544 686 2589 Apostolorum
706 2572 712 2579 .
733 2572 739 2579 .
761 2571 767 2578 .
786 2543 898 2578 libros
916 2543 1092 2588 quinque“
1115 2543 1333 2587 (Florentiae
1354 2543 1454 2577 1572,
1490 2542 1658 2577 Coloniae
1679 2542 1769 2576 1575
1788 2540 1872 2584 etc.)

107 2599 142 2632 et
168 2597 374 2642 Onuphrius
400 2597 599 2632 Panvinius
627 2598 667 2632 O.
695 2598 753 2632 Er.
782 2597 816 2631 S.
836 2598 930 2640 Aug.
961 2597 1033 2639 „De
1058 2597 1215 2642 primatu
1240 2596 1339 2630 Petri
1360 2624 1366 2631 .
1388 2624 1393 2630 .
1415 2623 1422 2631 .
1440 2596 1550 2630 libros
1576 2596 1670 2630 tres“
1697 2595 1875 2639 (Veronae

109 2651 210 2686 1589.
238 2651 401 2685 Venetiis
430 2651 518 2685 1591
548 2650 632 2695 etc.)
662 2651 973 2696 conscripserunt,
1008 2653 1049 2685 ut
1075 2651 1118 2685 de
1144 2650 1245 2692 aliis,
1280 2661 1370 2695 quos
1397 2651 1542 2683 Schmid
1566 2649 1589 2683 l.
1617 2661 1646 2683 c..
1673 2661 1706 2694 p.
1734 2647 1874 2683 80—83

106 2706 289 2743 recenset,
325 2715 367 2738 ac
401 2704 444 2738 de
481 2704 623 2739 Canisio
659 2704 736 2750 ipso
771 2707 930 2745 taceam,
968 2704 1045 2748 qui,
1081 2716 1102 2738 a
1128 2703 1258 2738 Sancto
1286 2704 1350 2737 Pio
1374 2703 1418 2737 V.
1456 2705 1577 2737 contra
1605 2702 1875 2737 Centuriatores

107 2757 264 2792 scribere
290 2757 420 2799 iussus,
451 2757 756 2800 „Commentarios
782 2758 824 2792 de
850 2757 961 2792 Verbi
986 2757 1052 2791 Dei
1078 2757 1311 2802 corruptelis“
1344 2756 1525 2801 (Dilingae
1553 2756 1656 2790 1571.
1685 2755 1785 2789 1572.
1821 2754 1874 2788 In-

107 2811 276 2855 golstadii
314 2810 403 2845 1577
440 2811 523 2855 etc.)
561 2811 681 2846 edidit.
733 2810 829 2852 Quos
864 2822 1005 2853 omnes,
1040 2812 1080 2845 ut
1114 2813 1239 2845 notum
1274 2812 1347 2852 est,
1382 2810 1488 2854 longe
1522 2808 1710 2854 superavit
1742 2808 1876 2842 Caesar

108 2864 302 2905 Baronius,
346 2863 503 2898 Oratorii
545 2864 683 2898 romani
723 2864 934 2910 presbyter,
982 2876 1063 2898 cum
1105 2864 1227 2898 Sancti
1266 2863 1424 2909 Philippi
1461 2862 1560 2897 Nerii
1602 2863 1747 2896 hortatu
1787 2861 1874 2895 Cen-

107 2917 212 2951 turiis
247 2916 448 2951 immortale
482 2917 570 2951 illud
601 2917 813 2960 „Annalium
840 2917 1194 2952 Ecclesiasticorum“
1232 2928 1320 2962 opus
1349 2916 1498 2960 (Romae
1527 2916 1758 2950 1588-1607
1787 2914 1870 2958 etc.)

109 2970 285 3016 opposuit.

227 3115 242 3130 ³
267 3110 328 3144 Vel
353 3109 532 3154 quoniam.
