2093 3444
235 182 319 223 334
458 180 536 214 644.
573 178 780 224 Alphonsus
806 178 992 213 Salmeron
1019 177 1172 212 canisio.
1215 176 1328 211 Roma
1354 176 1410 211 20.
1438 176 1647 211 Decembris
1675 177 1776 212 1561.

232 313 333 340 cara.
376 298 511 340 anche
552 297 595 339 di
635 297 818 340 mandar
860 295 962 338 altri
1003 310 1174 350 sempre
1213 295 1290 337 che
1332 294 1370 336 ci
1411 295 1476 337 sia
1517 295 1559 337 la
1600 295 1880 346 commodita‚
1923 309 2001 351 per

230 363 442 406 sodisfare
475 363 516 404 al
549 377 674 405 meno
707 362 750 403 in
782 363 925 403 buona
948 363 1073 415 parte
1106 361 1190 402 allo
1224 359 1366 414 obligo
1400 360 1477 402 che
1510 374 1535 402 a
1567 375 1645 403 sua
1667 360 1853 403 Maiesta
1884 360 2001 404 tiene

229 430 271 471 la
305 428 572 483 Compagnia
586 434 612 471 ³.

347 513 604 554 Prouinciae
646 512 696 553 B.
740 511 785 552 V.
823 510 1116 566 philosophiae
1161 515 1195 550 et
1240 510 1473 551 litterarum
1514 524 1767 564 qraecarum
1808 511 2003 564 maqz’strz·

229 579 458 619 mittentur.

347 653 446 695 Non
490 653 525 694 si
568 655 590 694 e
623 654 825 694 mancato
869 651 920 693 de
963 650 1275 692 raccomandar
1317 652 1343 692 a
1376 650 1456 692 Dio
1498 649 1637 703 (come
1678 650 1721 692 la
1753 650 1930 693 Charita
1961 650 2002 693 lo

227 719 440 771 ricercha)
482 720 607 760 tanto
652 717 682 758 il
723 716 770 759 P.
804 717 975 763 Luca1,
1022 717 1184 768 quanto
1228 714 1258 756 il
1301 715 1347 758 P.
1383 715 1508 757 Carlo
1549 714 1702 769 grin2‚
1746 715 1787 757 di
1830 715 1896 757 cui
1937 715 2002 757 in-

229 784 510 838 dispositione
544 782 829 824 desideriamo
863 795 1016 836 sapere
1049 795 1094 822 se
1127 780 1163 822 si
1195 795 1300 822 sono
1332 780 1505 831 riauuti,
1541 783 1564 821 o
1597 794 1666 824 no,

352 850 621 904 Oenipoutem
655 854 750 890 ante
780 849 1019 904 prettinave
1053 862 1124 888 ‘ver
1155 847 1296 889 Socios
1327 847 1424 888 hinc
1460 847 1621 888 mittere
1653 861 1735 888 22072
1763 860 2001 902 possumus.

233 916 284 958 R.
320 916 364 957 V.
399 917 504 968 istic.
539 928 639 970 qnos
673 928 716 955 eo
750 914 897 965 mittat,
934 914 1018 953 iam
1050 917 1183 966 paret.
1242 911 1297 953 Se
1329 911 1524 966 piacesse
1557 913 1582 953 a
1614 911 1696 953 Dio
1728 910 1942 965 toglierne
1973 911 2001 954 il

234 981 280 1023 P.
315 980 462 1030 Carlo,
505 993 590 1020 non
624 978 848 1032 sappiamo
892 977 959 1019 chi
1000 977 1112 1019 altro
1154 977 1361 1019 mandare
1402 990 1480 1031 per
1512 976 1694 1019 Rettore
1734 990 1806 1019 ma
1842 977 2005 1019 hauera

236 1045 426 1100 piaciuto
460 1047 485 1087 a
518 1044 598 1087 Dio
631 1043 859 1086 restituirli
892 1043 933 1084 la
967 1043 1110 1084 sanita
1142 1055 1219 1096 per
1252 1056 1330 1084 sua
1363 1042 1501 1095 gloria
1517 1043 1545 1085 3.

355 1111 408 1153 Se
441 1112 498 1152 fin
532 1110 686 1152 adesso
720 1123 803 1150 non
836 1108 871 1149 si
906 1110 927 1150 e
959 1108 1166 1150 mandato
1199 1121 1326 1149 uerso
1368 1109 1534 1150 coteste
1567 1107 1707 1150 bande
1739 1107 1869 1149 niuno
1903 1107 2004 1150 delli

233 1176 403 1219 bohemi
437 1176 515 1218 che
549 1175 619 1230 qui
652 1189 778 1224 sono,
823 1175 844 1215 e
877 1176 994 1215 stato
1028 1173 1185 1227 perche
1227 1187 1311 1215 non
1354 1186 1485 1215 erano
1519 1187 1678 1225 ancora
1710 1172 1891 1224 maturi,
1934 1187 2004 1215 ma

233 1242 305 1296 gia
339 1242 605 1284 cominciano
639 1243 664 1282 a
696 1254 802 1294 poco
836 1242 859 1281 a
894 1253 1000 1293 poco
1035 1241 1059 1281 a
1093 1238 1339 1289 maturarsi,
1375 1241 1419 1281 et
1450 1238 1566 1280 forse
1600 1240 1625 1280 a.
1658 1240 1812 1292 questa
1843 1238 2005 1293 prima-

232 1322 338 1350 uera
369 1322 416 1349 se
449 1321 502 1348 ne
534 1306 745 1348 mandara
777 1304 1020 1358 qualchuno
1054 1318 1180 1346 uerso
1213 1304 1470 1357 Alemagna.

354 1373 434 1415 Gia
475 1373 501 1414 l'
526 1373 639 1414 altra
681 1371 915 1413 settimana
957 1370 990 1412 si
1035 1369 1323 1411 cominciorno
1369 1383 1394 1410 a
1436 1369 1644 1411 mandare
1685 1368 1827 1411 alcuni
1864 1367 2004 1410 luochi

233 1438 415 1480 correcti
450 1438 517 1480 del
541 1436 728 1479 Concilio
752 1435 986 1490 ephesino4
1012 1470 1019 1477 .
1045 1439 1088 1477 et
1122 1435 1237 1477 forse
1260 1434 1392 1488 hoggi
1427 1448 1472 1476 se
1505 1448 1559 1476 ne
1581 1434 1792 1476 mendara
1824 1434 2006 1487 qualche

233 1504 359 1554 altro,
395 1507 439 1546 et
472 1517 557 1545 non
589 1502 622 1543 si
647 1504 731 1556 puo
765 1515 936 1543 correre
969 1500 1040 1555 piu
1074 1500 1117 1542 in
1150 1500 1285 1542 fretta
1312 1513 1390 1554 per
1422 1499 1592 1541 diuerse
1626 1513 1754 1541 cause
1789 1534 1797 1542 .
1831 1513 1916 1540 non
1948 1498 2005 1540 mi

233 1573 351 1612 resta
385 1570 497 1611 altro
531 1568 607 1610 che
641 1567 760 1609 direb
791 1567 833 1608 in
868 1569 1044 1619 questa,
1088 1580 1133 1607 se
1165 1579 1250 1607 non
1283 1565 1351 1606 inc
1385 1563 1446 1619 [2³]
1489 1563 1840 1607 raccomandarci
1872 1564 2006 1607 molto

236 1715 531 1759 quotiescumque
568 1712 750 1747 commode
778 1713 992 1757 poterimus,
1028 1711 1121 1745 istuc
1148 1711 1309 1752 mittere,
1346 1712 1387 1745 ut
1412 1710 1595 1745 maiestati
1621 1721 1727 1752 suae,
1762 1709 1817 1744 cui
1845 1709 2006 1745 Societas

236 1770 377 1802 tantum
405 1767 520 1807 debet,
547 1766 674 1800 saltem
702 1765 927 1809 aliquantum
955 1764 1233 1799 satisfaciamus.

353 1839 564 1872 Γνουῐησῐαρ
588 1837 682 1881 [ρει-Ἰ
712 1841 746 1870 ut
772 1836 918 1880 supra]

353 1902 431 1937 Non
458 1902 642 1936 omisimus
669 1901 742 1935 Deo
771 1901 821 1945 (id
849 1900 942 1945 quod
969 1900 1102 1934 caritas
1129 1898 1258 1943 exigit)
1287 1901 1361 1933 tam
1388 1898 1427 1933 P.
1455 1898 1612 1933 Lucam¹
1639 1909 1747 1943 quam
1773 1898 1811 1934 P.
1841 1898 2006 1934 Carolum

236 1956 361 1991 Grim²
388 1955 658 1996 commendare;
695 1955 755 1999 qui
782 1956 901 1988 utrum
929 1966 973 1988 ex
1000 1953 1268 1988 infirmitatibus
1295 1951 1543 1987 convaluerint
1567 1964 1699 1994 necne,
1733 1952 1903 1987 certiores
1929 1952 2006 1987 fieri

234 2010 408 2056 cupimus.

359 2065 580 2106 Oem'Jmntem
619 2062 722 2106 [elc.‚
763 2067 797 2095 ut
835 2062 980 2105 supra]
1033 2060 1166 2102 Quodsi
1204 2060 1297 2094 forte
1331 2059 1405 2094 Deo
1443 2058 1619 2104 placuerit
1653 2058 1692 2093 P.
1721 2058 1885 2093 Carolum
1924 2059 2005 2094 inde

237 2118 397 2159 auferre,
437 2128 541 2161 quem
579 2115 686 2150 alium
715 2115 836 2149 eodem
873 2115 1061 2148 mittamus
1087 2116 1261 2148 rectorem
1298 2113 1497 2154 nescimus3
1535 2112 1597 2146 sed
1623 2123 1810 2157 speramus
1835 2112 1928 2155 fore,
1965 2114 2006 2147 ut

236 2171 334 2205 Deus
360 2170 550 2204 sanitatem
580 2170 621 2204 ei.
649 2169 784 2212 gloriae
812 2169 924 2213 ipsius
947 2167 1220 2213 amplificandae
1240 2166 1368 2211 gratia,
1395 2166 1590 2200 clementer
1606 2165 1796 2200 restituere
1814 2165 1971 2200 voluerit
1982 2166 2005 2200 ³.

356 2224 454 2265 Quod
482 2235 585 2257 nemo
612 2223 729 2257 adhuc
755 2234 800 2256 ex
819 2222 996 2261 Bohemis,
1023 2222 1083 2265 qui
1107 2220 1164 2255 hic
1191 2223 1285 2261 sunt,
1312 2221 1346 2254 in
1373 2219 1537 2262 regiones
1562 2219 1652 2253 istas
1678 2219 1809 2253 missus
1835 2221 1900 2260 est,
1926 2218 2005 2253 ideo

234 2290 304 2312 non
330 2279 415 2312 sunt-
439 2277 559 2318 missi,
595 2276 679 2321 quia
705 2275 837 2310 maturi
872 2275 1027 2309 nondum
1055 2276 1175 2315 erant;
1211 2274 1273 2309 sed
1300 2273 1370 2308 iam
1397 2272 1569 2318 paulatim
1605 2272 1851 2306 maturitatem
1878 2283 2005 2318 capere

234 2331 428 2376 incipiunt;
455 2334 491 2364 et
516 2330 672 2364 fortasse
698 2329 763 2363 hoc
791 2341 875 2363 vere
902 2328 1032 2372 aliquis
1060 2340 1180 2362 eorum
1209 2326 1437 2362 Germaniam
1463 2337 1592 2360 versus
1616 2326 1790 2359 mittetur.

354 2383 584 2418 Hebdomade
611 2383 794 2428 superiore
820 2383 890 2416 iam
918 2382 995 2416 loca
1022 2381 1159 2426 aliquot
1185 2380 1325 2416 concilii
1352 2379 1512 2425 ephesini
1538 2379 1722 2413 correcta⁴
1750 2378 1843 2413 istuc
1861 2377 2004 2414 mittere

235 2438 426 2483 coepimus,
454 2439 490 2471 et
507 2437 661 2471 fortasse
680 2436 784 2470 hodie
811 2435 947 2480 aliquot
965 2435 1035 2469 alia
1053 2435 1249 2469 mittemus.
1286 2433 1482 2476 Quominus
1500 2434 1619 2466 autem
1638 2432 1756 2475 magis
1773 2442 2004 2476 properemus

235 2493 271 2525 et
296 2491 518 2532 festinemus,
547 2490 647 2524 varia
674 2489 883 2534 impediunt.
923 2489 1048 2533 Neque
1073 2488 1142 2522 iam
1172 2487 1279 2529 aliud,
1308 2485 1398 2531 quod
1426 2485 1461 2520 in
1487 2485 1543 2520 his
1570 2484 1701 2519 litteris
1727 2484 1852 2526 dicam,
1879 2484 2004 2526 habeo,

354 2619 367 2634 ³
394 2615 435 2648 Ut
461 2617 525 2646 aut
549 2615 601 2646 sm
628 2614 844 2656 corriyatnr,
871 2616 934 2644 aut
960 2612 1120 2654 levatur.-
1155 2609 1220 2644 che
1246 2609 1281 2643 la
1309 2607 1529 2653 Compagnia
1554 2607 1650 2641 tiene
1677 2617 1698 2640 a
1722 2606 1795 2649 [vel
1820 2605 1914 2650 alla]
1938 2617 2004 2640 sua

234 2667 400 2711 Maiesta,
427 2678 483 2700 res
509 2668 588 2709 ‘ipsa
614 2667 743 2709 exz‘yit:
769 2665 833 2699 che
860 2676 925 2699 sua
951 2663 1107 2698 Maiesta
1133 2663 1229 2697 tiene
1255 2662 1328 2697 alla.
1355 2660 1576 2706 compagnia
1601 2672 1659 2704 ap.

353 2720 368 2740 b
395 2720 486 2754 altro
513 2719 578 2753 che
605 2719 681 2753 dire
707 2718 799 2752 altro
826 2730 884 2761 ap.

357 2780 368 2794 ⁰
394 2775 455 2808 Sic
481 2785 562 2817 ap.;
587 2773 647 2806 sed
672 2772 708 2806 in
733 2777 794 2805 aut
821 2773 1007 2805 delendum
1032 2775 1094 2805 aut
1120 2772 1160 2804 in
1186 2769 1211 2804 il
1236 2770 1448 2803 mutandum
1473 2769 1621 2802 videtur.

358 2897 366 2916 ¹
393 2894 609 2929 Molitorem.
709 2893 723 2914 ²
748 2893 839 2927 Vide
865 2903 976 2937 supra
1005 2904 1039 2937 p.
1068 2891 1147 2927 309.

356 2949 369 2968 ³
394 2948 494 2982 Haec
519 2947 630 2981 verba
656 2946 860 2987 ostendunt,
887 2945 927 2979 P.
948 2944 1115 2979 Carolum
1134 2943 1234 2979 Grim
1263 2943 1385 2988 (quem
1412 2943 1443 2977 3.
1467 2942 1677 2977 Decembris
1702 2953 1721 2976 e
1746 2941 1824 2976 vita
1848 2940 2002 2976 cessisse

237 3001 422 3036 Salmeron
448 3001 604 3035 nondum
631 3000 870 3043 cognoverat;
897 2998 979 3032 vide
1005 3009 1114 3043 supra
1139 3009 1172 3042 p.
1198 2996 1282 3040 327)
1310 2997 1462 3041 primum
1490 2996 1640 3039 collegio
1666 2995 1903 3040 oenipontano
1927 3005 2002 3028 rec-

235 3056 350 3089 torem
385 3054 604 3089 destinatum
639 3053 764 3087 fuisse.
814 3052 934 3096 Atque
968 3051 1063 3086 idem
1097 3051 1133 3085 in
1161 3050 1287 3085 Grimii
1313 3048 1510 3093 *‚,Elogio“
1550 3048 1644 3083 haud
1670 3046 1781 3081 multo
1807 3048 1889 3092 post
1913 3058 1934 3081 a
1960 3045 2000 3081 P.

236 3109 371 3142 Ioanne
395 3108 531 3152 Dyrsio
556 3106 591 3141 S.
618 3107 649 3141 J.
678 3105 880 3150 conscripto
907 3104 1082 3139 asseritur
1110 3103 1210 3147 (Cod.
1241 3102 1304 3145 „G.
1332 3102 1395 3147 Ep.
1423 3101 1475 3135 ΙΙἰ
1505 3102 1530 3136 f.
1557 3099 1677 3145 3571)).

357 3162 371 3181 4
396 3160 487 3195 Vide
513 3171 624 3205 supra
653 3171 687 3204 p.
714 3158 913 3194 302—303.
941 3158 1021 3192 323.
