2093 3444
283 240 438 274 Monum.
469 239 700 283 (augustana)
730 241 809 275 2:33.
839 240 885 279 (A
912 252 957 274 m.
983 240 1078 274 Maio
1104 241 1148 274 ad
1175 240 1419 285 Septembrem
1450 241 1565 284 1561.)
1729 242 1811 284 597

867 358 997 399 233.

587 447 616 483 A
641 457 688 483 m.
715 446 807 484 Maio
834 446 880 483 ad
907 447 1156 494 Septembrem
1183 447 1268 484 1561.

168 533 223 566 Ex
249 531 465 577 apographo,
494 533 615 566 eodem
642 535 802 577 tempore
829 532 864 566 in
892 533 993 566 domo
1013 533 1045 567 S.
1067 534 1099 568 J.
1127 535 1329 576 augustana
1356 545 1400 567 ex
1419 533 1613 578 archetypo
1633 532 1813 576 exscripto

49 588 83 620 et
110 586 153 619 ad
181 585 302 619 Socios
328 596 493 619 romanos
519 585 639 619 misso.
693 585 775 619 Cod.
807 585 870 627 „G.
897 585 962 630 Ep.
990 586 1053 620 lI.“
1085 587 1108 621 f.
1140 587 1378 621 1182—11921.

168 639 314 673 Litteris
340 638 396 672 usi
422 641 506 673 sunt
534 640 740 682 Sar-chinus,
769 638 853 673 Can.
881 651 914 683 p.
944 640 1020 673 17:23.
1052 640 1127 674 174.
1159 640 1354 681 177—181‚
1382 642 1417 673 et
1436 640 1560 682 Βοενο,
1589 638 1673 673 Can.
1694 650 1725 683 p.
1745 637 1814 672 228

48 692 92 726 ad
119 692 198 726 229.
226 692 305 726 234.

171 768 309 801 Canise'e?
343 769 564 801 contionibus·
598 769 701 801 1111ιῖΐί
735 769 782 801 ad
815 769 915 810 fidene
953 774 1214 803 conrertantmx
1267 770 1501 803 Sacramenta
1525 770 1812 812 frequentantur.

48 823 233 855 Exere-itia.
258 822 465 864 spiritualia
492 833 617 865 rmusmo
644 833 721 855 enm
744 822 867 864 fracta
894 823 1101 856 tradantur.
1153 823 1381 856 Monasteria.
1430 823 1665 856 Protestantes
1691 826 1812 855 contra

50 876 199 908 Iesuitas
224 875 429 908 declamant.
485 875 747 908 Catholc'eoram
774 876 947 914 (maxime
973 876 1129 918 Sibyllae
1155 876 1358 919 Fuyyerae)
1388 876 1637 919 precantium,
1672 885 1811 907 smnunn

48 932 216 962 ornatam
241 928 607 971 subministratefinnt7
640 930 762 971 stipem
782 928 1003 970 pauperibus
1029 929 1194 961 ‹lmztinnz
1213 930 1339 971 pletas.
1390 929 1586 972 beinitas
1611 929 1813 970 reflorescit.

55 982 195 1024 Templa
223 982 487 1015 instaurantur.
539 982 687 1023 Aeyroti
712 983 893 1014 iurantur.
946 982 1164 1015 Accam-risen·
1198 983 1245 1013 aa(
1271 983 1457 1016 Sociorum
1488 983 1613 1015 missas
1648 986 1676 1014 et
1710 992 1814 1013 sacra

48 1035 259 1069 tribunalia.
295 1036 393 1068 Socii
407 1036 644 1077 fenerationes
664 1034 875 1077 improbant,
895 1034 1137 1067 cateehisnnnn
1156 1036 1342 1078 eoeplicant.
1378 1036 1464 1078 Spes
1482 1036 1628 1078 colleffl'i.
1664 1035 1813 1076 Quidam

50 1089 280 1122 oblocutionis
299 1099 448 1131 poenam
477 1089 554 1121 luit.

168 1171 216 1212 P.
245 1172 498 1212 Gzassle'elmus
521 1171 707 1212 Elderen
730 1171 772 1212 S.
798 1170 839 1212 J.
868 1172 909 1211 in
943 1172 1093 1212 litteris
1125 1172 1505 1225 anaclre'mestre'l)ns
1533 1172 1681 1212 domus
1703 1172 1746 1213 S.
1770 1171 1813 1212 J.

51 1241 336 1291 athzcstanao,
388 1237 632 1290 „Aezqzcstae
676 1270 684 1278 .
727 1236 871 1277 Mense
910 1235 1144 1290 Septemhijj
1175 1271 1183 1278 .
1217 1235 1492 1278 MDLle‘
1541 1237 1678 1277 datis:
1722 1235 1815 1276 Hoc

49 1300 242 1354 quidem,
287 1302 443 1356 inquit,
499 1299 698 1354 proximo
743 1299 1049 1353 quadrimestri
1089 1303 1285 1355 tempore
1323 1303 1371 1343 ut
1413 1300 1604 1344 breuiter
1645 1300 1698 1343 de
1739 1300 1812 1341 illo

49 1366 263 1409 rationem
304 1365 558 1416 reddamus,
604 1379 701 1407 011111
733 1365 988 1407 Reuerendo
1022 1365 1068 1408 P.
1103 1365 1271 1407 Canisio
1304 1365 1350 1408 P.
1386 1366 1610 1408 Hurtadus
1652 1369 1696 1408 et
1735 1379 1815 1419 ego

49 1431 277 1485 Augustae
317 1430 519 1472 viximus,
552 1465 559 1473 .
594 1465 601 1472 .
656 1430 893 1472 Conciones
934 1430 1107 1473 Patris1
1153 1430 1382 1472 Domino
1428 1431 1814 1485 cooperante&

48 1496 239 1538 fructum
271 1495 340 1538 hic
380 1496 602 1549 ingentem
644 1495 870 1545 adferunt,
914 1509 1040 1548 quem
1073 1495 1232 1549 partim
1272 1495 1444 1538 illorum
1486 1496 1558 1549 qui
1591 1496 1816 1538 docentem

48 1561 236 1604 libenter
267 1561 470 1612 audiunt,
506 1561 697 1603 ostendit
728 1560 1012 1613 frequentia³‚
1047 1561 1206 1615 partim
1239 1561 1364 1603 docet
1395 1561 1712 1615 Neophitorum
1746 1560 1817 1614 qui

50 1628 104 1669 ab
126 1626 268 1669 heresi
301 1627 355 1668 ad
378 1625 619 1668 Ecclesiam
652 1626 835 1668 redeunt
863 1626 1176 1680 resipiscentia,
1211 1626 1371 1680 partim
1402 1625 1575 1668 illorum
1596 1625 1816 1680 profectus

49 1694 241 1735 testatur
273 1691 345 1745 qui
377 1705 490 1733 nunc
522 1691 696 1745 saepius
729 1694 773 1734 et
800 1690 1049 1744 diligentius
1074 1705 1203 1744 quam
1236 1694 1338 1734 ante
1370 1691 1451 1733 hac
1482 1705 1683 1744 unquam,
1719 1704 1816 1745 pre-

50 1757 201 1800 sertim
244 1757 393 1799 diebus
435 1757 582 1807 festis,
629 1757 683 1798 ad
725 1756 884 1798 Sacrae
916 1756 1208 1798 Confessionis
1249 1759 1293 1799 et
1335 1755 1653 1798 Communionis
1693 1771 1816 1798 usum

51 1823 324 1876 frequentem
357 1822 582 1864 accedunt.
647 1821 755 1863 Tum
789 1821 982 1864 studiose
1015 1824 1170 1864 curant
1201 1821 1428 1871 Catholici,
1463 1824 1511 1864 ut
1544 1823 1741 1864 errantes
1774 1824 1817 1863 et

52 1888 203 1930 dubios
245 1887 287 1930 in
320 1888 404 1930 fide
435 1887 659 1942 pelliciant
701 1887 755 1929 ad
787 1887 933 1930 Patris
972 1887 1220 1937 conciones,
1265 1887 1376 1940 quod
1419 1887 1527 1929 satis
1566 1886 1817 1940 intelligant

49 1953 164 1995 illius
197 1953 394 1996 doctrina
434 1952 571 1995 ueluti
602 1953 793 2007 presentj
834 1953 951 2004 luce,
996 1952 1289 1995 Sectariorum
1320 1952 1525 1994 tenebras
1556 1952 1733 1994 fraudes
1775 1955 1819 1994 et

51 2021 170 2061 artes
202 2021 406 2073 potenter
439 2018 586 2071 detegi
628 2021 759 2071 atque
799 2017 1037 2072 profligari.
1101 2017 1263 2060 Multos
1304 2017 1576 2059 exercuimus
1616 2017 1660 2058 in
1692 2017 1818 2071 spiri-

50 2085 242 2127 tualibus
285 2083 663 2135 meditationibus,
713 2097 947 2137 earumque
990 2083 1077 2125 uim
1123 2083 1386 2136 singularem
1431 2086 1475 2125 et
1519 2082 1817 2124 admirabilem

51 2149 243 2204 experti,
288 2164 375 2192 non
415 2149 676 2191 incelebrem
718 2149 770 2191 de
811 2149 877 2190 his
921 2163 1137 2191 rumorem
1181 2151 1448 2202 sparserunt.
1511 2148 1597 2202 Alij
1643 2148 1696 2190 ab
1738 2148 1818 2190 1100

53 2215 386 2258 meditationum
418 2214 621 2257 instituto
655 2213 800 2256 nescio
831 2214 1043 2268 quomodo
1077 2217 1246 2264 cauent‚
1281 2216 1325 2256 et
1357 2215 1563 2255 auertunt
1594 2213 1715 2264 alios,
1748 2215 1818 2256 ut-

50 2283 152 2335 pote
184 2282 430 2323 metuentes
462 2279 567 2321 1111111
599 2279 739 2333 magis
762 2294 892 2333 quam
915 2294 992 2334 per
1022 2279 1120 2321 illas
1152 2279 1258 2330 fore,
1293 2282 1341 2321 ut
1374 2282 1549 2322 assueta
1581 2278 1818 2320 communis

50 2346 170 2389 vitae
201 2345 378 2388 licentia
412 2359 506 2387 cum
530 2345 791 2399 perfectiore
823 2345 997 2387 uiuendi
1019 2358 1179 2399 genere
1210 2344 1253 2385 in
1285 2343 1480 2398 plurimis
1514 2346 1816 2387 commutetur.

50 2411 214 2454 Vident
255 2411 367 2453 enim
409 2410 453 2452 in
491 2410 708 2452 nonnullis
749 2410 1117 2453 mutationem
1154 2410 1402 2452 Dextrae
1440 2409 1521 2451 Dei
1562 2408 1816 2459 excelsiss,

51 2477 125 2531 qui
155 2477 310 2519 harum
351 2475 682 2519 meditationum
723 2490 802 2518 usu
835 2476 965 2530 longe
1006 2475 1078 2530 alij
1113 2489 1242 2529 quam
1274 2474 1393 2529 prius
1434 2488 1530 2516 esse
1568 2477 1816 2529 coeperunt,

50 2544 282 2597 postquam
313 2541 529 2595 integram
562 2541 698 2584 totius
720 2541 840 2584 vitae
871 2540 1086 2584 rationem
1107 2540 1304 2595 perfecta
1326 2540 1513 2593 quadam
1541 2542 1818 2594 peccatorum

52 2606 377 2650 enumeratione
409 2606 531 2649 nobis
563 2606 845 2649 reddiderunt
879 2641 887 2650 .
921 2606 1186 2648 Laboratum
1220 2608 1286 2648 est
1309 2605 1442 2647 etiam
1473 2604 1517 2646 in
1539 2603 1818 2658 Monasterijs

50 2673 277 2726 utriusque
317 2673 476 2714 sexus4
480 2707 625 2714 .....
680 2673 745 2714 De
777 2671 994 2714 Hereticis
1026 2671 1130 2713 nihil
1170 2673 1237 2713 est
1268 2684 1449 2721 nouum,
1494 2670 1608 2723 quod
1639 2670 1816 2712 Patrem

171 2824 183 2837 *¹
214 2821 256 2850 10
283 2828 329 2850 τυ.
355 2828 428 2860 sqq.
455 2818 489 2849 in
518 2827 630 2859 wara.
657 2817 813 2859 ascripta
841 2821 932 2850 sunt.

174 2951 184 2970 ¹
213 2949 357 2984 Canisii.
457 2949 470 2970 ²
495 2949 607 2984 Marc.
638 2950 690 2991 16,
717 2950 773 2984 20.
873 2951 886 2970 ³
912 2949 971 2984 Ps.
999 2950 1054 2990 76,
1085 2949 1138 2982 11.

172 3005 185 3023 ⁴
212 3004 400 3047 Augustae
425 3004 511 3037 tunc
538 3005 642 3037 erant
667 3003 891 3037 Benedictini
919 3003 980 3045 (ad
1007 3001 1041 3037 S.
1060 3001 1248 3044 Udalrici),
1277 3000 1445 3034 Canonici
1472 2999 1658 3043 regulares
1685 3000 1818 3035 ordinis

52 3056 87 3092 S.
113 3056 309 3100 Augustini
338 3055 398 3099 (ad
425 3055 459 3090 S.
487 3055 612 3090 Crucis
648 3058 683 3090 et
710 3056 755 3090 ad
781 3056 816 3091 S.
843 3055 1027 3099 Georgii),
1063 3054 1305 3095 Dominicani,
1341 3053 1558 3088 Canonissae
1593 3053 1730 3088 nobiles
1758 3054 1819 3097 (ad

52 3110 87 3145 S.
115 3109 315 3155 Stephani),
342 3109 598 3144 Dominicanae
627 3109 686 3153 (ad
713 3109 746 3144 S.
775 3108 1006 3152 Gathar-inae)
1037 3111 1103 3142 etc.
1132 3107 1314 3142 canisium
1341 3107 1385 3141 ad
1410 3107 1668 3141 monasterium
1695 3106 1727 3141 S.
1754 3107 1818 3142 Oa-

51 3163 218 3198 tharinae
242 3163 508 3197 reformandum
535 3174 680 3208 operam
706 3163 902 3198 contulisse
929 3161 1169 3207 compluribus
1204 3159 1421 3195 testimoniis
1456 3160 1705 3194 confirmatum
1744 3163 1817 3200 est;

54 3216 100 3251 cf.
126 3217 234 3251 etiam
264 3218 351 3251 Can.
378 3216 466 3261 Epp.
494 3216 545 3257 ΙΙ,
572 3216 641 3251 502
667 3219 703 3250 01
728 3217 839 3258 infra,
866 3227 1021 3250 monum.
1049 3215 1128 3249 247.
1180 3213 1346 3248 Canisius
1371 3225 1402 3248 a.
1432 3214 1519 3247 1561
1549 3213 1659 3247 etiam
1683 3213 1719 3247 in
1746 3225 1818 3248 mo-
