2093 3444
312 204 390 238 713.
427 203 592 238 Canisius
619 204 798 239 Stanislao
824 204 946 239 Hosio.
989 206 1082 248 Aug.
1110 204 1216 239 Vind.
1245 205 1277 239 3.
1305 204 1471 240 Octobris
1502 206 1601 241 1562.
1750 210 1835 250 489

55 321 270 364 rationem
306 321 439 363 ullam
480 321 640 363 habere
676 321 890 365 uideatur.
956 322 1040 364 Sed
1080 321 1219 364 uisum
1263 324 1331 364 est
1363 323 1454 364 Deo
1487 323 1835 367 Lutheranorum

56 385 288 428 stultitiam
322 385 507 436 exteris,
547 386 619 439 qui
652 387 769 428 coeci
800 387 929 442 plane
961 401 1048 429 non
1080 390 1203 438 sunt,
1248 387 1319 428 uel
1350 387 1431 429 hac
1464 388 1536 430 uia
1567 390 1834 443 patefacere.

56 451 211 504 Neque
255 451 391 502 domi,
441 465 581 504 neque
623 452 729 494 foris
773 452 946 494 laudem
988 453 1120 495 ullam
1165 455 1358 495 meretur
1407 453 1514 495 fides
1562 454 1833 506 Germanica,

57 530 168 570 quae
215 516 317 558 olim
360 515 663 559 laudatissima
714 517 811 560 fuit.
884 517 1047 560 Verum
1100 517 1511 571 diligentibus
1558 520 1732 561 Deum
1780 521 1835 562 in

56 582 249 623 bonum
283 580 463 623 omnia
480 582 507 623 1.
551 581 762 624 Nostrum
793 585 861 625 est
882 582 1055 626 interim
1083 597 1210 625 orare
1238 597 1290 624 ac
1310 583 1562 626 reformare.
1607 585 1835 638 Augustae

59 648 127 689 26.
162 647 379 701 Septemb.
417 647 474 689 M.
509 646 560 689 D.
594 647 761 690 LXIJss.

1010 707 1169 750 Seruus
1201 707 1245 749 in
1277 707 1447 750 Christo
1480 708 1527 751 P.
1563 708 1772 752 Canisius.

175 794 554 837 Reuerendissimo
589 797 633 837 et
664 794 972 837 Jllustrissimo
1004 795 1189 837 Domino
1224 796 1288 838 .D.
1315 795 1532 839 Stanislao
1563 797 1698 839 Hosio
1732 797 1835 840 Car-

56 859 188 902 dinali
211 862 256 902 et
277 860 491 915 Episcopo
514 860 762 902 Varmiensi
785 859 827 902 S.
852 859 1028 914 Concilij
1053 860 1261 911 Praesidi,
1295 858 1528 915 [Pa]trono
1552 862 1832 917 amplissimo.

58 925 266 968 Tridenti.

176 1012 405 1057 lnscriptioni
430 1023 538 1046 manu
565 1012 722 1046 eiusdem
750 1012 923 1057 temporis
945 1011 1108 1056 (Hosiiv)
1139 1013 1349 1048 adnotatum
1377 1016 1454 1049 est:
1487 1015 1603 1056 „redd.
1635 1016 1649 1049 1
1680 1016 1836 1051 octobris

59 1065 169 1107 1562;
197 1077 291 1111 resp.
319 1067 339 1100 6
366 1066 554 1101 octobriS.⁴‘

175 1148 256 1182 Una
291 1160 371 1182 cum
396 1148 453 1183 his
479 1148 631 1190 litteris,
670 1150 710 1182 ut
747 1160 792 1182 ex
819 1148 944 1193 primis
980 1160 1103 1182 earum
1131 1148 1252 1183 verbis
1287 1149 1532 1194 intellegitur,
1567 1149 1733 1186 Canisius
1759 1151 1833 1186 Tri-

57 1201 204 1236 dentum
239 1201 283 1236 ad
309 1201 460 1236 Hosium
495 1201 595 1236 misit
626 1201 819 1246 „scriptum
846 1201 985 1247 Illyrici
1021 1204 1057 1236 et
1083 1201 1214 1237 Galli⁴‘.
1268 1203 1351 1248 Ipso
1387 1206 1484 1237 certe
1521 1203 1587 1238 hoc
1623 1216 1714 1239 anno
1744 1205 1833 1239 1562

56 1255 199 1290 Flacius
226 1255 415 1301 Illyricus,
442 1255 520 1300 qui,
548 1255 633 1289 lena
659 1255 805 1300 pulsus,
832 1255 1053 1289 Ratisbonae
1080 1256 1309 1298 consederat,
1337 1268 1408 1290 una
1435 1268 1515 1291 cum
1542 1257 1690 1292 Nicolao
1718 1258 1833 1301 Gallo,

55 1308 341 1343 Lutheranorum
368 1309 671 1344 ratisbonensium
698 1309 1028 1354 superintendente,
1056 1309 1275 1343 Ratisbonae
1302 1312 1426 1344 contra
1439 1310 1664 1345 Victorinum
1690 1311 1832 1355 Sti-igel,

54 1362 258 1407 theologiae
295 1363 575 1408 protestantium
613 1363 856 1408 professorem
893 1362 1096 1404 ienensem,
1139 1363 1219 1407 qui,
1264 1375 1344 1398 cum
1383 1364 1560 1399 adversus
1599 1363 1750 1399 Lutheri
1789 1366 1833 1399 de

55 1415 312 1451 iustificatione
338 1416 539 1451 doctrinam
579 1416 886 1461 „synergisnium“
918 1416 1158 1457 defendisset,
1195 1416 1394 1451 aulicorum
1426 1417 1699 1452 vimariensium
1733 1419 1833 1454 iussu

60 1469 379 1513 „declarationem“
426 1470 605 1514 quandam
644 1481 771 1504 versus
810 1469 960 1503 Lutheri
1003 1470 1133 1514 dogma
1175 1470 1409 1505 inclinantem
1452 1471 1679 1517 scripsisset,
1723 1472 1835 1506 edidit

59 1523 277 1567 „Gensuram
313 1523 356 1558 de
381 1523 426 1558 V.
454 1523 607 1568 Strigilii
642 1525 830 1568 apostatae
865 1523 1108 1557 declaratione
1143 1535 1171 1557 s.
1207 1523 1327 1568 potius
1363 1536 1523 1559 errorum
1559 1525 1833 1560 occultatione“.

55 1577 109 1611 Ac
133 1577 256 1611 nescio
282 1588 327 1611 an
355 1577 477 1611 eodem
514 1589 606 1611 anno
634 1577 725 1612 1562
758 1577 934 1611 adversus
959 1576 1130 1610 Ioannem
1158 1576 1377 1611 Fridericum
1407 1578 1618 1621 „medium⁴‘,
1656 1578 1834 1613 Saxoniae

54 1630 201 1673 ducem,
237 1631 386 1675 eiusque
413 1631 656 1673 consiliarios,
694 1631 754 1675 qui
787 1643 818 1665 a.
848 1631 937 1665 1561
966 1631 1010 1664 ad
1036 1630 1281 1665 ministrorum
1308 1631 1578 1666 lutheranorum
1604 1632 1833 1678 tyrannidem

56 1684 359 1728 exstinguendam
394 1696 453 1719 res
479 1684 747 1719 ecclesiasticas
778 1684 1009 1727 „consistorio
1036 1684 1173 1718 ducali“
1204 1685 1357 1718 mediam
1384 1687 1523 1730 partem
1557 1698 1603 1720 ex
1633 1686 1828 1731 „politicis“

56 1737 261 1772 hominibus
288 1739 484 1772 constituto
503 1738 748 1773 decernendas
770 1737 1005 1780 tradiderant,
1032 1738 1069 1772 in
1095 1738 1211 1772 lucem
1230 1739 1403 1783 prodierit
1428 1740 1620 1773 eorundem
1647 1741 1834 1774 auctorum

53 1791 198 1826 libellus
224 1792 301 1833 ille,
330 1792 387 1826 cui
413 1804 479 1826 nec
504 1792 604 1826 locus
629 1803 697 1826 nec
723 1803 838 1826 annus
865 1791 1015 1836 ascripti
1041 1794 1146 1826 sunt:
1184 1791 1503 1835 „Sendschi-eiben,
1530 1792 1610 1827 Von
1638 1793 1706 1827 den
1731 1793 1831 1827 Man-

56 1845 173 1887 daten,
201 1845 406 1889 Satzungen
433 1845 506 1880 vnd
533 1845 763 1889 Ordnungen,
792 1845 951 1879 dadurch
978 1845 1042 1879 das
1068 1847 1158 1879 wort
1186 1845 1313 1880 Gottes
1340 1846 1540 1890 gefangen,
1567 1847 1647 1880 dem
1673 1846 1832 1891 heiligen

57 1897 160 1933 Geist
193 1899 272 1933 sein
298 1901 399 1944 ampt
424 1901 590 1944 gespert,
627 1899 699 1933 vnd
735 1898 895 1933 endtlich
921 1910 987 1943 gar
1013 1910 1226 1942 genommen
1253 1899 1353 1933 wird.
1404 1899 1454 1935 M.
1479 1900 1576 1934 Flac.
1604 1900 1703 1945 Illyr.
1731 1900 1830 1935 Nico.

55 1952 203 1988 Gallus“
237 1952 385 1997 (Preyer
409 1953 433 1988 l.
461 1965 490 1988 c.
519 1953 562 1996 II,
592 1954 670 1988 158.
698 1953 898 1987 238-245.
927 1952 1145 1996 561-562).

877 2076 997 2118 713.

794 2170 1092 2218 CANISIUS

370 2267 786 2312 STANISLAO
820 2268 1233 2312 CARDINALI
1264 2267 1516 2321 nasu),

339 2348 401 2382 uni
427 2360 473 2382 ex
499 2348 641 2383 concilii
666 2349 854 2384 tridentini
879 2349 1116 2395 praesidibus,
1144 2350 1311 2394 episcopo
1338 2349 1544 2384 varmiensi.

516 2434 687 2482 Augusta
713 2434 987 2472 Vindelicorum
1013 2435 1045 2472 3.
1074 2435 1243 2472 Octobris
1268 2435 1364 2472 1562.

172 2517 230 2552 Ex
257 2517 462 2563 archetypo,
490 2518 585 2562 quod
604 2517 771 2552 Canisius
797 2530 863 2552 sua
889 2530 998 2553 manu
1023 2519 1249 2565 subscripsit,
1277 2519 1442 2564 quodque
1468 2520 1591 2554 exstat
1616 2518 1767 2553 Londini
1793 2519 1830 2553 in

53 2582 177 2605 museo
203 2571 414 2614 britannico,
442 2571 517 2606 cod.
551 2571 646 2614 „Lat
675 2571 730 2612 21,
757 2572 845 2606 524“
876 2571 901 2606 f.
929 2571 984 2607 98.

172 2623 394 2659 Litterarum
420 2624 626 2669 exemplum
653 2624 722 2669 ipsi
740 2625 941 2670 scripturae
968 2625 1207 2660 assimilatum
1228 2625 1499 2671 („Facsimile“)
1529 2627 1650 2660 exstat
1676 2626 1712 2659 in
1737 2625 1828 2660 libro

58 2677 291 2721 „Sammlung
322 2677 745 2712 historisch—berflhmter
770 2680 1047 2724 Autoyraphen,
1082 2680 1168 2714 oder
1193 2679 1415 2714 Facsimile's
1447 2691 1519 2713 von
1544 2678 1829 2713 Handschriften

54 2731 375 2774 ausgezeiehneter
392 2730 574 2765 Personen
593 2730 685 2765 alter
710 2731 783 2765 und
800 2743 911 2766 neuer
928 2732 1039 2767 Zeit'‘.
1075 2732 1181 2767 Erste
1200 2732 1299 2767 Serie
1320 2732 1520 2778 (Stuttgart
1540 2732 1647 2776 1846)
1674 2744 1727 2766 nr.
1747 2732 1827 2766 255.

54 2784 167 2830 Typis
193 2783 348 2829 primum
375 2796 421 2818 ex
446 2784 644 2830 archetypo
671 2785 876 2830 exscriptae
903 2789 987 2820 sunt
1018 2785 1054 2820 in
1087 2786 1359 2829 τ,Ραείοναῖόἶοιίΐ
1384 2786 1443 2820 fiir
1469 2786 1525 2820 die
1550 2786 1702 2820 Diocese
1728 2784 1828 2819 Erm-

57 2837 176 2879 land“,
204 2837 259 2871 20.
287 2836 412 2881 Jahrg.
443 2836 691 2882 (Braunsberg
719 2838 825 2882 1888)
854 2850 887 2884 p.
917 2839 995 2874 119.

172 2914 394 2948 Vehementer
405 2916 631 2959 commendat,
646 2920 684 2949 ut
695 2913 854 2959 ,‚Indeae“
866 2917 1057 2960 mitiyetur.
1087 2917 1269 2951 Novarum
1281 2917 1457 2951 librorum
1472 2916 1671 2959 cataloymn
1679 2915 1827 2958 franco-

53 2969 246 3012 furtensem
282 2969 398 3001 mittit.
448 2968 556 3002 Hosc'i
590 2979 698 3012 opera
725 2969 880 3003 Parisiis
914 2980 1053 3004 excusa.
1104 2970 1308 3004 Latherani
1342 2974 1372 3003 et
1410 2970 1624 3003 calvinistae
1659 2970 1827 3002 atrociter

171 3087 186 3102 ἃ
215 3082 312 3123 Quae
335 3084 544 3125 sequuntur,
570 3091 593 3113 a
623 3080 728 3125 Cypr.
756 3081 886 3114 omissa
911 3085 1005 3114 sant.

176 3193 186 3213 ¹
213 3193 315 3227 Rom.
341 3192 374 3234 8,
401 3192 457 3227 28.
