2093 3444
2027 0 2061 131 agffi

211 209 297 250 480
748 207 826 242 707.
863 208 1016 242 Ioannes
1042 208 1085 242 de
1112 208 1266 243 Polanco
1293 209 1447 244 Canisio.

210 325 375 367 batione
407 327 478 367 elce
509 327 547 367 εἰ
575 327 739 380 poteria
758 326 858 379 fare
892 361 899 368 .
934 328 1009 368 sela·
1037 329 1237 369 scrissero
1262 329 1391 369 anche
1423 343 1530 370 noue
1562 330 1628 371 del
1652 329 1834 371 Concilio
1868 334 1925 371 etc
1949 330 1977 372 1.

212 395 246 432 et
278 391 349 432 che
389 392 462 432 seli
496 392 664 446 paressi
704 392 891 432 mandor
932 393 1165 446 qnalcunoa
1206 397 1387 447 sngyqetto
1422 394 1493 448 pel
1534 394 1682 435 corso2
1725 394 1771 436 cli
1802 395 1938 436 Roma
1967 428 1978 447 ‚

211 470 292 497 non
318 456 541 511 indnyiase
573 456 600 496 a>
623 456 847 497 mandarlo
882 490 890 498 .
925 457 1011 499 Sele·
1034 457 1190 498 mando
1223 459 1265 498 la
1290 458 1607 509 chadrinzestre
1631 459 1677 499 di
1697 459 1834 500 Roma
1864 463 1936 501 ‚etc
1968 492 1976 500 .

1033 589 1162 631 707.

624 680 687 722 Ρ.
721 680 1041 724 IOANNES
1074 681 1172 723 DE
1207 681 1566 736 POLANfflD,

815 769 1033 803 secretarius
1060 768 1252 803 Societatis
1278 769 1370 811 Iesu,

553 851 725 894 nomine
757 852 902 894 Iacobi
935 852 1087 903 Lainfi,
1121 852 1359 907 praepositi
1391 854 1621 906 generalis,

955 946 1228 995 CANISIO.

781 1053 953 1090 Tridento
980 1054 1029 1090 14.
1058 1053 1283 1102 Septembris
1309 1054 1404 1091 1562.

328 1134 383 1168 Ex
410 1135 617 1181 apographo
644 1136 803 1170 eiusdem
829 1137 1021 1182 temporis;
1056 1138 1092 1172 in
1118 1138 1300 1181 margine,
1337 1138 1460 1172 eadem
1487 1150 1612 1173 manu:
1651 1140 1836 1183 „Augusta
1862 1140 1978 1175 Padre

211 1187 388 1222 Canisio“.
441 1188 524 1223 Cod.
556 1190 618 1232 „V.
646 1190 686 1224 P.
714 1191 777 1224 62“
809 1191 832 1225 f.
864 1191 939 1225 14²¹.

328 1242 515 1286 Epistulae
540 1254 625 1287 pars
652 1254 695 1277 ex
724 1243 846 1277 eodem
875 1244 1081 1288 apographo
1109 1244 1225 1289 posita
1253 1247 1308 1278 est
1334 1244 1367 1278 in
1396 1244 1568 1289 Epistolis
1594 1245 1633 1280 P.
1653 1247 1775 1279 Nadal
1801 1246 1844 1287 ΙΙ,
1875 1246 1974 1282 130³.

331 1319 430 1352 Galla·
448 1322 641 1362 prooez'mae
675 1321 817 1353 concilii
841 1322 988 1354 sessioni
1014 1322 1233 1364 differendae
1257 1322 1400 1364 frastra
1427 1333 1569 1364 operam
1595 1323 1775 1356 aederunt.
1815 1324 1974 1357 Lamias

202 1372 372 1414 patribus
396 1374 575 1415 satisfacit
601 1377 631 1406 et
658 1374 745 1407 re'rz's
771 1375 890 1407 Indis-i
915 1375 1145 1416 reformando
1181 1376 1318 1408 delectis
1352 1376 1497 1408 additas
1523 1380 1579 1410 est.
1632 1377 1786 1410 Societas
1816 1378 1979 1411 Tridenti

208 1426 289 1459 bene
315 1427 426 1459 audit.
478 1427 517 1460 P.
544 1427 696 1460 Natalis.
749 1428 875 1471 Placet,
902 1433 939 1460 ut
970 1429 1159 1461 Chemnitia·
1186 1430 1222 1461 in
1251 1429 1454 1462 Societatem
1489 1430 1688 1463 calumne'as
1722 1435 1887 1463 eoeternas
1912 1432 1979 1464 ali-

208 1480 287 1522 quis
314 1480 462 1523 refellat,
491 1481 606 1514 Sociis
626 1482 836 1514 lavantibus:
876 1482 1095 1523 Reformatt‘o
1114 1483 1323 1515 monasterii
1340 1483 1377 1515 S.
1400 1482 1631 1526 Catharinae,
1659 1484 1836 1527 vz'ryinmn
1858 1485 1895 1518 O.
1914 1485 1976 1519 Pr.

208 1533 312 1565 Docti
346 1533 481 1576 aliquot
516 1534 613 1567 Socii
643 1534 792 1576 hispani
827 1535 859 1567 in
902 1536 1134 1568 Germaniam
1171 1537 1263 1568 mitti
1286 1540 1447 1578 possunt.
1503 1535 1654 1579 Colleyia
1691 1538 1977 1582 oem’pontannm,

200 1596 396 1629 prayense²
435 1587 709 1628 vindobonense,
748 1599 962 1621 monaoense.
1017 1589 1208 1632 Perperam
1244 1590 1448 1632 aliquorum
1475 1591 1590 1623 animi
1623 1595 1901 1634 commoventur,
1936 1591 1977 1624 de

206 1641 305 1672 novis
343 1640 497 1682 colle-aiis
535 1643 568 1673 in
609 1641 806 1674 Germania
846 1642 1074 1675 admittendis
1112 1643 1352 1685 coyitantc'am.
1403 1643 1503 1676 Nora
1541 1644 1583 1676 de
1621 1644 1768 1677 concilio
1810 1645 1977 1678 Treveros

209 1693 392 1726 mittenda.

878 1749 972 1790 Pax
1006 1748 1157 1792 christi
1190 1752 1259 1792 etc
1294 1785 1301 1792 .

325 1828 552 1872 Riceuette
585 1829 639 1872 N.
665 1830 806 1872 Padre
839 1831 979 1884 quelle
1013 1831 1054 1873 di
1081 1832 1132 1874 V.
1158 1832 1423 1874 Reuerentia
1455 1832 1495 1873 di
1530 1834 1583 1876 .6.
1618 1833 1687 1874 del
1719 1834 1974 1887 presente3:

205 1894 415 1937 Tuttauia
455 1894 490 1935 si
525 1895 671 1946 crede,
716 1895 793 1937 che
826 1896 867 1937 al
909 1896 1060 1949 giorno
1103 1897 1331 1951 designato
1372 1897 1487 1939 nella
1529 1898 1680 1951 quinta
1717 1899 1908 1941 sessione
1941 1899 1977 1941 si

204 1959 301 2001 fara
333 1959 376 2001 la
410 1960 498 2001 .6.4
529 1960 686 2013 perche
728 1960 834 2003 tutti
866 1961 895 2002 li
928 1961 1085 2016 prelati
1125 1962 1269 2004 hanno
1311 1962 1432 2005 detto
1467 1963 1518 2004 de
1560 1963 1770 2005 sacrificio
1802 1963 1974 2015 missae,

204 2026 248 2066 et
280 2024 417 2066 anche
450 2025 502 2066 de
535 2025 840 2067 Communione
881 2027 960 2068 sub
993 2029 1178 2081 utraque
1212 2060 1220 2078 ‚
1255 2030 1299 2070 et
1339 2028 1382 2070 la
1413 2028 1619 2070 Dottrina
1660 2042 1706 2071 se
1738 2032 1762 2071 e
1798 2028 1871 2082 gia
1903 2043 1975 2071 ac-

204 2090 434 2132 comodata
476 2104 605 2144 sopra
645 2090 675 2132 il
708 2091 918 2133 sacrificio
954 2125 962 2142 ‚
997 2095 1041 2134 et
1082 2092 1118 2133 si
1159 2095 1302 2135 tratta
1343 2092 1385 2134 di
1426 2093 1568 2135 alcuni
1605 2093 1728 2148 punti
1761 2094 1875 2136 della
1905 2108 1976 2136 re-

203 2153 517 2197 formatione5:
551 2156 634 2197 ben
667 2157 689 2198 e
721 2170 825 2199 uero
859 2157 936 2199 che
968 2157 1111 2200 hanno
1139 2161 1371 2212 procurato
1405 2158 1567 2200 differir
1598 2159 1642 2201 la
1673 2159 1866 2201 sessione
1899 2173 1976 2214 per

323 2306 402 2340 Pax
429 2306 564 2341 Christi
590 2309 658 2341 etc.

322 2376 433 2410 Pater
458 2379 581 2411 noster
606 2378 832 2412 reverentiae
867 2381 1013 2413 vestrae
1048 2379 1191 2413 litteras
1227 2379 1283 2413 die
1310 2380 1342 2413 6.
1368 2379 1475 2413 huius
1500 2379 1636 2414 mensis
1662 2380 1766 2414 datas
1795 2381 1935 2425 accepit,
1950 2382 1973 2415 ³.

203 2430 324 2474 Atque
351 2429 468 2464 adhuc
494 2433 643 2465 censent
668 2432 763 2472 fore,
802 2434 843 2465 ut
869 2432 925 2466 die
960 2432 996 2466 in
1033 2433 1157 2476 quinta
1193 2432 1353 2467 sessione
1389 2432 1577 2476 designato
1612 2434 1718 2467 sexta
1751 2433 1972 2474 habeatur4;

203 2495 287 2518 nam
313 2483 466 2528 praelati
485 2495 606 2518 omnes
634 2486 668 2518 et
695 2484 737 2518 de
764 2485 941 2519 sacrificio
967 2486 1100 2519 missae
1127 2487 1163 2519 et
1189 2485 1232 2519 de
1251 2485 1496 2519 communione
1515 2486 1581 2520 sub
1600 2487 1752 2530 utraque
1771 2486 1939 2521 dixerunt
1950 2488 1973 2528 ⁵,

204 2547 246 2570 ac
273 2536 433 2570 doctrina
461 2536 503 2570 de
529 2537 704 2571 sacrificio
730 2538 801 2572 iam
827 2538 1096 2572 accommodata
1123 2540 1189 2579 est,
1225 2540 1261 2573 et
1286 2539 1389 2572 modo
1416 2539 1458 2572 de
1485 2538 1662 2583 capitibus
1687 2539 1825 2583 aliquot
1849 2539 1894 2573 ad
1920 2552 1972 2574 re-

204 2590 454 2624 formationem
480 2589 745 2634 pertinentibus
771 2591 910 2635 agitur;
948 2594 984 2626 et
1009 2603 1135 2626 verum
1175 2592 1318 2636 quidem
1344 2593 1416 2633 est,
1454 2591 1605 2626 sessioni
1632 2592 1675 2626 ob
1702 2591 1887 2626 Gallorum
1913 2593 1973 2627 ad-

205 2644 354 2676 ventum
390 2642 607 2676 differendae
642 2654 787 2688 operam
822 2644 943 2678 datam
982 2656 1080 2685 esse3
1120 2656 1236 2689 neque
1270 2647 1392 2679 tamen
1417 2644 1472 2686 id,
1508 2644 1601 2688 quod
1636 2644 1779 2688 quidem
1805 2645 1973 2687 sciamus,

324 2782 338 2797 a
364 2776 534 2820 qualcuni
560 2777 640 2810 libr.

331 2906 340 2925 ¹
367 2904 467 2938 Haec
491 2915 585 2938 nova
610 2903 694 2938 vide
720 2915 829 2949 supra
854 2916 887 2949 p.
915 2905 1113 2940 476-478.
1213 2906 1227 2926 ‘-'
1254 2905 1407 2940 Cursum
1432 2906 1564 2940 artium
1590 2906 1708 2940 dicere
1732 2906 1886 2940 videtur.

327 2959 338 2978 ³
363 2957 442 2991 Hae
467 2957 605 3002 perisse
630 2957 809 2991 videntur.

326 3011 339 3030 4
367 3009 486 3044 Sessio
504 3010 616 3044 XXII.
647 3009 722 3054 (VI.
749 3010 816 3044 sub
835 3010 899 3044 Pio
918 3010 994 3054 IV.)
1025 3011 1149 3046 habita
1167 3013 1223 3046 est
1248 3011 1304 3045 die
1324 3011 1377 3046 17.
1398 3011 1630 3057 Septembris,
1657 3023 1678 3046 a
1695 3012 1855 3046 sessione
1872 3011 1970 3048 XXI.

208 3063 407 3106 designato.

328 3117 341 3137 ⁵
365 3116 432 3151 Die
460 3117 514 3151 10.
542 3116 762 3162 Septembris
787 3118 911 3162 patres
937 3117 980 3151 de
1005 3117 1049 3152 iis
1085 3118 1202 3152 dicere
1237 3119 1430 3163 coeperant
1456 3117 1565 3162 (Aeta
1590 3119 1794 3153 Massarelli
1818 3117 1841 3152 l.
1869 3129 1898 3152 c.
1924 3117 1971 3161 ΙΙ,

210 3169 297 3211 122;
323 3168 448 3203 Diaria
473 3171 605 3204 Pholae
629 3171 665 3203 et
689 3170 826 3204 Fideri
850 3170 945 3215 apud
971 3171 1022 3204 Le
1046 3172 1128 3205 Plat
1153 3171 1175 3205 l.
1204 3182 1233 3205 c.
1260 3170 1360 3211 V112,
1389 3171 1465 3205 196.
1493 3170 1591 3214 336).
