2093 3444
215 212 297 252 646
403 210 560 243 Monum.
590 207 824 253 (augustana)
853 209 933 244 262.
964 209 1010 254 (Α
1035 221 1082 244 m.
1109 209 1308 255 Septembri
1335 210 1380 245 ad
1405 209 1640 246 Decembrem
1669 211 1786 254 1561.)

335 326 502 359 Canisius
528 337 543 358 e
567 329 726 368 suyqestu
748 330 894 359 veterum
916 327 1205 368 Anqustanormn
1227 328 1403 370 pietatem,
1428 328 1684 371 frecyalitatem,
1711 328 1981 371 beneficentiam,

213 379 402 412 recentium
427 379 647 422 *impietatem
673 379 879 422 luxuriam,
906 380 1117 412 iniustitiam
1145 380 1307 413 describit
1317 392 1330 422 ‚·
1355 391 1375 413 a
1403 380 1598 424 bibliopolis
1620 381 1729 414 libros
1753 381 1983 414 disseminari

207 432 534 475 periculosissimos.

335 534 370 575 1.
406 533 459 574 In
491 534 676 574 contione
712 534 877 574 ineunte
908 547 960 574 m.
997 533 1216 574 Decembri
1249 536 1308 583 (5.
1343 533 1603 587 Decembris,
1648 539 1690 575 ut
1724 534 1907 588 vicletzcr)
1940 548 1980 576 α.

214 599 327 640 1561
351 599 569 653 Aaqustae
597 599 643 639 in
668 599 835 639 ecclesia
868 598 1105 639 cathedrali
1137 598 1281 639 habita
1308 598 1532 640 Canisius:
1563 597 1678 648 Quis,
1716 601 1862 655 inquit,
1895 612 1981 640 non

213 662 344 711 uidet,
382 698 388 704 .
417 698 424 705 .
457 662 594 704 indies
626 662 831 703 mundum
863 661 1003 715 magis
1036 676 1062 704 a
1093 662 1218 711 bono,
1252 662 1428 713 uirtute,
1463 665 1508 705 et
1539 663 1703 717 pietate
1727 663 1946 706 discedere
1971 696 1982 710 ,

214 741 383 769 omnem
415 727 542 769 fidem
583 727 724 781 perire
767 727 899 770 etiam
931 726 1045 770 inter
1077 728 1239 769 amicos
1281 730 1325 769 et
1356 728 1521 770 uicinos
1558 731 1603 771 et
1634 728 1844 779 fratres‘²,
1887 728 1983 782 quis

213 793 351 848 pudor
382 793 496 846 apud
537 806 693 847 pueros
735 795 779 835 et
815 792 1004 846 puellas,
1048 807 1157 846 quae
1199 793 1406 835 honestas
1448 793 1562 847 apud
1603 793 1829 847 coniuges,
1873 807 1985 847 quae

213 857 364 910 religio
411 861 454 900 et
499 857 670 900 deuotio
716 857 830 911 apud
872 857 1142 911 Spirituales.
1216 857 1335 908 Quae
1377 872 1480 900 cura
1522 858 1671 900 orandi
1711 858 1754 900 in
1796 858 1983 913 templis,

214 923 354 964 dicam
387 937 517 964 unum
551 925 595 965 et
627 923 812 965 alterum
835 923 1094 977 exemplum.
1139 922 1291 964 Adhuc
1323 922 1477 965 uiuunt
1510 923 1581 976 qui
1613 926 1846 974 testantur,
1881 937 1984 977 quo-

214 989 339 1031 modo
383 988 450 1030 die
489 987 667 1030 Sabathi
712 988 897 1042 populus
941 990 1110 1030 mature
1154 987 1379 1041 reliquerit
1419 987 1610 1030 laborem
1653 990 1699 1031 29
1740 988 1986 1042 confugerit

214 1053 431 1107 gregatim
475 1052 518 1094 in
564 1053 802 1095 Ecclesiam
838 1089 845 1095 .
881 1054 927 1094 3?
967 1052 1176 1096 manserit
1208 1052 1249 1094 in
1296 1052 1492 1095 oratione
1536 1067 1671 1107 usque
1715 1054 1769 1096 ad
1813 1056 1983 1096 noctem

215 1120 261 1161 49
302 1117 493 1161 uisitarit
534 1120 731 1160 sanctum
765 1118 1048 1160 Vdalricum1
1094 1120 1138 1160 59
1181 1118 1293 1171 quod
1336 1118 1582 1172 impleuerit
1622 1119 1765 1161 onmia
1807 1119 1984 1173 templa,

217 1186 261 1226 69
293 1184 386 1227 ibat
427 1198 520 1225 cum
564 1183 793 1226 deuotione
835 1183 890 1225 ad
932 1183 1192 1225 oblationem
1210 1184 1239 1226 2.
1300 1185 1344 1225 79
1387 1183 1567 1236 quilibet
1614 1187 1756 1226 certas
1796 1184 1989 1226 habebat

216 1249 435 1292 orationes
477 1249 531 1290 ad
564 1249 702 1290 Deum
737 1251 781 1291 et
822 1252 997 1291 sanctos
1039 1248 1131 1290 eius
1165 1283 1172 1290 .
1209 1250 1254 1290 89
1288 1248 1451 1291 dabant
1491 1249 1790 1303 eleemosynas
1828 1263 1906 1304 pro
1939 1262 1988 1291 se

216 1317 259 1356 et
291 1314 495 1361 mortuis,
539 1313 827 1356 aedificabant
860 1316 903 1355 et
937 1314 1151 1356 ornabant
1184 1313 1348 1367 templa
1381 1316 1425 1356 et
1457 1314 1669 1368 capellas,
1714 1316 1759 1356 99
1793 1313 1984 1357 contenti

216 1394 299 1421 uno
333 1379 421 1421 uini
453 1393 635 1433 genere,
678 1378 826 1433 paucis
860 1379 1055 1428 ferculis,
1091 1378 1251 1421 uestitu
1285 1378 1467 1432 frugali,
1503 1379 1686 1422 multum
1718 1379 1984 1429 ieiunabant,

214 1445 258 1486 in
290 1445 494 1486 Aduentu
526 1447 607 1494 ter,
643 1444 714 1499 alij
749 1444 973 1497 quottidie,
1014 1447 1058 1486 et
1090 1444 1414 1498 praeparabant
1446 1458 1546 1486 suos
1579 1444 1634 1486 ad
1665 1444 1745 1486 hoc
1779 1444 1938 1487 festum
1954 1445 1983 1487 3.

215 1510 315 1552 Non
349 1509 520 1551 dubium
546 1509 646 1562 quin
679 1509 804 1552 multi
835 1509 942 1551 haec
975 1511 1019 1551 et
1051 1508 1207 1550 similia
1230 1509 1355 1563 plura
1379 1523 1434 1550 ex
1457 1509 1546 1551 suis
1578 1509 1709 1552 etiam
1732 1509 1986 1564 parentibus

217 1575 444 1618 audierint.
509 1574 616 1623 Quid
650 1577 795 1617 autem
828 1588 940 1616 nunc
974 1574 1131 1627 agitur.
1197 1573 1291 1616 Hoc
1324 1573 1503 1625 uidetis,
1546 1588 1632 1616 non
1670 1589 1777 1629 opus
1810 1577 1877 1617 est
1909 1589 1986 1617 ex-

216 1640 460 1695 plicatione.
505 1639 682 1689 Quando
715 1639 797 1682 fuit
828 1639 966 1681 maior
999 1642 1042 1682 et
1076 1638 1296 1681 comunior
1319 1639 1504 1681 Caristia
1526 1653 1581 1681 an
1613 1639 1741 1691 holtz,
1776 1640 1986 1682 schmaltz

217 1705 328 1747 wein
361 1708 429 1747 etc
464 1740 470 1746 .
507 1706 552 1746 29
586 1704 755 1758 quando
788 1704 926 1746 maior
957 1704 1159 1758 superbia
1192 1703 1286 1745 uisa
1317 1703 1360 1745 in
1390 1703 1584 1746 uestibus
1617 1706 1663 1747 39
1695 1704 1833 1747 maior
1857 1705 1987 1747 luxus

216 1771 260 1812 in
293 1770 501 1824 conuiuijs
536 1805 542 1811 .
579 1771 624 1811 49
657 1769 794 1812 maior
825 1770 1049 1824 turpitudo
1083 1772 1127 1812 et
1158 1769 1304 1823 plures
1338 1769 1537 1812 adulteri.

337 1854 376 1895 2.
410 1852 502 1894 Iam
530 1854 661 1907 paulo
695 1859 803 1906 ante,
838 1853 879 1894 in
915 1854 1102 1894 contione
1132 1854 1202 1895 29.
1227 1852 1480 1907 Septembris
1504 1854 1615 1895 1561
1642 1852 1793 1894 ibidem
1828 1853 1987 1905 habita,

218 1923 385 1974 questus
431 1922 542 1959 erat:
596 1917 719 1959 Vade
764 1917 818 1959 ad
869 1919 1134 1959 mercatores
1188 1917 1338 1970 quales
1389 1931 1517 1970 quam
1571 1931 1730 1971 graues
1781 1919 1987 1960 exercent

218 1997 385 2033 usuras,
420 1996 530 2035 quae
562 1982 828 2032 iuramenta,
863 1996 970 2035 quas
1003 1982 1242 2032 falsitates,
1278 1996 1385 2035 quas
1418 1982 1633 2036 practicas
1666 1983 1943 2025 committunt
1976 2018 1985 2025 .

218 2051 407 2102 granant
439 2047 551 2090 enim
584 2051 723 2090 totum
765 2048 969 2089 mundum
1002 2047 1270 2090 offendentes
1303 2061 1451 2089 omnes
1488 2048 1645 2097 bonos,
1688 2051 1732 2090 et
1763 2048 1989 2090 laedentes

220 2128 389 2155 omnem
431 2113 690 2156 charitatem
729 2116 773 2156 et
813 2113 1092 2166 aequitatem.
1120 2148 1126 2154 .
1154 2148 1195 2154 ..
1231 2112 1354 2154 Vade
1395 2112 1449 2154 ad
1489 2112 1744 2167 bibliopolas
1779 2148 1786 2155 .
1820 2112 1988 2155 inuenis

218 2178 432 2232 triplicem
465 2178 534 2220 uel
567 2174 851 2232 sextuplicem
885 2176 984 2233 [sic]
1018 2178 1166 2228 fidem,
1210 2180 1253 2220 et
1286 2191 1380 2220 eam
1414 2177 1665 2219 defensamb
1697 2178 1828 2219 uerbo
1862 2177 1941 2220 Dei
1976 2212 1985 2220 .

218 2244 375 2286 Nonne
407 2244 600 2286 uendunt
631 2243 738 2286 talia
771 2257 937 2286 uenena
959 2246 1008 2285 ut
1039 2246 1159 2285 totus
1190 2243 1374 2284 mundus
1400 2242 1657 2292 offendatur,
1690 2245 1740 2285 ut
1771 2243 1987 2297 simplices

219 2309 402 2362 legendo
445 2323 581 2350 nouas
623 2308 843 2351 doctrinas
876 2308 1172 2357 offendantur,
1214 2307 1299 2349 imo
1341 2309 1385 2349 et
1416 2307 1700 2357 seducantur,
1742 2310 1792 2350 ut
1832 2307 1987 2350 merito

220 2374 363 2416 nullus
394 2373 502 2415 liber
534 2373 617 2416 emi
650 2374 807 2415 debeat
838 2373 930 2415 sine
952 2386 1109 2426 magno
1142 2373 1297 2415 timore
1325 2371 1424 2425 quia
1455 2372 1649 2414 uidemus
1682 2373 1811 2415 etiam
1837 2373 1988 2416 doctos

221 2452 298 2492 per
329 2438 410 2480 hoc
443 2437 630 2480 medium
663 2437 998 2493 Typographiae
1031 2436 1188 2479 offendi
1221 2436 1414 2490 exercerj
1450 2439 1495 2479 et
1525 2437 1729 2492 peruerti.

341 2624 355 2638 ²²
381 2619 550 2661 Sequitur
575 2615 676 2661 nihil,
702 2628 724 2650 a
750 2617 829 2650 libr.
859 2618 934 2659 ipso
959 2617 1206 2650 oblitteratum.

342 2672 356 2691 ¹³
382 2671 576 2705 deffensam
603 2671 682 2704 libr.

344 2841 354 2860 ¹
383 2839 519 2884 Corpus
545 2838 578 2873 S.
607 2838 766 2873 Udalrici
796 2837 832 2881 (†
858 2838 963 2881 973),
998 2836 1155 2882 episcopi
1181 2836 1375 2881 augustani
1400 2838 1437 2871 et
1462 2836 1620 2870 eiusdem
1647 2836 1820 2871 dioecesis
1846 2837 1986 2882 patroni

222 2892 424 2937 praecipui,
461 2893 648 2936 Augustae
683 2891 718 2925 in
754 2891 841 2925 aede
877 2890 936 2925 SS.
964 2890 1124 2925 Udalrici
1159 2893 1194 2925 et
1229 2890 1360 2931 Afrae,
1395 2901 1487 2934 quae
1514 2889 1648 2924 canisii
1681 2892 1840 2935 tempore
1875 2891 1986 2925 Bene-

225 2945 439 2980 dictinorum
467 2948 553 2986 erat,
581 2956 675 2979 nunc
701 2946 822 2978 autem
847 2943 1063 2989 parochialis
1090 2945 1154 2982 est.
1181 2945 1401 2978 asservatur.

343 2998 357 3018 ²
383 2998 590 3032 Oblationes
616 2997 788 3042 pecuniae
814 2996 1036 3040 aliarumque
1062 3008 1181 3030 rerum
1210 2996 1265 3040 (ut
1290 2995 1452 3040 frugum)
1480 2995 1585 3037 dicit,
1621 3007 1640 3030 e
1667 2998 1789 3030 vetere
1815 2996 1988 3031 memoria

223 3051 317 3084 inter
342 3051 473 3085 missae
499 3050 715 3085 sacrificium
741 3062 762 3084 a
787 3049 952 3084 fidelibus
977 3049 1055 3084 fieri
1080 3049 1215 3084 solitas.

344 3104 357 3124 ⁸
382 3103 529 3138 Festum
555 3103 766 3138 Nativitatis
791 3102 944 3137 Domini.
