2093 3444
253 173 334 213 180
377 171 456 204 577.
477 170 562 205 Can.
578 170 711 205 Victor.
732 171 852 215 Praga
869 172 922 206 14.
938 172 1001 207 Iul.
1021 173 1120 207 1561.
1158 173 1238 208 578..
1258 174 1396 208 Madrid
1415 173 1514 208 Can0.
1535 177 1602 209 etc.
1629 174 1742 210 Roma
1763 176 1815 209 15.
1831 176 1896 211 Iul.
1915 177 2016 212 1561.

247 289 409 331 tempore
441 286 640 321 existentes
674 299 744 321 non
779 288 823 321 ad
850 290 992 333 tempus
1019 289 1315 332 determinatum,
1351 290 1415 324 sed
1447 291 1491 324 ad
1518 290 1631 324 uitam
1666 303 1730 325 suo
1761 292 1864 336 fungi
1898 293 2017 328 officio

248 340 380 379 uoluit;
420 341 526 384 prout
560 339 662 374 iuxta
697 341 900 385 praedictas
936 342 1211 377 constitutiones
1247 345 1331 377 ante
1365 343 1451 377 illud
1489 344 1672 378 decretum
1707 345 1869 379 debebat.
1921 345 2018 388 Quas

248 393 392 437 quidem
419 393 695 428 constitutiones
720 405 786 428 sua
813 396 849 428 et
874 395 970 429 sedis
989 396 1207 440 apostolicae
1234 397 1449 431 auctoritate
1468 397 1680 441 approbauit
1706 400 1742 432 et
1760 398 2014 433 confirmauit.“

247 446 302 480 Ita
337 446 605 491 apographum,
641 447 765 481 eodem
799 447 874 481 fere
909 450 1069 493 tempore
1095 450 1282 492 Augustae
1318 462 1338 484 a
1365 450 1404 484 P.
1436 451 1625 484 Gzcilielmo
1650 452 1803 485 Elderen
1833 451 1866 486 S.
1895 453 1928 487 J.
1965 453 2018 496 (in

249 499 384 533 Canisii
409 511 522 541 usum,
550 502 590 534 ut
616 501 757 534 omnino
784 501 942 545 videtur)
973 503 1157 547 scriptum,
1185 503 1277 547 quod
1304 515 1399 538 nunc
1426 506 1548 537 exstat
1573 504 1609 537 in
1636 505 1712 538 cod.
1745 504 1850 546 7,(31111.
1877 505 1920 540 X.
1947 506 2012 541 Sa‘

248 553 272 587 f.
303 553 381 587 197.
432 553 595 587 Alterum
631 554 877 599 apographum
916 555 1039 589 eodem
1074 556 1149 589 fere
1177 558 1355 601 tempore,
1391 556 1642 600 neglegentius
1676 560 1798 592 tamen
1832 558 2018 604 scriptum,

248 607 371 640 exstat
407 606 442 640 in
481 606 556 640 cod.
598 608 764 651 „Antiqu.
800 607 970 651 Ingolst.“
1010 609 1033 642 f.
1061 609 1256 643 84b—852.
1309 610 1475 651 Litteris,
1514 612 1658 654 praeter
1695 611 1802 653 alios,
1841 612 1897 646 usi
1934 615 2019 647 sunt

248 661 298 694 Io.
326 660 454 693 Pinius
480 659 514 694 S.
543 660 574 694 J.
602 661 637 693 in
669 661 790 702 „Actis
816 661 1028 696 Sanctorum
1055 662 1155 696 Iulii*
1186 663 1254 697 VII
1284 663 1449 708 (Parisiis
1476 666 1512 697 et
1538 664 1671 698 Romae
1700 665 1828 707 1868),
1861 666 1948 706 596,
1982 667 2018 700 et

250 715 292 747 A.
321 725 348 747 c.
376 715 536 757 Druffel,
562 714 726 757 Igu-atius
754 726 822 748 von
848 714 983 759 Loyola
1009 727 1053 749 an
1081 716 1141 749 der
1167 716 1383 751 Romischen
1410 716 1515 750 Curie
1543 716 1739 760 (Miinchen
1767 718 1873 762 1879)
1903 731 1935 764 p.
1961 720 2018 760 43,

248 766 308 811 qui
334 778 395 801 eas
427 767 562 808 „Breve
588 767 643 801 Pii
670 767 752 801 IV.“
783 780 970 813 perperam
997 769 1206 814 appellavit.

1071 886 1201 928 577.

987 980 1283 1027 CANISIUS

589 1078 651 1119 P.
685 1077 947 1121 IOANNI
978 1079 1077 1120 DE
1111 1078 1470 1122 VICTORIA
1505 1079 1560 1122 S.
1594 1080 1670 1133 J.9

824 1160 953 1194 rectori
982 1160 1125 1204 collegii
1151 1160 1441 1195 vindobonensis.

921 1240 1045 1285 Praga
1072 1240 1121 1276 14.
1149 1240 1234 1276 Iulii
1262 1240 1348 1277 1561.

367 1316 422 1350 Ex
449 1317 648 1362 archetypa
673 1317 855 1352 Victoriae
888 1318 1060 1363 epistula.
1098 1330 1204 1361 quam
1232 1318 1393 1352 Victoria
1420 1318 1476 1363 (ut
1503 1319 1659 1363 videtur)
1689 1319 1847 1354 dictante
1873 1321 2019 1366 scripsit

248 1369 285 1404 P.
317 1371 469 1404 Carolus
499 1372 600 1405 Grim
628 1370 661 1405 S.
690 1371 721 1405 J.

366 1455 431 1495 De
465 1456 659 1507 Canisio,
702 1457 775 1510 qui
816 1457 1034 1497 Societate's
1076 1457 1240 1510 colleyc'o
1274 1456 1544 1498 Vimlohonae
1586 1457 1799 1509 „cisitcctffl
1839 1459 2017 1513 aliisque

248 1519 370 1561 rebus
405 1520 557 1561 ibidem
586 1521 712 1574 (sestis
744 1519 800 1571 (ιτ.
838 1520 978 1573 infra,
1015 1535 1194 1562 monum.
1229 1521 1486 1571 377—379)
1522 1523 1558 1563 7.
1593 1522 1714 1576 lum,
1761 1528 1802 1564 ut
1834 1524 2013 1577 videtur,

248 1585 434 1639 Prayam
465 1585 678 1639 profectus
712 1590 802 1626 erat
833 1585 889 1636 (c.
926 1586 1046 1638 infra
1074 1602 1117 1640 p.
1154 1586 1272 1637 1³13),
1316 1586 1388 1627 ube?
1421 1587 1472 1627 αῖ)
1506 1589 1574 1628 11.
1609 1588 1668 1628 ad
1702 1590 1769 1630 15.
1803 1588 1906 1629 [ulit
1939 1590 2015 1630 col-

247 1651 396 1704 legium
446 1651 626 1691 visitavit
669 1655 737 1692 etc.
784 1650 947 1704 (infra,
996 1665 1176 1693 monum.
1221 1653 1320 1693 342.
1367 1652 1495 1706 343),
1544 1653 1728 1694 Victoria
1769 1652 2016 1695 Vindobom

246 1717 315 1757 13.
349 1716 532 1770 Auyusti
565 1717 677 1757 1561
714 1717 771 1756 ad
803 1716 1008 1757 Laininm
1048 1718 1336 1771 praepositum
1375 1718 1609 1771 yeneralem
1645 1719 1836 1772 scripsit:
1882 1718 2015 1768 „Dela

246 1795 346 1822 casa
380 1781 425 1821 ch·
447 1780 701 1822 Probatione
733 1786 890 1835 questa,
924 1783 955 1834 ἑ,
989 1782 1030 1822 [α
1065 1783 1268 1823 sententia
1303 1783 1363 1824 dil
1385 1782 1530 1823 Ραιίνε
1554 1782 1825 1824 Prouinciam
1856 1784 2015 1838 scripta

248 1846 291 1887 in
333 1847 457 1887 litera
499 1846 546 1886 di
578 1848 632 1887 14
677 1846 722 1887 dc·
754 1846 878 1887 Lulc'o
921 1848 966 1887 cli
1000 1847 1169 1901 Praqa:
1211 1847 1374 1888 Domus
1416 1847 1684 1901 probationis
1726 1847 1896 1900 Pragae
1937 1862 2015 1889 suo

246 1913 442 1964 tempore
484 1910 688 1953 constitui
730 1911 1074 1952 commodissime
1115 1911 1288 1965 poterit.
1358 1912 1530 1955 Interea
1572 1915 1746 1954 utamur
1787 1927 1857 1962 ea,
1904 1927 2015 1966 quae

246 1989 358 2017 nunc
380 1975 507 2018 isthic
530 1978 747 2029 utcunque
769 1975 971 2018 instituta
993 1979 1061 2018 est
1095 2011 1102 2019 .
1136 1979 1186 2019 vt
1212 1991 1325 2018 noua
1347 1977 1561 2033 (loquitur
1583 1979 1634 2019 de
1653 1978 1821 2031 fabrica
1848 1978 2014 2030 domus)

247 2043 502 2083 exstruatur
533 2040 661 2082 isthic
694 2055 778 2082 non
814 2041 1085 2095 probamus.“

369 2133 524 2174 „Domus
550 2133 805 2178 probationis“‚
832 2133 948 2178 inquit
974 2135 1170 2178 Polaticus,
1204 2145 1235 2168 a.
1265 2135 1355 2168 1554
1385 2135 1456 2176 „sic
1482 2133 1642 2168 Viennae
1668 2134 1835 2169 inchoata
1861 2135 1948 2176 fuit,
1976 2137 2016 2170 ut

246 2186 375 2220 novitii
400 2186 440 2220 P.
468 2186 645 2220 Erardum
671 2186 916 2221 Avantianum
944 2186 1157 2230 magistrum
1184 2187 1375 2229 haberent,
1411 2188 1473 2221 sed
1501 2189 1621 2221 tamen
1654 2188 1689 2221 in
1715 2187 1837 2222 eodem
1864 2187 2016 2232 collegio

248 2240 370 2274 eadem
399 2251 523 2274 mensa
549 2241 754 2274 uterentur“
788 2239 1005 2282 (Chronicon
1031 2240 1091 2279 [V.
1128 2240 1334 2279 260-261ς
1371 2241 1416 2275 cf.
1445 2240 1644 2275 Chronicon
1670 2241 1740 2282 Vl,
1772 2241 1846 2285 43).
1896 2241 2016 2285 Atque

246 2294 417 2337 antiquus
452 2293 512 2327 ille
548 2293 689 2337 collegii
724 2293 1002 2327 vindobonensis
1033 2291 1266 2327 *Historia-us
1301 2294 1429 2334 refert,
1465 2305 1494 2328 a.
1526 2294 1613 2328 1561
1650 2293 1802 2328 noviciis
1836 2294 2016 2339 propriam

247 2347 470 2389 assignatam
498 2358 577 2380 esse
604 2346 746 2390 collegii
772 2349 930 2391 partem,
958 2347 1136 2391 propriam
1165 2347 1338 2388 culinam,
1365 2347 1546 2392 proprium
1573 2347 1787 2391 magistrum
1813 2359 1892 2381 cum
1919 2347 2016 2382 socio

245 2402 283 2434 et
308 2411 431 2444 coquo,
464 2402 519 2442 „et
544 2400 589 2434 ab
608 2399 674 2434 hoc
699 2402 859 2444 tempore
877 2400 1013 2434 Domus
1033 2399 1257 2433 probationis
1275 2400 1417 2444 proprie
1443 2400 1567 2434 haberi
1593 2400 1728 2445 coepit“
1753 2400 1853 2445 (Cod.
1872 2400 2014 2435 vindob.

250 2453 364 2496 „Hist.
392 2453 471 2487 coll.
491 2452 638 2486 Vienn.¹‘
678 2453 701 2486 f.
730 2452 801 2489 9²²).
852 2453 955 2486 Anno
991 2455 1110 2486 autem
1142 2453 1231 2487 1564
1265 2453 1399 2487 novicii
1424 2452 1634 2487 Vindobona
1660 2453 1815 2497 Pragam
1848 2453 2015 2488 translati

245 2509 330 2541 sunt
359 2507 506 2550 (Socher
531 2506 553 2540 l.
581 2518 610 2540 c.
638 2518 670 2551 p.
700 2506 795 2550 120).

1071 2589 1201 2631 578.

531 2674 595 2716 P.
629 2673 1252 2717 CHRISTOPHORUS
1285 2674 1384 2716 DE
1416 2674 1728 2728 MADRn),

760 2755 877 2790 Lainii
902 2754 1098 2800 praepositi
1124 2754 1305 2799 generalis
1331 2754 1501 2798 vicarius,

403 2838 658 2885 CANISIO
698 2837 997 2893 ALIISQUE
1036 2836 1404 2885 SOCIETATIS
1443 2836 1858 2884 PRAEPOSITIS

850 2914 1413 2962 PROVINCIALIBUS.

925 3015 1038 3051 Roma
1063 3014 1110 3051 15.
1137 3013 1224 3051 Iulii
1248 3014 1335 3051 1561.

365 3093 421 3127 Ex
446 3093 649 3128 litterarum
667 3092 837 3128 Madridii
862 3093 908 3127 ad
926 3092 1090 3127 Lainium
1117 3092 1281 3126 datarum
1309 3091 1514 3137 apographo
1542 3091 1666 3129 eodem
1688 3093 1848 3136 tempore
1865 3090 2009 3136 scripto.
2060 3140 2061 3144 Ἰ

248 3146 332 3181 Cod.
364 3146 489 3189 „Italia
517 3147 618 3182 1560.
648 3147 748 3181 1561.
778 3146 889 3181 1562“
919 3147 942 3180 f.
973 3146 1072 3181 1872.
