2093 3444
285 205 365 240 671.
404 204 569 239 Canisius
596 203 777 238 Stanislao
803 204 926 238 Hosio.
968 205 1062 249 Aug.
1089 204 1231 239 Vindel.
1260 204 1315 239 28.
1343 205 1464 239 Martii
1494 206 1594 240 1562.
1744 208 1849 265 395-

875 322 997 364 671.

793 414 1090 463 CANISIUS

369 512 784 556 STANISLAO
820 512 1231 564 CARDINALI
1263 512 1514 567 llosl0‚

337 595 398 629 uni
427 606 472 629 ex
498 594 640 629 concilii
665 594 854 628 tridentini
880 595 1116 639 praesidibus,
1145 595 1311 640 episcopo
1338 595 1545 630 varmiensi.

531 681 700 729 Augusta
724 680 999 717 Vindelicorum
1026 682 1081 718 28.
1107 681 1233 718 Martii
1259 681 1354 719 1562.

56 811 99 854 f'
135 765 230 853 2Ex
266 765 490 810 autographo
527 764 598 809 (20;
637 765 654 799 1
681 777 736 810 p.;
772 765 808 799 in
844 777 876 809 p.
903 765 936 799 4.
972 765 1077 799 inser.
1116 767 1151 799 et
1187 765 1284 809 sig).
1337 764 1421 799 Cod.
1449 765 1596 809 gothan.
1628 764 1687 807 ἩΕ.
1714 765 1759 798 H.
1787 765 1827 798 2“

75 847 81 854 .
110 820 130 854 2
159 846 166 854 .
195 820 250 854 23.

175 873 231 907 Ex
258 871 481 917 autographo
510 871 702 917 epistulam
729 871 866 917 primus
894 871 1081 915 evulgavit
1104 872 1309 915 Cyprianus
1334 871 1356 905 l.
1376 883 1405 906 c.
1425 883 1457 917 p.
1478 872 1677 906 226-227.
1718 871 1833 906 Parti-

57 926 175 961 culam
205 927 267 969 (ex
295 924 490 971 Cypriano)
519 925 640 970 posuit
665 927 976 969 Laqomarse'niecs,
1003 924 1154 968 Pogiani
1182 924 1366 970 Epistolae
1392 926 1436 966 H,
1463 926 1560 959 2411).

176 1004 303 1047 Leyati
321 1004 534 1046 principum
565 1003 774 1036 Tridentum
810 1003 908 1035 missi
942 1003 993 1035 rel
1028 1003 1199 1035 mittendi.
1250 1003 1550 1047 DIccrtyroloffl'um
1576 1005 1833 1047 [sermonicum.

59 1058 148 1091 Dux
173 1057 442 1091 brunsvicensis.
494 1057 597 1090 Dolet
627 1056 844 1090 Germaniae
870 1057 1046 1099 episcopos
1072 1057 1119 1089 acl
1146 1057 1333 1089 concilium
1362 1058 1517 1090 nondum
1544 1058 1670 1091 adisse.
1723 1057 1834 1090 Hosio

51 1122 124 1155 pro
149 1113 237 1154 stipe
261 1111 330 1144 sibi
355 1111 464 1143 missa
486 1111 627 1154 ¹qratias
652 1112 736 1154 (lyst-
775 1110 869 1143 Eum
895 1114 1008 1154 νομαί,
1039 1114 1084 1150 ut,
1112 1121 1189 1143 cum
1217 1110 1256 1143 ob
1284 1111 1431 1143 nobilem
1459 1112 1633 1154 quendcmz
1659 1112 1835 1144 Polonmn

57 1165 310 1198 adulescentem
338 1165 495 1198 Societas
530 1165 569 1196 in
599 1164 761 1197 Cromen-5
795 1165 1019 1207 altorumque
1054 1164 1281 1206 offensionem
1316 1165 1534 1208 incurrerit,
1569 1176 1643 1197 eam
1682 1166 1834 1198 adiuret.

58 1220 137 1262 Ipse
162 1222 330 1262 cceyrotat.
384 1218 619 1251 Schneidelini
644 1218 775 1251 librum
801 1219 917 1250 mittit.
968 1217 1191 1261 Staphylmn,
1219 1218 1320 1250 cuius
1346 1218 1434 1250 liber
1461 1219 1606 1261 quddam
1634 1219 1834 1262 excuditur,

59 1282 230 1306 romanae
256 1273 379 1305 curbae
406 1271 666 1305 commendavit.

943 1355 949 1387 l

268 1415 390 1456 Pax⁸
422 1414 582 1456 Christi
613 1414 838 1456 nobiscum
873 1413 1178 1456 Jllustrissime
1211 1413 1393 1455 Domine
1426 1413 1629 1457 Patrone.

177 1497 439 1551 Pergratum
472 1497 594 1539 nobis
625 1496 710 1539 fuit
743 1496 905 1548 audire,
939 1496 1172 1539 multorum
1200 1495 1447 1550 Principum
1480 1498 1557 1538 aut
1588 1495 1675 1538 iam
1706 1495 1836 1539 isthic

59 1563 234 1614 adesse,
279 1565 356 1605 aut
396 1561 518 1604 breui
559 1564 769 1604 venturos
811 1576 906 1604 esse
938 1562 1142 1615 Legatos.
1207 1561 1357 1604 Mittet
1397 1561 1518 1603 breui
1559 1575 1660 1603 suos
1703 1562 1835 1604 etiam

58 1628 266 1683 Princeps
298 1627 560 1679 Bauariae1,
596 1642 674 1682 per
706 1642 814 1681 quos
846 1626 1242 1681 Martyrologium2
1276 1626 1539 1668 commodius
1571 1626 1758 1677 mittam,
1793 1629 1837 1670 et

60 1694 97 1736 si
130 1694 231 1748 quid
265 1694 381 1736 aliud
414 1708 469 1735 ex
500 1693 703 1736 nundinis
736 1692 868 1736 fuerit
902 1693 1098 1743 allatum,
1133 1692 1246 1746 quod
1279 1706 1384 1734 sane
1417 1694 1711 1746 expectamus.
1770 1692 1839 1734 Ad

62 1759 356 1803 Secretarium
402 1758 616 1813 Principis
663 1758 1007 1801 Brunswicensis
1057 1757 1155 1799 misi
1206 1757 1357 1800 literas
1374 1758 1402 1800 3.
1474 1757 1839 1812 Arcliiepiscopus

61 1825 345 1879 Moguntinus
390 1828 435 1868 et
476 1825 718 1879 Episcopus
759 1823 1150 1878 Herbipolensisb4
1191 1823 1367 1865 missuri
1411 1837 1580 1877 quoque
1625 1822 1838 1866 dicuntur.

61 1891 224 1942 Pudet,
266 1890 435 1932 tamdiu
468 1890 665 1933 cunctari
695 1890 919 1945 praesules
954 1889 1215 1932 Germanos:
1259 1889 1334 1931 sed
1369 1889 1516 1931 mundi
1548 1889 1678 1931 timor
1710 1902 1841 1943 saepe

62 1959 211 1999 mouet
242 1956 383 2009 magis
416 1970 544 2009 quam
578 1955 737 1998 Christi
769 1970 911 1997 amor:
946 1955 1126 1997 meliora
1157 1957 1306 1997 tamen
1339 1969 1578 2009 speramus.
1641 1954 1841 1996 Necdum

63 2021 232 2076 gratias
265 2021 334 2075 egi
374 2036 452 2076 pro
485 2021 681 2076 acceptis
715 2021 945 2064 coronatis
1009 2020 1236 2074 Agnosco,
1281 2023 1325 2063 et
1366 2020 1553 2063 antehac
1589 2035 1675 2062 non
1708 2019 1842 2062 semel

65 2087 224 2141 agnoui
257 2087 522 2140 singularem
556 2101 662 2140 erga
694 2101 762 2128 me
785 2085 1134 2128 beneuolentiam
1158 2088 1291 2139 atque
1314 2085 1654 2129 munificentiam
1689 2084 1842 2140 ampli-

65 2152 229 2196 tudinis
260 2155 377 2197 tuae.

186 2218 415 2261 Caeterum
457 2217 571 2271 quod
614 2217 668 2260 ad
706 2216 861 2259 nobilis
894 2216 1046 2259 Poloni
1088 2216 1408 2259 adolescentis5
1450 2230 1626 2259 causam
1670 2215 1842 2266 attinet,

67 2283 120 2326 de
152 2298 236 2337 quo
268 2283 419 2326 scribit
449 2283 612 2326 Rector
643 2286 792 2326 noster
824 2282 1134 2334 Viennensis6‚
1178 2285 1246 2325 est
1278 2282 1380 2324 mihi
1416 2282 1587 2336 quidem
1620 2282 1842 2335 ingratum

68 2349 322 2400 admodum,
367 2363 447 2391 nos
489 2349 542 2391 ob
585 2348 796 2391 eiusmodi
837 2362 986 2390 casum
1026 2348 1070 2390 in
1110 2349 1346 2390 multorum
1391 2361 1522 2402 saepe
1564 2347 1844 2389 offensionem

67 2413 278 2466 incidere,
317 2416 367 2457 ut
399 2415 452 2456 ob
484 2428 617 2456 vnum
650 2413 838 2467 aliquem
871 2415 991 2455 †0tus
1024 2414 1129 2456 ordo
1162 2414 1276 2456 male
1309 2413 1459 2455 audire
1493 2415 1688 2467 cogatur.
1753 2412 1843 2461 Quo

188 2542 202 2557 ἢ
229 2538 307 2570 Hoc
331 2548 360 2570 v.
388 2540 419 2570 et
445 2539 465 2569 5
490 2547 562 2581 sqq.
590 2548 613 2571 α
641 2538 747 2581 Cypr.
775 2539 904 2571 omissa
928 2542 1020 2571 szmt.
1119 2536 1134 2557 ¹³
1160 2535 1500 2582 Herbipolensensis
1527 2541 1600 2569 aut.

194 2660 204 2680 ¹
229 2659 402 2694 Albertus
419 2660 462 2695 V.
489 2659 585 2694 haud
611 2659 724 2694 multo
750 2661 832 2705 post
858 2660 1104 2703 Augustinum
1130 2660 1396 2704 Baumgartner
1422 2661 1600 2693 oratorem
1627 2669 1707 2691 cum
1734 2657 1773 2691 P.
1792 2657 1844 2690 Io-

73 2724 164 2747 anne
191 2711 394 2747 Cuvillonio
420 2712 456 2748 S.
482 2713 515 2748 J.
542 2712 754 2747 Tridentum
784 2713 894 2747 misit.

192 2766 206 2787 ²
231 2766 530 2812 Martyrologium
557 2766 763 2811 germanice
789 2778 810 2801 a
837 2766 981 2801 Oanisio
1008 2778 1050 2801 ac
1075 2766 1286 2801 Walassero
1312 2766 1479 2809 Dilingae
1507 2777 1537 2799 a.
1567 2765 1657 2799 1562
1689 2763 1844 2805 editum;

74 2819 157 2854 vide
183 2831 293 2865 supra
319 2832 352 2865 p.
380 2820 450 2854 394
463 2820 485 2855 ².

195 2874 208 2894 ³
234 2873 368 2908 Hosius
393 2873 565 2908 Tridento
592 2873 647 2908 24.
674 2873 798 2907 Martii
827 2874 917 2908 1562
944 2874 989 2908 ad
1015 2874 1211 2908 Henricum
1243 2872 1455 2916 „iuniorem“
1486 2871 1610 2905 ducem
1638 2869 1846 2904 brunsvico-

75 2925 428 2972 guelpherbytanum
454 2927 618 2972 copiosas
643 2926 742 2961 dedit
766 2926 928 2968 litteras,
965 2927 1094 2972 quibus
1127 2938 1207 2961 eum
1239 2926 1275 2960 in
1300 2925 1371 2960 fide
1404 2924 1581 2959 catholica
1613 2923 1848 2958 confirmabat

75 2981 130 3022 et,
165 2981 206 3013 ut
238 2979 451 3015 Germaniae
486 2980 668 3025 principes
703 2980 748 3014 ad
780 2984 940 3015 oratores
965 2981 1176 3015 Tridentum
1212 2979 1406 3013 mittendos
1442 2978 1648 3019 induceret,
1683 2976 1846 3020 rogabat.

76 3033 174 3076 Quae
192 3034 407 3079 compluries
425 3033 524 3079 typis
544 3033 748 3078 exscriptae
766 3036 861 3076 sunt,
887 3037 928 3068 ut
953 3034 990 3068 in
1013 3034 1074 3077 „D.
1095 3032 1267 3067 Stanislai
1285 3032 1388 3066 Hosii
1408 3059 1414 3066 .
1436 3059 1442 3066 .
1463 3031 1641 3076 Operibus
1660 3031 1842 3065 omnibus“

76 3086 121 3121 ab
147 3088 261 3121 Henr.
289 3088 486 3131 Dunyhaeo
512 3086 618 3121 editis
648 3086 885 3133 (Antverpiae
913 3087 1019 3128 1571)
1049 3088 1073 3121 f.
1102 3085 1344 3121 3752—377b.

195 3141 210 3160 4
235 3139 363 3174 Daniel
389 3139 543 3174 Brendel
568 3140 612 3175 ab
638 3139 826 3185 Homburg
853 3143 889 3175 et
913 3140 1118 3175 Fridericus
1145 3151 1165 3174 a
1191 3139 1393 3182 WVirsberg.

198 3194 211 3213 ⁵
238 3192 383 3237 Georgii
410 3193 681 3235 Kuklinowski;
709 3194 812 3239 plura
838 3194 921 3229 vide
947 3194 1012 3228 sub
1039 3193 1138 3238 ipsas
1164 3193 1230 3227 has
1255 3192 1409 3227 litteras.
1510 3191 1524 3212 ⁶
1548 3191 1731 3226 Hoffaeus.
