2093 3444
174 191 228 231 28
429 185 507 220 513.
545 185 697 219 Ioannes
723 184 765 218 de
792 183 947 217 Polanco
976 182 1129 217 Canisio.
1173 182 1287 217 Roma
1312 183 1368 217 25.
1397 183 1553 218 Ianuarii
1582 184 1684 218 1561.

291 305 343 347 V.
378 304 427 346 R.
463 304 558 344 fara
599 303 707 343 bene
741 301 792 342 de
825 303 1010 343 mettere
1051 299 1094 340 in
1137 299 1440 341 obseruatione
1478 299 1522 340 in
1553 299 1781 341 Monachio
1823 301 1866 341 et
1897 298 1940 340 in

174 370 275 424 ogni
307 369 449 411 banda
482 367 625 420 quella
648 366 814 418 Regola
847 365 948 407 delli
980 364 1197 406 sacerdoti
1230 364 1344 406 circa
1377 364 1720 407 familiaritatem
1748 367 1830 407 etc,
1849 365 1864 392 1
1897 367 1941 406 et

174 435 381 489 sigilatim
416 433 451 474 si
483 432 627 486 potria
658 431 829 473 auisare
863 430 930 472 chi
962 430 1018 471 ha
1050 430 1435 484 particularmente
1469 429 1509 471 di
1542 429 1735 482 bisogno.

293 506 354 547 La
387 505 437 546 R.
472 504 523 546 V.
558 506 685 557 potra
726 502 795 544 far
832 501 980 543 uenire
1020 501 1049 542 il
1084 501 1223 542 Padre
1258 500 1455 542 Hurtado
1498 501 1539 542 di
1571 501 1768 554 Praga2‚
1813 503 1857 543 et
1890 500 1941 542 de

176 574 455 614 111111161116116α
480 567 538 623 [P]
574 569 602 609 il
635 581 812 609 numero
846 567 887 608 di
910 568 1111 619 Augusta
1145 569 1188 607 et
1219 568 1344 608 tanto
1377 566 1449 619 piu
1472 580 1518 607 se
1552 566 1588 608 ci
1620 566 1727 608 fossi
1758 566 1788 607 il
1814 566 1940 608 modo

177 637 218 679 di
251 635 421 679 5111111111Ί
452 635 592 676 lecese
627 669 635 676 .
670 633 704 674 si
739 633 864 674 crede
897 647 977 686 pur
1010 631 1088 673 che
1120 631 1163 673 la
1204 630 1402 673 absentia
1443 645 1521 673 sua
1561 646 1646 673 non
1688 631 1841 673 debbia
1873 631 1942 673 far

175 705 331 756 troppo
365 701 504 742 danno
538 699 580 740 in
614 699 769 752 Praga.
833 697 915 739 Ale
948 698 1104 740 lettere
1138 696 1206 738 del
1239 696 1379 737 Padre
1413 697 1462 739 D.
1496 697 1659 750 Lanoy,
1701 697 1769 738 del
1801 696 1942 738 Padre

176 769 226 810 D.
263 765 559 808 Theodorico3
602 768 645 807 et
677 765 727 806 D.
764 763 864 805 Pisa
896 778 941 805 se
974 762 1228 817 rispondera.
1270 776 1327 802 un
1368 762 1481 804 altra
1523 762 1643 804 uolta
1680 762 1837 816 perche
1869 761 1942 815 gia

178 835 199 875 e
232 833 357 875 tardo
391 845 467 885 per
498 830 644 884 hoggi.

295 903 371 952 Qui
406 902 440 943 si
474 901 631 943 manda
664 915 749 942 una
782 903 903 942 certa
934 899 1124 942 lettera⁴
1158 901 1183 940 a
1215 899 1266 942 V.
1302 899 1352 941 R.
1387 899 1429 940 la
1462 898 1590 951 quale
1627 912 1747 940 come
1779 898 1943 940 hauera

176 969 338 1011 seruito
371 968 485 1009 nella
518 981 596 1008 sua
628 965 851 1020 prouincia
883 968 1059 1019 sepotra
1092 964 1273 1006 mandar
1305 965 1344 1006 al
1379 964 1512 1018 padre
1544 963 1821 1014 Euerardo5‚
1863 977 1942 1006 con

175 1036 326 1077 alcunc
360 1034 470 1075 altre
504 1031 838 1081 Quadrimestre.
883 1031 921 1071 A
954 1030 1057 1072 tutti
1093 1030 1161 1071 dia
1194 1044 1271 1071 sua
1309 1029 1454 1082 gratia.
1487 1028 1655 1072 Christo
1690 1029 1745 1071 ‚N
1780 1064 1787 1072 .
1823 1028 1864 1072 S.
1900 1028 1943 1070 di

176 1100 312 1142 sentir
344 1111 513 1152 sempre
547 1100 590 1139 et
624 1096 807 1150 adimpir
839 1110 917 1137 sua
951 1095 1199 1137 santissima
1232 1095 1422 1137 uolonta.
1477 1095 1531 1136 Di
1564 1094 1702 1136 Roma
1736 1094 1765 1136 li
1799 1096 1866 1138 25.
1901 1094 1940 1136 di

176 1164 373 1218 gennaio.
443 1165 566 1205 1561.

296 1347 450 1391 Expedit
478 1345 517 1379 R.
548 1344 586 1378 V.
615 1344 778 1388 regulam
805 1343 903 1378 illuni
930 1344 1175 1384 sacerdotum,
1212 1354 1303 1387 quae
1330 1343 1372 1377 de
1399 1342 1645 1376 familiaritate
1678 1343 1770 1376 etc.¹
1802 1343 1874 1383 est,
1907 1344 1943 1375 et

176 1401 357 1435 Monachii
384 1403 419 1433 et
446 1399 576 1442 ubique
603 1398 645 1431 ad
684 1399 785 1431 usum
815 1397 1008 1437 deducere;
1044 1399 1079 1430 et
1115 1396 1322 1430 nominatim
1360 1407 1438 1437 eos,
1476 1396 1604 1439 quibus
1639 1394 1873 1438 singulariter
1907 1394 1942 1428 id

175 1454 418 1489 necessarium
446 1455 509 1488 est.
538 1451 671 1485 moneri
699 1451 875 1485 convenit.

296 1513 395 1547 Licet
420 1511 461 1545 R.
489 1511 530 1545 V.
559 1514 697 1556 patrem
724 1510 927 1544 Hurtadum
957 1510 1074 1553 Praga
1101 1509 1143 1543 ad
1171 1521 1209 1543 se
1236 1509 1443 1543 arcessere²
1469 1511 1506 1542 et
1531 1508 1668 1549 facere,
1695 1510 1735 1542 ut
1761 1508 1943 1542 Sociorum

176 1579 345 1602 numerus
373 1568 558 1608 Augustae
586 1567 773 1608 augeatur,
801 1564 907 1608 idque
934 1564 1101 1603 maxime,
1128 1564 1156 1597 si
1185 1575 1302 1597 reruni
1322 1565 1525 1596 nostrarum
1545 1562 1628 1596 istic
1646 1561 1943 1596 stabiliendarum

176 1622 267 1656 ratio
294 1622 472 1665 suppetat.
524 1619 642 1663 Ipsius
668 1621 787 1652 tamen
824 1617 986 1651 absentia
1014 1616 1256 1661 Pragensibus
1292 1616 1439 1650 nimium
1467 1616 1635 1650 damnum
1662 1627 1730 1649 non
1758 1626 1945 1649 censemus

177 1687 256 1710 esse
291 1673 526 1708 inferendum.
578 1672 632 1706 Ad
667 1671 807 1706 litteras
843 1671 956 1716 patris
990 1670 1032 1704 D.
1070 1670 1210 1711 Lamon,
1248 1670 1360 1715 patris
1395 1669 1436 1704 D.
1472 1669 1717 1710 Tlieodorici³‚
1753 1668 1795 1702 D.
1822 1668 1943 1702 Pisani

176 1728 393 1763 rescribetur
420 1727 520 1767 alias,
548 1737 626 1760 cum
654 1725 758 1760 hodie
784 1737 864 1760 sero
891 1725 949 1759 sit.

296 1786 498 1832 Epistulam
533 1786 737 1829 quandam⁴
773 1785 816 1818 ad
853 1785 892 1818 R.
930 1784 973 1818 V.
1010 1783 1131 1825 mitto,
1171 1795 1262 1827 quae
1297 1795 1376 1817 cum
1412 1783 1446 1817 in
1483 1783 1595 1828 ipsius
1630 1782 1815 1827 provincia
1849 1781 1945 1816 lecta

176 1842 254 1880 erit,
281 1841 374 1886 patri
405 1840 614 1874 Everardo⁵
638 1839 811 1879 mittetur,
848 1849 927 1872 cnm
955 1837 1092 1881 aliquot
1121 1836 1201 1871 aliis
1232 1836 1362 1870 litteris
1393 1835 1727 1880 quadrimestribus.
1779 1834 1944 1870 Christus

177 1895 341 1930 dominus
367 1896 489 1928 noster
515 1892 678 1927 omnibus
705 1892 858 1936 gratiam
886 1902 987 1925 suam
1014 1891 1168 1931 tribuat,
1204 1901 1274 1934 qua
1300 1890 1566 1924 sanctissimam
1592 1901 1693 1923 suam
1720 1888 1944 1922 voluntatem

177 1951 213 1983 et
239 1950 457 1991 cognoscant
482 1958 623 1991 semper
650 1948 685 1979 et
711 1946 966 1989 exsequantur.
1018 1943 1131 1978 Roma
1158 1944 1214 1978 25.
1244 1943 1395 1977 ianuarii
1426 1944 1527 1977 1561.

297 2106 310 2119 ³
339 2100 399 2133 Sic
433 2110 579 2143 apoyr.;
612 2099 837 2142 leyemlumne
872 2099 908 2131 et
943 2098 1182 2130 aumentare?
1219 2096 1254 2129 et
1291 2094 1397 2128 uedcr
1433 2094 1475 2128 (le
1510 2094 1750 2127 aumentare?
1786 2104 1849 2137 per
1883 2103 1943 2126 au-

178 2155 370 2188 mentare?

303 2313 311 2331 ¹
343 2311 409 2352 „Jn
445 2309 631 2344 audiendis
667 2307 950 2343 confessionibus
988 2307 1240 2351 (foeminarum
1276 2304 1503 2350 praesertim)
1540 2315 1686 2338 seueros
1720 2303 1840 2348 potius
1869 2313 1908 2337 se
1935 2320 1942 2328 ·

180 2377 286 2409 quam
312 2364 462 2398 nimium
489 2363 688 2397 familiares
714 2361 918 2402 exhibeant,
946 2361 1129 2395 moderate
1155 2362 1276 2393 tamen
1303 2369 1383 2393 cum
1410 2360 1563 2402 tempus,
1591 2359 1627 2391 et
1651 2368 1710 2391 res
1735 2356 1770 2391 id
1797 2356 1945 2400 exigent

180 2437 188 2444 ·
215 2418 278 2452 sed
304 2418 339 2451 in
366 2417 575 2451 vniuersum
606 2418 756 2461 paterna
793 2415 968 2459 quaedam
1005 2415 1042 2448 et
1075 2411 1274 2458 spiritualis
1309 2412 1470 2456 grauitas
1506 2411 1541 2445 in
1578 2410 1630 2444 eis
1665 2409 1835 2444 eluceat.“
1889 2409 1944 2443 Ita

179 2472 322 2516 quidem
348 2470 569 2516 praecipitur
595 2470 629 2503 in
657 2469 774 2513 capite
799 2468 913 2513 primo
945 2466 1183 2511 „Regularum
1218 2465 1478 2505 sacerdotum“,
1514 2475 1663 2508 quarum
1699 2462 1945 2507 apographum

179 2523 472 2568 antiquissimum
502 2522 660 2565 (eodem,
695 2523 735 2555 ut
770 2521 931 2562 videtur,
966 2522 1126 2565 tempore
1153 2519 1342 2564 scriptum)
1372 2520 1494 2552 exstat
1528 2518 1563 2551 in
1590 2517 1665 2551 cod.
1696 2517 1863 2560 „Antiqu.
1890 2515 1944 2550 In·

180 2577 307 2621 golst.“
330 2577 354 2611 f.
375 2575 570 2616 74b—75b‚
598 2586 760 2619 quaeque
787 2574 929 2609 omnino
955 2573 1124 2607 videntur
1150 2572 1233 2607 illae
1259 2572 1358 2617 ipsae
1380 2570 1561 2614 „Regulae
1579 2569 1825 2604 sacerdotum¹‘
1855 2579 1945 2610 esse,

181 2642 271 2675 quas
306 2632 462 2665 exeunte
497 2641 528 2664 a.
558 2629 648 2663 1560
675 2628 787 2663 Roma
822 2628 858 2661 in
885 2627 1115 2662 Germaniam
1150 2626 1370 2671 superiorem
1405 2625 1535 2658 missas
1562 2635 1641 2658 esse
1668 2624 1811 2658 constat
1836 2622 1944 2666 (Can.

181 2684 271 2729 Epp.
297 2684 349 2725 II,
378 2682 475 2726 760).
526 2682 562 2717 Si
598 2682 678 2726 quis
713 2684 833 2716 autem
867 2680 969 2723 leges
1002 2680 1106 2714 modo
1142 2680 1278 2724 positas
1304 2690 1385 2712 cum
1415 2677 1584 2721 „Regulis
1611 2676 1820 2711 Societatis“
1850 2686 1945 2710 nunc

180 2737 388 2781 vigentibus
415 2739 451 2770 et
476 2735 632 2769 maxime
658 2747 737 2769 cum
765 2734 901 2777 regulis
928 2733 1153 2768 sacerdotum
1182 2733 1233 2766 16.
1261 2734 1297 2766 et
1318 2732 1370 2766 17.
1399 2733 1435 2765 et
1461 2742 1542 2765 eum
1566 2729 1693 2774 regula
1723 2728 1940 2771 „communi“

182 2791 237 2825 39.
264 2789 473 2831 contulerit,
510 2788 616 2823 facile
642 2788 797 2829 videbit,
833 2787 990 2831 antiquis
1016 2786 1088 2820 illis
1113 2785 1249 2829 regulis
1276 2786 1401 2830 postea
1427 2783 1549 2828 aliqua
1583 2785 1742 2824 resecta,
1778 2781 1849 2816 alia
1885 2781 1944 2816 ad-

182 2843 256 2878 dita
283 2855 372 2878 esse.

301 2897 314 2917 ²
340 2896 392 2930 De
419 2896 458 2930 P.
487 2895 650 2929 Hurtado
676 2894 787 2928 Perez
817 2893 986 2938 (Peretio,
1014 2891 1151 2936 Petrio)
1180 2891 1331 2937 hispano
1357 2891 1439 2925 vide
1470 2891 1555 2925 Can.
1584 2889 1672 2934 Epp.
1700 2889 1744 2930 II,
1769 2889 1871 2923 411¹.

302 2950 314 2970 3
340 2948 551 2983 Theodorici
578 2948 722 2982 Canisii.

301 3004 314 3023 4
340 3002 396 3036 Ex
418 3003 568 3036 Polancz·
594 3001 755 3035 *litteris
780 3000 893 3034 Roma
911 2999 968 3034 28.
986 2998 1143 3033 Ianuarii
1164 2999 1252 3032 1561
1281 2997 1325 3031 ad
1347 2997 1384 3032 P.
1404 2995 1639 3030 Paschasium
1667 2995 1835 3029 Broetum
1855 2993 1889 3027 S.
1909 2993 1942 3028 J.

182 3055 276 3089 datis
302 3055 462 3090 conicere
487 3055 591 3096 licet,
626 3054 823 3088 Polancum
850 3053 993 3088 Canjsio
1027 3051 1170 3086 misisse
1200 3051 1255 3093 „la
1279 3050 1409 3084 lettera
1435 3049 1470 3084 di
1496 3048 1721 3083 edificatione
1746 3047 1782 3081 di
1807 3046 1939 3081 Roma⁴⁶

185 3107 246 3152 (ex
273 3108 478 3153 apographo
505 3107 663 3142 eiusdem
689 3106 873 3151 temporis.
912 3105 996 3140 Cod.
1027 3105 1167 3147 „Ger-m.
1196 3105 1306 3139 1559“
1335 3104 1361 3138 f.
1388 3103 1508 3146 294⁸).

303 3161 316 3180 ⁵
341 3160 577 3201 Mercuriano,
604 3160 808 3205 praeposito
834 3158 1047 3204 provinciali
1074 3158 1287 3193 Germaniae
1313 3155 1502 3190 inferioris.
