<?xml version="1.0" encoding="UTF-8"?>
<!DOCTYPE html PUBLIC "-//W3C//DTD XHTML 1.0 Transitional//EN"
    "http://www.w3.org/TR/xhtml1/DTD/xhtml1-transitional.dtd">
<html xmlns="http://www.w3.org/1999/xhtml" xml:lang="en" lang="en">
 <head>
  <title>
</title>
<meta http-equiv="Content-Type" content="text/html;charset=utf-8" />
  <meta name='ocr-system' content='tesseract 3.04.00' />
  <meta name='ocr-capabilities' content='ocr_page ocr_carea ocr_par ocr_line ocrx_word'/>
</head>
<body>
  <div class='ocr_page' id='page_1' title='image "beatipetricanisi03cani_0423.png"; bbox 0 0 2093 3444; ppageno 0'>
   <div class='ocr_carea' id='block_1_1' title="bbox 307 178 1884 229">
    <p class='ocr_par' dir='ltr' id='par_1_1' title="bbox 307 178 1884 229">
     <span class='ocr_line' id='line_1_1' title="bbox 307 178 1884 229; baseline 0.005 -17"><span class='ocrx_word' id='word_1_1' title='bbox 307 179 386 213; x_wconf 81' lang='lat'>652.</span> <span class='ocrx_word' id='word_1_2' title='bbox 422 178 471 213; x_wconf 95' lang='lat' dir='ltr'>Io.</span> <span class='ocrx_word' id='word_1_3' title='bbox 499 179 542 213; x_wconf 87' lang='lat' dir='ltr'>de</span> <span class='ocrx_word' id='word_1_4' title='bbox 569 179 731 214; x_wconf 77' lang='lat' dir='ltr'>Victoria</span> <span class='ocrx_word' id='word_1_5' title='bbox 758 179 912 215; x_wconf 86' lang='lat' dir='ltr'>Canisio.</span> <span class='ocrx_word' id='word_1_6' title='bbox 953 181 1071 226; x_wconf 87' lang='lat' dir='ltr'>Praga</span> <span class='ocrx_word' id='word_1_7' title='bbox 1098 194 1129 217; x_wconf 84' lang='lat' dir='ltr'>a.</span> <span class='ocrx_word' id='word_1_8' title='bbox 1160 183 1246 217; x_wconf 87' lang='lat'>1561</span> <span class='ocrx_word' id='word_1_9' title='bbox 1277 183 1335 217; x_wconf 88' lang='lat' dir='ltr'>vel</span> <span class='ocrx_word' id='word_1_10' title='bbox 1361 183 1507 218; x_wconf 86' lang='lat' dir='ltr'>ineunte</span> <span class='ocrx_word' id='word_1_11' title='bbox 1533 195 1565 218; x_wconf 82' lang='lat' dir='ltr'>a.</span> <span class='ocrx_word' id='word_1_12' title='bbox 1596 185 1696 219; x_wconf 71' lang='lat'>1562.</span> <span class='ocrx_word' id='word_1_13' title='bbox 1801 188 1884 229; x_wconf 76' lang='lat'>347</span> 
     </span>
    </p>
   </div>
   <div class='ocr_carea' id='block_1_2' title="bbox 112 296 1889 1011">
    <p class='ocr_par' dir='ltr' id='par_1_2' title="bbox 113 296 1889 483">
     <span class='ocr_line' id='line_1_2' title="bbox 114 296 1887 359; baseline 0.005 -20"><span class='ocrx_word' id='word_1_14' title='bbox 114 296 278 352; x_wconf 89' lang='lat' dir='ltr'>peritos</span> <span class='ocrx_word' id='word_1_15' title='bbox 310 298 500 340; x_wconf 87' lang='lat' dir='ltr'>medicos</span> <span class='ocrx_word' id='word_1_16' title='bbox 542 299 597 341; x_wconf 88' lang='lat' dir='ltr'>ad</span> <span class='ocrx_word' id='word_1_17' title='bbox 637 313 796 352; x_wconf 88' lang='lat' dir='ltr'>graues</span> <span class='ocrx_word' id='word_1_18' title='bbox 829 304 1109 354; x_wconf 89' lang='lat' dir='ltr'>aegrotorum</span> <span class='ocrx_word' id='word_1_19' title='bbox 1150 302 1323 344; x_wconf 81' lang='lat' dir='ltr'>morbos</span> <span class='ocrx_word' id='word_1_20' title='bbox 1364 302 1407 343; x_wconf 91' lang='lat' dir='ltr'>in</span> <span class='ocrx_word' id='word_1_21' title='bbox 1449 303 1530 345; x_wconf 86' lang='lat' dir='ltr'>hac</span> <span class='ocrx_word' id='word_1_22' title='bbox 1572 304 1728 347; x_wconf 88' lang='lat' dir='ltr'>saltem</span> <span class='ocrx_word' id='word_1_23' title='bbox 1761 308 1887 359; x_wconf 87' lang='lat' dir='ltr'>parte</span> 
     </span>
     <span class='ocr_line' id='line_1_3' title="bbox 114 363 1889 421; baseline 0.005 -17"><span class='ocrx_word' id='word_1_24' title='bbox 114 376 161 404; x_wconf 91' lang='lat' dir='ltr'>se</span> <span class='ocrx_word' id='word_1_25' title='bbox 202 363 395 405; x_wconf 91' lang='lat' dir='ltr'>nonnihil</span> <span class='ocrx_word' id='word_1_26' title='bbox 439 365 779 407; x_wconf 87' lang='lat' dir='ltr'>accommodare.</span> <span class='ocrx_word' id='word_1_27' title='bbox 849 365 934 407; x_wconf 83' lang='lat' dir='ltr'>Sed</span> <span class='ocrx_word' id='word_1_28' title='bbox 975 366 1098 409; x_wconf 89' lang='lat' dir='ltr'>nouit</span> <span class='ocrx_word' id='word_1_29' title='bbox 1139 366 1354 421; x_wconf 74' lang='lat' dir='ltr'>sapientia</span> <span class='ocrx_word' id='word_1_30' title='bbox 1395 370 1493 418; x_wconf 89' lang='lat' dir='ltr'>tua,</span> <span class='ocrx_word' id='word_1_31' title='bbox 1538 383 1623 421; x_wconf 87' lang='lat' dir='ltr'>qua</span> <span class='ocrx_word' id='word_1_32' title='bbox 1664 370 1752 412; x_wconf 87' lang='lat' dir='ltr'>sint</span> <span class='ocrx_word' id='word_1_33' title='bbox 1793 373 1889 413; x_wconf 85' lang='lat' dir='ltr'>arte</span> 
     </span>
     <span class='ocr_line' id='line_1_4' title="bbox 113 428 1886 483; baseline 0.004 -13"><span class='ocrx_word' id='word_1_34' title='bbox 113 428 332 471; x_wconf 88' lang='lat' dir='ltr'>tractandi</span> <span class='ocrx_word' id='word_1_35' title='bbox 354 429 467 471; x_wconf 91' lang='lat' dir='ltr'>tales</span> <span class='ocrx_word' id='word_1_36' title='bbox 490 429 672 482; x_wconf 87' lang='lat' dir='ltr'>aegroti,</span> <span class='ocrx_word' id='word_1_37' title='bbox 704 432 752 472; x_wconf 90' lang='lat' dir='ltr'>ut</span> <span class='ocrx_word' id='word_1_38' title='bbox 774 430 964 472; x_wconf 85' lang='lat' dir='ltr'>medicas</span> <span class='ocrx_word' id='word_1_39' title='bbox 987 445 1141 473; x_wconf 88' lang='lat' dir='ltr'>manus</span> <span class='ocrx_word' id='word_1_40' title='bbox 1164 432 1414 483; x_wconf 89' lang='lat' dir='ltr'>admittant,</span> <span class='ocrx_word' id='word_1_41' title='bbox 1440 446 1490 474; x_wconf 89' lang='lat' dir='ltr'>ac</span> <span class='ocrx_word' id='word_1_42' title='bbox 1513 434 1702 476; x_wconf 87' lang='lat' dir='ltr'>medicos</span> <span class='ocrx_word' id='word_1_43' title='bbox 1726 439 1886 478; x_wconf 87' lang='lat' dir='ltr'>ament.</span> 
     </span>
    </p>

    <p class='ocr_par' dir='ltr' id='par_1_3' title="bbox 112 494 1889 1011">
     <span class='ocr_line' id='line_1_5' title="bbox 232 494 1887 550; baseline 0.004 -16"><span class='ocrx_word' id='word_1_44' title='bbox 232 494 367 535; x_wconf 89' lang='lat' dir='ltr'>Miror</span> <span class='ocrx_word' id='word_1_45' title='bbox 408 494 459 536; x_wconf 90' lang='lat' dir='ltr'>de</span> <span class='ocrx_word' id='word_1_46' title='bbox 500 508 568 536; x_wconf 90' lang='lat' dir='ltr'>me</span> <span class='ocrx_word' id='word_1_47' title='bbox 609 495 832 536; x_wconf 83' lang='lat' dir='ltr'>auocando</span> <span class='ocrx_word' id='word_1_48' title='bbox 875 510 1022 538; x_wconf 88' lang='lat' dir='ltr'>curam</span> <span class='ocrx_word' id='word_1_49' title='bbox 1064 497 1195 539; x_wconf 91' lang='lat' dir='ltr'>ullam</span> <span class='ocrx_word' id='word_1_50' title='bbox 1239 511 1334 539; x_wconf 89' lang='lat' dir='ltr'>esse</span> <span class='ocrx_word' id='word_1_51' title='bbox 1377 497 1480 539; x_wconf 86' lang='lat' dir='ltr'>uiris</span> <span class='ocrx_word' id='word_1_52' title='bbox 1520 499 1744 550; x_wconf 79' lang='lat' dir='ltr'>maximis,</span> <span class='ocrx_word' id='word_1_53' title='bbox 1792 514 1887 542; x_wconf 83' lang='lat' dir='ltr'>cum</span> 
     </span>
     <span class='ocr_line' id='line_1_6' title="bbox 112 558 1889 617; baseline 0.003 -17"><span class='ocrx_word' id='word_1_54' title='bbox 112 558 221 601; x_wconf 90' lang='lat' dir='ltr'>satis</span> <span class='ocrx_word' id='word_1_55' title='bbox 252 558 508 612; x_wconf 78' lang='lat' dir='ltr'>intelligam,</span> <span class='ocrx_word' id='word_1_56' title='bbox 542 573 611 601; x_wconf 90' lang='lat' dir='ltr'>me</span> <span class='ocrx_word' id='word_1_57' title='bbox 643 559 679 601; x_wconf 88' lang='lat' dir='ltr'>si</span> <span class='ocrx_word' id='word_1_58' title='bbox 701 559 830 602; x_wconf 85' lang='lat' dir='ltr'>isthic</span> <span class='ocrx_word' id='word_1_59' title='bbox 853 561 1064 612; x_wconf 77' lang='lat' dir='ltr'>adessem,</span> <span class='ocrx_word' id='word_1_60' title='bbox 1098 561 1212 604; x_wconf 88' lang='lat' dir='ltr'>idem</span> <span class='ocrx_word' id='word_1_61' title='bbox 1235 561 1442 613; x_wconf 86' lang='lat' dir='ltr'>futurum,</span> <span class='ocrx_word' id='word_1_62' title='bbox 1478 564 1592 617; x_wconf 84' lang='lat' dir='ltr'>quod</span> <span class='ocrx_word' id='word_1_63' title='bbox 1625 578 1753 606; x_wconf 82' lang='lat' dir='ltr'>anser</span> <span class='ocrx_word' id='word_1_64' title='bbox 1774 564 1889 607; x_wconf 84' lang='lat' dir='ltr'>inter</span> 
     </span>
     <span class='ocr_line' id='line_1_7' title="bbox 112 624 1887 683; baseline 0.003 -18"><span class='ocrx_word' id='word_1_65' title='bbox 112 624 253 666; x_wconf 89' lang='lat' dir='ltr'>olores</span> <span class='ocrx_word' id='word_1_66' title='bbox 269 625 296 666; x_wconf 82' lang='lat'>1.</span> <span class='ocrx_word' id='word_1_67' title='bbox 343 624 400 666; x_wconf 84' lang='lat' dir='ltr'>Et</span> <span class='ocrx_word' id='word_1_68' title='bbox 421 624 630 667; x_wconf 85' lang='lat' dir='ltr'>iudicabit</span> <span class='ocrx_word' id='word_1_69' title='bbox 652 625 891 679; x_wconf 72' lang='lat' dir='ltr'>amplitudo</span> <span class='ocrx_word' id='word_1_70' title='bbox 914 628 1004 677; x_wconf 90' lang='lat' dir='ltr'>tua,</span> <span class='ocrx_word' id='word_1_71' title='bbox 1039 627 1301 681; x_wconf 70' lang='lat' dir='ltr'>expediatne</span> <span class='ocrx_word' id='word_1_72' title='bbox 1324 627 1436 669; x_wconf 90' lang='lat' dir='ltr'>hunc</span> <span class='ocrx_word' id='word_1_73' title='bbox 1460 629 1658 682; x_wconf 87' lang='lat' dir='ltr'>quamuis</span> <span class='ocrx_word' id='word_1_74' title='bbox 1682 629 1887 683; x_wconf 81' lang='lat' dir='ltr'>exiguum</span> 
     </span>
     <span class='ocr_line' id='line_1_8' title="bbox 113 689 1888 748; baseline 0.004 -18"><span class='ocrx_word' id='word_1_75' title='bbox 113 689 377 744; x_wconf 86' lang='lat' dir='ltr'>operarium,</span> <span class='ocrx_word' id='word_1_76' title='bbox 422 690 679 743; x_wconf 86' lang='lat' dir='ltr'>Augustano</span> <span class='ocrx_word' id='word_1_77' title='bbox 714 704 820 744; x_wconf 89' lang='lat' dir='ltr'>agro</span> <span class='ocrx_word' id='word_1_78' title='bbox 853 691 1049 733; x_wconf 82' lang='lat' dir='ltr'>subtrahi</span> <span class='ocrx_word' id='word_1_79' title='bbox 1082 707 1159 746; x_wconf 85' lang='lat' dir='ltr'>per</span> <span class='ocrx_word' id='word_1_80' title='bbox 1191 693 1593 746; x_wconf 82' lang='lat' dir='ltr'>quadragesimam,</span> <span class='ocrx_word' id='word_1_81' title='bbox 1637 695 1751 748; x_wconf 90' lang='lat' dir='ltr'>quod</span> <span class='ocrx_word' id='word_1_82' title='bbox 1783 708 1888 737; x_wconf 85' lang='lat' dir='ltr'>sane</span> 
     </span>
     <span class='ocr_line' id='line_1_9' title="bbox 112 755 1887 809; baseline 0.002 -12"><span class='ocrx_word' id='word_1_83' title='bbox 112 757 284 809; x_wconf 85' lang='lat' dir='ltr'>tempus</span> <span class='ocrx_word' id='word_1_84' title='bbox 317 757 385 797; x_wconf 89' lang='lat' dir='ltr'>est</span> <span class='ocrx_word' id='word_1_85' title='bbox 424 755 468 797; x_wconf 93' lang='lat' dir='ltr'>in</span> <span class='ocrx_word' id='word_1_86' title='bbox 510 755 638 797; x_wconf 87' lang='lat' dir='ltr'>uinea</span> <span class='ocrx_word' id='word_1_87' title='bbox 670 755 842 798; x_wconf 88' lang='lat' dir='ltr'>Domini</span> <span class='ocrx_word' id='word_1_88' title='bbox 885 771 980 798; x_wconf 86' lang='lat' dir='ltr'>cum</span> <span class='ocrx_word' id='word_1_89' title='bbox 1013 756 1158 800; x_wconf 87' lang='lat' dir='ltr'>fructu</span> <span class='ocrx_word' id='word_1_90' title='bbox 1200 758 1439 801; x_wconf 84' lang='lat' dir='ltr'>laborandi.</span> <span class='ocrx_word' id='word_1_91' title='bbox 1505 759 1683 802; x_wconf 82' lang='lat' dir='ltr'>Statuat</span> <span class='ocrx_word' id='word_1_92' title='bbox 1714 760 1887 803; x_wconf 88' lang='lat' dir='ltr'>interim</span> 
     </span>
     <span class='ocr_line' id='line_1_10' title="bbox 112 819 1887 876; baseline 0.003 -15"><span class='ocrx_word' id='word_1_93' title='bbox 112 819 445 862; x_wconf 78' lang='lat' dir='ltr'>-Jllustrissimus</span> <span class='ocrx_word' id='word_1_94' title='bbox 490 820 731 863; x_wconf 82' lang='lat' dir='ltr'>Cardinalis</span> <span class='ocrx_word' id='word_1_95' title='bbox 776 821 1081 874; x_wconf 81' lang='lat' dir='ltr'>Augustanus,</span> <span class='ocrx_word' id='word_1_96' title='bbox 1132 824 1245 876; x_wconf 88' lang='lat' dir='ltr'>quod</span> <span class='ocrx_word' id='word_1_97' title='bbox 1290 838 1345 866; x_wconf 83' lang='lat' dir='ltr'>ex</span> <span class='ocrx_word' id='word_1_98' title='bbox 1389 838 1435 866; x_wconf 88' lang='lat' dir='ltr'>re</span> <span class='ocrx_word' id='word_1_99' title='bbox 1480 824 1574 866; x_wconf 85' lang='lat' dir='ltr'>fore</span> <span class='ocrx_word' id='word_1_100' title='bbox 1620 825 1887 869; x_wconf 87' lang='lat' dir='ltr'>caensuerit:</span> 
     </span>
     <span class='ocr_line' id='line_1_11' title="bbox 113 884 1888 944; baseline 0.004 -18"><span class='ocrx_word' id='word_1_101' title='bbox 113 884 285 927; x_wconf 87' lang='lat' dir='ltr'>diuinae</span> <span class='ocrx_word' id='word_1_102' title='bbox 331 885 518 928; x_wconf 91' lang='lat' dir='ltr'>bonitati</span> <span class='ocrx_word' id='word_1_103' title='bbox 565 889 610 929; x_wconf 91' lang='lat' dir='ltr'>et</span> <span class='ocrx_word' id='word_1_104' title='bbox 658 886 930 929; x_wconf 88' lang='lat' dir='ltr'>obedientiae</span> <span class='ocrx_word' id='word_1_105' title='bbox 978 890 1157 929; x_wconf 81' lang='lat' dir='ltr'>sanctae</span> <span class='ocrx_word' id='word_1_106' title='bbox 1206 902 1274 930; x_wconf 88' lang='lat' dir='ltr'>me</span> <span class='ocrx_word' id='word_1_107' title='bbox 1321 891 1463 932; x_wconf 88' lang='lat' dir='ltr'>totum</span> <span class='ocrx_word' id='word_1_108' title='bbox 1509 890 1786 944; x_wconf 84' lang='lat' dir='ltr'>permittam,</span> <span class='ocrx_word' id='word_1_109' title='bbox 1844 893 1888 934; x_wconf 93' lang='lat' dir='ltr'>et</span> 
     </span>
     <span class='ocr_line' id='line_1_12' title="bbox 112 950 1887 1011; baseline 0.004 -19"><span class='ocrx_word' id='word_1_110' title='bbox 112 950 335 993; x_wconf 84' lang='lat' dir='ltr'>Ecclesiae</span> <span class='ocrx_word' id='word_1_111' title='bbox 380 951 615 993; x_wconf 89' lang='lat' dir='ltr'>commodis</span> <span class='ocrx_word' id='word_1_112' title='bbox 658 951 893 993; x_wconf 87' lang='lat' dir='ltr'>inseruiam</span> <span class='ocrx_word' id='word_1_113' title='bbox 941 952 1182 1006; x_wconf 88' lang='lat' dir='ltr'>ubicunque</span> <span class='ocrx_word' id='word_1_114' title='bbox 1230 954 1375 996; x_wconf 90' lang='lat' dir='ltr'>uiuam</span> <span class='ocrx_word' id='word_1_115' title='bbox 1420 955 1650 998; x_wconf 88' lang='lat' dir='ltr'>Domino</span> <span class='ocrx_word' id='word_1_116' title='bbox 1696 970 1887 1011; x_wconf 84' lang='lat' dir='ltr'>coope-</span> 
     </span>
    </p>
   </div>
   <div class='ocr_carea' id='block_1_3' title="bbox 112 1016 1887 1188">
    <p class='ocr_par' dir='ltr' id='par_1_4' title="bbox 112 1016 1887 1188">
     <span class='ocr_line' id='line_1_13' title="bbox 112 1016 1887 1074; baseline 0.004 -17"><span class='ocrx_word' id='word_1_117' title='bbox 112 1017 319 1067; x_wconf 84' lang='lat' dir='ltr'>rante2,</span> <span class='ocrx_word' id='word_1_118' title='bbox 354 1016 426 1069; x_wconf 90' lang='lat' dir='ltr'>qui</span> <span class='ocrx_word' id='word_1_119' title='bbox 458 1031 581 1058; x_wconf 90' lang='lat' dir='ltr'>suam</span> <span class='ocrx_word' id='word_1_120' title='bbox 613 1016 736 1059; x_wconf 89' lang='lat' dir='ltr'>nobis</span> <span class='ocrx_word' id='word_1_121' title='bbox 769 1017 957 1070; x_wconf 79' lang='lat' dir='ltr'>gratiani</span> <span class='ocrx_word' id='word_1_122' title='bbox 991 1032 1152 1071; x_wconf 89' lang='lat' dir='ltr'>augere</span> <span class='ocrx_word' id='word_1_123' title='bbox 1186 1018 1401 1071; x_wconf 82' lang='lat' dir='ltr'>dignetur.</span> <span class='ocrx_word' id='word_1_124' title='bbox 1446 1018 1674 1074; x_wconf 89' lang='lat' dir='ltr'>Augustae</span> <span class='ocrx_word' id='word_1_125' title='bbox 1708 1023 1776 1065; x_wconf 79' lang='lat'>29.</span> <span class='ocrx_word' id='word_1_126' title='bbox 1802 1022 1887 1064; x_wconf 93' lang='lat' dir='ltr'>De-</span> 
     </span>
     <span class='ocr_line' id='line_1_14' title="bbox 114 1081 488 1124; baseline 0 0"><span class='ocrx_word' id='word_1_127' title='bbox 114 1081 300 1124; x_wconf 89' lang='lat' dir='ltr'>cembris</span> <span class='ocrx_word' id='word_1_128' title='bbox 335 1083 445 1124; x_wconf 86' lang='lat'>1561</span> <span class='ocrx_word' id='word_1_129' title='bbox 463 1088 488 1124; x_wconf 50' lang='grc' dir='ltr'>ἢ.</span> 
     </span>
     <span class='ocr_line' id='line_1_15' title="bbox 1014 1142 1824 1188; baseline 0.005 -4"><span class='ocrx_word' id='word_1_130' title='bbox 1014 1142 1173 1184; x_wconf 80' lang='lat' dir='ltr'>Seruus</span> <span class='ocrx_word' id='word_1_131' title='bbox 1208 1143 1251 1184; x_wconf 92' lang='lat' dir='ltr'>in</span> <span class='ocrx_word' id='word_1_132' title='bbox 1284 1143 1453 1187; x_wconf 88' lang='lat' dir='ltr'>Christo</span> <span class='ocrx_word' id='word_1_133' title='bbox 1486 1145 1580 1188; x_wconf 89' lang='lat' dir='ltr'>Pet.</span> <span class='ocrx_word' id='word_1_134' title='bbox 1615 1145 1824 1188; x_wconf 83' lang='lat' dir='ltr'>Canisius.</span> 
     </span>
    </p>
   </div>
   <div class='ocr_carea' id='block_1_4' title="bbox 109 1229 1885 1419">
    <p class='ocr_par' dir='ltr' id='par_1_5' title="bbox 109 1229 1885 1419">
     <span class='ocr_line' id='line_1_16' title="bbox 230 1229 1884 1288; baseline 0.003 -17"><span class='ocrx_word' id='word_1_135' title='bbox 230 1230 258 1282; x_wconf 88' lang='lat'><strong>†</strong></span> <span class='ocrx_word' id='word_1_136' title='bbox 290 1229 668 1272; x_wconf 84' lang='lat' dir='ltr'>Reuerendissimo</span> <span class='ocrx_word' id='word_1_137' title='bbox 711 1232 755 1272; x_wconf 88' lang='lat' dir='ltr'>et</span> <span class='ocrx_word' id='word_1_138' title='bbox 795 1231 1101 1273; x_wconf 74' lang='lat' dir='ltr'>Jllustrissimo</span> <span class='ocrx_word' id='word_1_139' title='bbox 1143 1231 1187 1272; x_wconf 89' lang='lat' dir='ltr'>in</span> <span class='ocrx_word' id='word_1_140' title='bbox 1228 1232 1397 1275; x_wconf 85' lang='lat' dir='ltr'>Christo</span> <span class='ocrx_word' id='word_1_141' title='bbox 1441 1234 1560 1288; x_wconf 87' lang='lat' dir='ltr'>Patrj</span> <span class='ocrx_word' id='word_1_142' title='bbox 1603 1248 1654 1276; x_wconf 85' lang='lat' dir='ltr'>ac</span> <span class='ocrx_word' id='word_1_143' title='bbox 1686 1234 1884 1285; x_wconf 87' lang='lat' dir='ltr'>Domino,</span> 
     </span>
     <span class='ocr_line' id='line_1_17' title="bbox 111 1294 1885 1354; baseline 0.002 -16"><span class='ocrx_word' id='word_1_144' title='bbox 111 1295 162 1338; x_wconf 92' lang='lat' dir='ltr'>D.</span> <span class='ocrx_word' id='word_1_145' title='bbox 197 1294 415 1338; x_wconf 80' lang='lat' dir='ltr'>Stanislao</span> <span class='ocrx_word' id='word_1_146' title='bbox 449 1295 606 1346; x_wconf 90' lang='lat' dir='ltr'>Hosio,</span> <span class='ocrx_word' id='word_1_147' title='bbox 650 1295 866 1350; x_wconf 88' lang='lat' dir='ltr'>Cardinalj</span> <span class='ocrx_word' id='word_1_148' title='bbox 901 1298 945 1338; x_wconf 93' lang='lat' dir='ltr'>et</span> <span class='ocrx_word' id='word_1_149' title='bbox 978 1295 1216 1351; x_wconf 88' lang='lat' dir='ltr'>Epis[copo</span> <span class='ocrx_word' id='word_1_150' title='bbox 1243 1296 1536 1353; x_wconf 85' lang='lat' dir='ltr'>Var]miensj‚</span> <span class='ocrx_word' id='word_1_151' title='bbox 1572 1299 1661 1342; x_wconf 60' lang='lat' dir='ltr'>SE.</span> <span class='ocrx_word' id='word_1_152' title='bbox 1696 1300 1885 1354; x_wconf 89' lang='lat' dir='ltr'>Aposto-</span> 
     </span>
     <span class='ocr_line' id='line_1_18' title="bbox 109 1359 1883 1419; baseline 0.003 -17"><span class='ocrx_word' id='word_1_153' title='bbox 109 1360 220 1403; x_wconf 88' lang='lat' dir='ltr'>licae</span> <span class='ocrx_word' id='word_1_154' title='bbox 254 1359 317 1415; x_wconf 84' lang='lat' dir='ltr'>[in</span> <span class='ocrx_word' id='word_1_155' title='bbox 351 1361 523 1415; x_wconf 78' lang='lat' dir='ltr'>synodo</span> <span class='ocrx_word' id='word_1_156' title='bbox 547 1359 824 1416; x_wconf 85' lang='lat' dir='ltr'>Tri]dentina</span> <span class='ocrx_word' id='word_1_157' title='bbox 857 1361 1036 1415; x_wconf 88' lang='lat' dir='ltr'>Legato,</span> <span class='ocrx_word' id='word_1_158' title='bbox 1073 1360 1283 1416; x_wconf 79' lang='lat' dir='ltr'>[Patrono</span> <span class='ocrx_word' id='word_1_159' title='bbox 1317 1362 1617 1418; x_wconf 87' lang='lat' dir='ltr'>am]plissimo.</span> <span class='ocrx_word' id='word_1_160' title='bbox 1673 1365 1883 1419; x_wconf 84' lang='lat' dir='ltr'>Tridentj.</span> 
     </span>
    </p>
   </div>
   <div class='ocr_carea' id='block_1_5' title="bbox 111 1441 1887 1542">
    <p class='ocr_par' dir='ltr' id='par_1_6' title="bbox 111 1441 1887 1542">
     <span class='ocr_line' id='line_1_19' title="bbox 229 1441 1887 1489; baseline 0.003 -13"><span class='ocrx_word' id='word_1_161' title='bbox 229 1441 459 1487; x_wconf 83' lang='lat' dir='ltr'>Inscriptioni</span> <span class='ocrx_word' id='word_1_162' title='bbox 486 1442 613 1476; x_wconf 91' lang='lat' dir='ltr'>harum</span> <span class='ocrx_word' id='word_1_163' title='bbox 631 1442 836 1477; x_wconf 87' lang='lat' dir='ltr'>litterarum</span> <span class='ocrx_word' id='word_1_164' title='bbox 855 1454 962 1477; x_wconf 85' lang='lat' dir='ltr'>manu</span> <span class='ocrx_word' id='word_1_165' title='bbox 982 1443 1140 1478; x_wconf 86' lang='lat' dir='ltr'>eiusdem</span> <span class='ocrx_word' id='word_1_166' title='bbox 1160 1443 1333 1489; x_wconf 80' lang='lat' dir='ltr'>temporis</span> <span class='ocrx_word' id='word_1_167' title='bbox 1356 1444 1566 1480; x_wconf 83' lang='lat' dir='ltr'>adnotatum</span> <span class='ocrx_word' id='word_1_168' title='bbox 1586 1448 1660 1481; x_wconf 85' lang='lat' dir='ltr'>est:</span> <span class='ocrx_word' id='word_1_169' title='bbox 1693 1446 1887 1489; x_wconf 78' lang='lat' dir='ltr'>„Redditae</span> 
     </span>
     <span class='ocr_line' id='line_1_20' title="bbox 111 1495 849 1542; baseline 0.001 -12"><span class='ocrx_word' id='word_1_170' title='bbox 111 1496 133 1530; x_wconf 85' lang='lat'><strong>2</strong></span> <span class='ocrx_word' id='word_1_171' title='bbox 160 1495 317 1542; x_wconf 85' lang='lat' dir='ltr'>lanuarij</span> <span class='ocrx_word' id='word_1_172' title='bbox 348 1496 449 1531; x_wconf 70' lang='lat'>1562.</span> <span class='ocrx_word' id='word_1_173' title='bbox 476 1496 585 1541; x_wconf 79' lang='lat' dir='ltr'>Resp.</span> <span class='ocrx_word' id='word_1_174' title='bbox 613 1497 633 1531; x_wconf 88' lang='lat'>6</span> <span class='ocrx_word' id='word_1_175' title='bbox 660 1496 849 1542; x_wconf 74' lang='lat' dir='ltr'>Ianua1·ij.“</span> 
     </span>
    </p>
   </div>
   <div class='ocr_carea' id='block_1_6' title="bbox 430 1617 1568 1847">
    <p class='ocr_par' dir='ltr' id='par_1_7' title="bbox 430 1617 1568 1847">
     <span class='ocr_line' id='line_1_21' title="bbox 935 1617 1066 1659; baseline 0 0"><span class='ocrx_word' id='word_1_176' title='bbox 935 1617 1066 1659; x_wconf 76' lang='lat'>652.</span> 
     </span>
     <span class='ocr_line' id='line_1_22' title="bbox 430 1708 1568 1764; baseline 0.003 -13"><span class='ocrx_word' id='word_1_177' title='bbox 430 1710 493 1751; x_wconf 89' lang='lat' dir='ltr'>P.</span> <span class='ocrx_word' id='word_1_178' title='bbox 526 1708 846 1752; x_wconf 77' lang='lat' dir='ltr'>IOANNES</span> <span class='ocrx_word' id='word_1_179' title='bbox 879 1710 978 1751; x_wconf 81' lang='lat' dir='ltr'>DE</span> <span class='ocrx_word' id='word_1_180' title='bbox 1011 1709 1370 1753; x_wconf 75' lang='lat' dir='ltr'>VICTORIA</span> <span class='ocrx_word' id='word_1_181' title='bbox 1404 1710 1459 1753; x_wconf 84' lang='lat' dir='ltr'>S.</span> <span class='ocrx_word' id='word_1_182' title='bbox 1492 1711 1568 1764; x_wconf 73' lang='lat' dir='ltr'>J.9</span> 
     </span>
     <span class='ocr_line' id='line_1_23' title="bbox 861 1799 1134 1847; baseline 0 0"><span class='ocrx_word' id='word_1_183' title='bbox 861 1799 1134 1847; x_wconf 78' lang='lat' dir='ltr'>CANISIO.</span> 
     </span>
    </p>
   </div>
   <div class='ocr_carea' id='block_1_7' title="bbox 636 1901 1363 1949">
    <p class='ocr_par' dir='ltr' id='par_1_8' title="bbox 636 1901 1363 1949">
     <span class='ocr_line' id='line_1_24' title="bbox 636 1901 1363 1949; baseline 0 -11"><span class='ocrx_word' id='word_1_184' title='bbox 636 1902 760 1949; x_wconf 82' lang='lat' dir='ltr'>Praga</span> <span class='ocrx_word' id='word_1_185' title='bbox 786 1912 819 1938; x_wconf 82' lang='lat' dir='ltr'>a.</span> <span class='ocrx_word' id='word_1_186' title='bbox 845 1901 920 1938; x_wconf 81' lang='lat'>1561</span> <span class='ocrx_word' id='word_1_187' title='bbox 946 1902 1006 1938; x_wconf 81' lang='lat' dir='ltr'>vel</span> <span class='ocrx_word' id='word_1_188' title='bbox 1033 1902 1182 1939; x_wconf 82' lang='lat' dir='ltr'>incunte</span> <span class='ocrx_word' id='word_1_189' title='bbox 1209 1911 1241 1938; x_wconf 86' lang='lat' dir='ltr'>a.</span> <span class='ocrx_word' id='word_1_190' title='bbox 1269 1902 1363 1939; x_wconf 83' lang='lat'>1562.</span> 
     </span>
    </p>
   </div>
   <div class='ocr_carea' id='block_1_8' title="bbox 110 1985 1886 2245">
    <p class='ocr_par' dir='ltr' id='par_1_9' title="bbox 110 1985 1886 2245">
     <span class='ocr_line' id='line_1_25' title="bbox 232 1985 1885 2031; baseline 0 -11"><span class='ocrx_word' id='word_1_191' title='bbox 232 1985 288 2019; x_wconf 85' lang='lat' dir='ltr'>Ex</span> <span class='ocrx_word' id='word_1_192' title='bbox 315 1985 533 2031; x_wconf 85' lang='lat' dir='ltr'>apographo,</span> <span class='ocrx_word' id='word_1_193' title='bbox 561 1986 685 2020; x_wconf 85' lang='lat' dir='ltr'>eodem</span> <span class='ocrx_word' id='word_1_194' title='bbox 712 1986 786 2020; x_wconf 81' lang='lat' dir='ltr'>fere</span> <span class='ocrx_word' id='word_1_195' title='bbox 813 1988 973 2031; x_wconf 87' lang='lat' dir='ltr'>tempore</span> <span class='ocrx_word' id='word_1_196' title='bbox 1001 1986 1135 2021; x_wconf 81' lang='lat' dir='ltr'>Canisii</span> <span class='ocrx_word' id='word_1_197' title='bbox 1160 1986 1262 2020; x_wconf 86' lang='lat' dir='ltr'>iussu</span> <span class='ocrx_word' id='word_1_198' title='bbox 1288 1986 1477 2030; x_wconf 83' lang='lat' dir='ltr'>Augustae</span> <span class='ocrx_word' id='word_1_199' title='bbox 1503 1986 1637 2031; x_wconf 87' lang='lat' dir='ltr'>scripto</span> <span class='ocrx_word' id='word_1_200' title='bbox 1664 1986 1708 2020; x_wconf 88' lang='lat' dir='ltr'>ab</span> <span class='ocrx_word' id='word_1_201' title='bbox 1736 1988 1885 2020; x_wconf 83' lang='lat' dir='ltr'>externo</span> 
     </span>
     <span class='ocr_line' id='line_1_26' title="bbox 110 2039 1886 2085; baseline 0 -12"><span class='ocrx_word' id='word_1_202' title='bbox 110 2039 173 2073; x_wconf 86' lang='lat' dir='ltr'>illo</span> <span class='ocrx_word' id='word_1_203' title='bbox 199 2039 342 2074; x_wconf 88' lang='lat' dir='ltr'>homine</span> <span class='ocrx_word' id='word_1_204' title='bbox 371 2039 532 2084; x_wconf 85' lang='lat' dir='ltr'>(Andrea</span> <span class='ocrx_word' id='word_1_205' title='bbox 558 2039 669 2074; x_wconf 73' lang='lat' dir='ltr'>Stor‘?</span> <span class='ocrx_word' id='word_1_206' title='bbox 696 2040 741 2074; x_wconf 85' lang='lat' dir='ltr'>cf.</span> <span class='ocrx_word' id='word_1_207' title='bbox 768 2051 879 2085; x_wconf 82' lang='lat' dir='ltr'>supra</span> <span class='ocrx_word' id='word_1_208' title='bbox 905 2052 938 2085; x_wconf 87' lang='lat' dir='ltr'>p.</span> <span class='ocrx_word' id='word_1_209' title='bbox 967 2040 1063 2084; x_wconf 79' lang='lat'>235),</span> <span class='ocrx_word' id='word_1_210' title='bbox 1091 2040 1153 2084; x_wconf 89' lang='lat' dir='ltr'>qui</span> <span class='ocrx_word' id='word_1_211' title='bbox 1179 2041 1215 2074; x_wconf 88' lang='lat' dir='ltr'>et</span> <span class='ocrx_word' id='word_1_212' title='bbox 1240 2040 1275 2074; x_wconf 89' lang='lat' dir='ltr'>in</span> <span class='ocrx_word' id='word_1_213' title='bbox 1303 2040 1379 2075; x_wconf 86' lang='lat' dir='ltr'>cod.</span> <span class='ocrx_word' id='word_1_214' title='bbox 1411 2039 1515 2082; x_wconf 86' lang='lat' dir='ltr'>„Can.</span> <span class='ocrx_word' id='word_1_215' title='bbox 1536 2039 1578 2074; x_wconf 91' lang='lat' dir='ltr'>X.</span> <span class='ocrx_word' id='word_1_216' title='bbox 1598 2039 1658 2074; x_wconf 76' lang='lat' dir='ltr'>T.“</span> <span class='ocrx_word' id='word_1_217' title='bbox 1689 2039 1886 2074; x_wconf 84' lang='lat' dir='ltr'>maximam</span> 
     </span>
     <span class='ocr_line' id='line_1_27' title="bbox 111 2093 1885 2138; baseline 0 -11"><span class='ocrx_word' id='word_1_218' title='bbox 111 2094 251 2138; x_wconf 83' lang='lat' dir='ltr'>partem</span> <span class='ocrx_word' id='word_1_219' title='bbox 278 2093 483 2128; x_wconf 85' lang='lat' dir='ltr'>contionum</span> <span class='ocrx_word' id='word_1_220' title='bbox 518 2105 539 2127; x_wconf 88' lang='lat' dir='ltr'>a</span> <span class='ocrx_word' id='word_1_221' title='bbox 576 2093 630 2128; x_wconf 86' lang='lat'>19.</span> <span class='ocrx_word' id='word_1_222' title='bbox 657 2093 868 2127; x_wconf 80' lang='lat' dir='ltr'>Decembris</span> <span class='ocrx_word' id='word_1_223' title='bbox 896 2093 984 2127; x_wconf 87' lang='grc'>1561</span> <span class='ocrx_word' id='word_1_224' title='bbox 1023 2093 1068 2127; x_wconf 85' lang='lat' dir='ltr'>ad</span> <span class='ocrx_word' id='word_1_225' title='bbox 1104 2093 1159 2128; x_wconf 93' lang='lat'>31.</span> <span class='ocrx_word' id='word_1_226' title='bbox 1186 2093 1310 2127; x_wconf 86' lang='lat' dir='ltr'>Martii</span> <span class='ocrx_word' id='word_1_227' title='bbox 1340 2094 1429 2128; x_wconf 80' lang='grc'>1562</span> <span class='ocrx_word' id='word_1_228' title='bbox 1465 2105 1485 2127; x_wconf 86' lang='lat' dir='ltr'>a</span> <span class='ocrx_word' id='word_1_229' title='bbox 1512 2093 1654 2128; x_wconf 84' lang='lat' dir='ltr'>Canisio</span> <span class='ocrx_word' id='word_1_230' title='bbox 1680 2093 1885 2127; x_wconf 83' lang='lat' dir='ltr'>habitarum</span> 
     </span>
     <span class='ocr_line' id='line_1_28' title="bbox 110 2146 1886 2192; baseline 0 -11"><span class='ocrx_word' id='word_1_231' title='bbox 110 2146 253 2181; x_wconf 86' lang='lat' dir='ltr'>notavit</span> <span class='ocrx_word' id='word_1_232' title='bbox 287 2148 324 2181; x_wconf 80' lang='lat' dir='ltr'>et</span> <span class='ocrx_word' id='word_1_233' title='bbox 358 2146 430 2181; x_wconf 86' lang='lat' dir='ltr'>alia</span> <span class='ocrx_word' id='word_1_234' title='bbox 460 2147 575 2181; x_wconf 86' lang='lat' dir='ltr'>multa</span> <span class='ocrx_word' id='word_1_235' title='bbox 610 2147 769 2181; x_wconf 84' lang='lat' dir='ltr'>eiusdem</span> <span class='ocrx_word' id='word_1_236' title='bbox 804 2147 977 2181; x_wconf 88' lang='lat' dir='ltr'>mandatu</span> <span class='ocrx_word' id='word_1_237' title='bbox 1003 2146 1149 2192; x_wconf 84' lang='lat' dir='ltr'>scripsit</span> <span class='ocrx_word' id='word_1_238' title='bbox 1174 2146 1234 2181; x_wconf 89' lang='lat' dir='ltr'>vel</span> <span class='ocrx_word' id='word_1_239' title='bbox 1261 2146 1509 2192; x_wconf 86' lang='lat' dir='ltr'>transcripsit;</span> <span class='ocrx_word' id='word_1_240' title='bbox 1545 2149 1653 2191; x_wconf 89' lang='lat' dir='ltr'>atque</span> <span class='ocrx_word' id='word_1_241' title='bbox 1688 2147 1718 2181; x_wconf 88' lang='lat' dir='ltr'>is</span> <span class='ocrx_word' id='word_1_242' title='bbox 1744 2146 1886 2181; x_wconf 88' lang='lat' dir='ltr'>litteras</span> 
     </span>
     <span class='ocr_line' id='line_1_29' title="bbox 111 2199 1886 2245; baseline 0 -11"><span class='ocrx_word' id='word_1_243' title='bbox 111 2199 221 2235; x_wconf 85' lang='lat' dir='ltr'>hasce</span> <span class='ocrx_word' id='word_1_244' title='bbox 239 2200 298 2234; x_wconf 89' lang='lat' dir='ltr'>vel</span> <span class='ocrx_word' id='word_1_245' title='bbox 324 2200 622 2234; x_wconf 87' lang='lat' dir='ltr'>commentarium</span> <span class='ocrx_word' id='word_1_246' title='bbox 649 2200 853 2245; x_wconf 86' lang='lat' dir='ltr'>inscripsit:</span> <span class='ocrx_word' id='word_1_247' title='bbox 884 2199 1149 2242; x_wconf 81' lang='lat' dir='ltr'>„Difficultates</span> <span class='ocrx_word' id='word_1_248' title='bbox 1168 2200 1263 2235; x_wconf 85' lang='lat' dir='ltr'>circa</span> <span class='ocrx_word' id='word_1_249' title='bbox 1280 2200 1466 2244; x_wconf 89' lang='lat' dir='ltr'>negotium</span> <span class='ocrx_word' id='word_1_250' title='bbox 1485 2199 1682 2235; x_wconf 86' lang='lat' dir='ltr'>Oivinense</span> <span class='ocrx_word' id='word_1_251' title='bbox 1702 2227 1709 2235; x_wconf 91' lang='lat'>.</span> <span class='ocrx_word' id='word_1_252' title='bbox 1728 2200 1886 2245; x_wconf 82' lang='lat' dir='ltr'>scriptae</span> 
     </span>
    </p>
   </div>
   <div class='ocr_carea' id='block_1_9' title="bbox 112 2253 1193 2298">
    <p class='ocr_par' dir='ltr' id='par_1_10' title="bbox 112 2253 1193 2298">
     <span class='ocr_line' id='line_1_30' title="bbox 112 2253 1193 2298; baseline 0.001 -11"><span class='ocrx_word' id='word_1_253' title='bbox 112 2264 176 2298; x_wconf 85' lang='lat' dir='ltr'>per</span> <span class='ocrx_word' id='word_1_254' title='bbox 201 2253 243 2288; x_wconf 91' lang='lat' dir='ltr'>D.</span> <span class='ocrx_word' id='word_1_255' title='bbox 261 2253 490 2288; x_wconf 84' lang='lat' dir='ltr'>Victoriam.“</span> <span class='ocrx_word' id='word_1_256' title='bbox 545 2253 628 2288; x_wconf 83' lang='lat' dir='ltr'>God.</span> <span class='ocrx_word' id='word_1_257' title='bbox 661 2253 724 2296; x_wconf 64' lang='grc' dir='ltr'>Ἡ(1.</span> <span class='ocrx_word' id='word_1_258' title='bbox 754 2254 816 2298; x_wconf 87' lang='lat' dir='ltr'>Ep.</span> <span class='ocrx_word' id='word_1_259' title='bbox 844 2254 914 2287; x_wconf 55' lang='lat' dir='ltr'>11st</span> <span class='ocrx_word' id='word_1_260' title='bbox 945 2253 971 2288; x_wconf 92' lang='lat' dir='ltr'>f.</span> <span class='ocrx_word' id='word_1_261' title='bbox 998 2254 1193 2288; x_wconf 63' lang='lat'>662—6712.</span> 
     </span>
    </p>
   </div>
   <div class='ocr_carea' id='block_1_10' title="bbox 104 2330 1887 2482">
    <p class='ocr_par' dir='ltr' id='par_1_11' title="bbox 104 2330 1887 2482">
     <span class='ocr_line' id='line_1_31' title="bbox 232 2330 1886 2375; baseline -0.001 -10"><span class='ocrx_word' id='word_1_262' title='bbox 232 2331 274 2365; x_wconf 71' lang='lat' dir='ltr'>Si</span> <span class='ocrx_word' id='word_1_263' title='bbox 299 2331 480 2375; x_wconf 71' lang='lat' dir='ltr'>colleqium</span> <span class='ocrx_word' id='word_1_264' title='bbox 499 2342 677 2375; x_wconf 73' lang='lat' dir='ltr'>praqense</span> <span class='ocrx_word' id='word_1_265' title='bbox 702 2332 956 2365; x_wconf 77' lang='lat' dir='ltr'>monasterium</span> <span class='ocrx_word' id='word_1_266' title='bbox 983 2331 1159 2364; x_wconf 77' lang='lat' dir='ltr'>oibinense</span> <span class='ocrx_word' id='word_1_267' title='bbox 1183 2331 1365 2375; x_wconf 74' lang='lat' dir='ltr'>retinebit,</span> <span class='ocrx_word' id='word_1_268' title='bbox 1392 2331 1477 2365; x_wconf 79' lang='lat' dir='ltr'>loeis</span> <span class='ocrx_word' id='word_1_269' title='bbox 1502 2330 1585 2364; x_wconf 69' lang='lat' dir='ltr'>huie</span> <span class='ocrx_word' id='word_1_270' title='bbox 1609 2331 1772 2364; x_wconf 79' lang='lat' dir='ltr'>subiectis</span> <span class='ocrx_word' id='word_1_271' title='bbox 1798 2341 1886 2364; x_wconf 82' lang='lat' dir='ltr'>com·</span> 
     </span>
     <span class='ocr_line' id='line_1_32' title="bbox 104 2384 1887 2429; baseline -0.001 -11"><span class='ocrx_word' id='word_1_272' title='bbox 104 2385 232 2428; x_wconf 80' lang='lat' dir='ltr'>plures</span> <span class='ocrx_word' id='word_1_273' title='bbox 250 2385 349 2419; x_wconf 73' lang='lat' dir='ltr'><em>Socii</em></span> <span class='ocrx_word' id='word_1_274' title='bbox 372 2385 472 2420; x_wconf 80' lang='lat' dir='ltr'>haud</span> <span class='ocrx_word' id='word_1_275' title='bbox 496 2386 572 2419; x_wconf 76' lang='lat' dir='ltr'>sine</span> <span class='ocrx_word' id='word_1_276' title='bbox 599 2385 828 2418; x_wconf 77' lang='lat' dir='ltr'>incommodis</span> <span class='ocrx_word' id='word_1_277' title='bbox 847 2384 1087 2428; x_wconf 74' lang='lat' dir='ltr'>periculisque</span> <span class='ocrx_word' id='word_1_278' title='bbox 1106 2385 1285 2427; x_wconf 75' lang='lat' dir='ltr'>parochos</span> <span class='ocrx_word' id='word_1_279' title='bbox 1311 2396 1414 2429; x_wconf 71' lang='lat' dir='ltr'>aqere</span> <span class='ocrx_word' id='word_1_280' title='bbox 1440 2385 1618 2418; x_wconf 83' lang='lat' dir='ltr'>debebunt.</span> <span class='ocrx_word' id='word_1_281' title='bbox 1657 2385 1887 2418; x_wconf 69' lang='lat' dir='ltr'>Zittavt&#39;enses</span> 
     </span>
     <span class='ocr_line' id='line_1_33' title="bbox 108 2438 1720 2482; baseline 0 -11"><span class='ocrx_word' id='word_1_282' title='bbox 108 2439 288 2482; x_wconf 75' lang='lat' dir='ltr'>promissa</span> <span class='ocrx_word' id='word_1_283' title='bbox 315 2449 386 2473; x_wconf 89' lang='lat' dir='ltr'>non</span> <span class='ocrx_word' id='word_1_284' title='bbox 405 2442 605 2482; x_wconf 75' lang='lat' dir='ltr'>praestant.</span> <span class='ocrx_word' id='word_1_285' title='bbox 660 2439 778 2480; x_wconf 71' lang='lat' dir='ltr'>Quare</span> <span class='ocrx_word' id='word_1_286' title='bbox 804 2438 936 2471; x_wconf 76' lang='lat' dir='ltr'>cultum</span> <span class='ocrx_word' id='word_1_287' title='bbox 962 2438 1123 2471; x_wconf 74' lang='lat' dir='ltr'>divinum</span> <span class='ocrx_word' id='word_1_288' title='bbox 1148 2440 1358 2472; x_wconf 63' lang='lat' dir='ltr'>instaurare</span> <span class='ocrx_word' id='word_1_289' title='bbox 1383 2439 1637 2481; x_wconf 73' lang='lat' dir='ltr'>difficillimum</span> <span class='ocrx_word' id='word_1_290' title='bbox 1663 2442 1720 2471; x_wconf 82' lang='lat' dir='ltr'>est.</span> 
     </span>
    </p>
   </div>
   <div class='ocr_carea' id='block_1_11' title="bbox 106 2520 1886 2837">
    <p class='ocr_par' dir='ltr' id='par_1_12' title="bbox 106 2520 1886 2837">
     <span class='ocr_line' id='line_1_34' title="bbox 230 2520 1883 2577; baseline -0.001 -14"><span class='ocrx_word' id='word_1_291' title='bbox 230 2522 413 2564; x_wconf 87' lang='lat' dir='ltr'>Ioannes</span> <span class='ocrx_word' id='word_1_292' title='bbox 445 2523 496 2564; x_wconf 83' lang='lat' dir='ltr'>de</span> <span class='ocrx_word' id='word_1_293' title='bbox 523 2523 702 2563; x_wconf 64' lang='lat' dir='ltr'>Victoria</span> <span class='ocrx_word' id='word_1_294' title='bbox 725 2520 820 2577; x_wconf 70' lang='lat' dir='ltr'>(qut</span> <span class='ocrx_word' id='word_1_295' title='bbox 842 2525 1014 2562; x_wconf 62' lang='lat' dir='ltr'>exeunte</span> <span class='ocrx_word' id='word_1_296' title='bbox 1038 2535 1076 2563; x_wconf 91' lang='lat' dir='ltr'>a.</span> <span class='ocrx_word' id='word_1_297' title='bbox 1101 2522 1216 2563; x_wconf 86' lang='lat'>1561</span> <span class='ocrx_word' id='word_1_298' title='bbox 1250 2522 1514 2576; x_wconf 72' lang='lat' dir='ltr'>eolleqz&#39;orunt</span> <span class='ocrx_word' id='word_1_299' title='bbox 1545 2521 1883 2575; x_wconf 73' lang='lat' dir='ltr'>vindobonensis,</span> 
     </span>
     <span class='ocr_line' id='line_1_35' title="bbox 106 2586 1886 2643; baseline -0.001 -14"><span class='ocrx_word' id='word_1_300' title='bbox 106 2588 346 2643; x_wconf 76' lang='lat' dir='ltr'>praqensis,</span> <span class='ocrx_word' id='word_1_301' title='bbox 380 2588 662 2643; x_wconf 66' lang='lat' dir='ltr'>tyrnavz&#39;ensis</span> <span class='ocrx_word' id='word_1_302' title='bbox 695 2586 1047 2641; x_wconf 70' lang='lat' dir='ltr'>superintendens</span> <span class='ocrx_word' id='word_1_303' title='bbox 1080 2600 1106 2627; x_wconf 82' lang='lat' dir='ltr'>a</span> <span class='ocrx_word' id='word_1_304' title='bbox 1136 2586 1294 2628; x_wconf 74' lang='lat' dir='ltr'>Lainio</span> <span class='ocrx_word' id='word_1_305' title='bbox 1329 2587 1575 2628; x_wconf 77' lang='lat' dir='ltr'>constitutus</span> <span class='ocrx_word' id='word_1_306' title='bbox 1605 2586 1696 2640; x_wconf 82' lang='lat' dir='ltr'>est),</span> <span class='ocrx_word' id='word_1_307' title='bbox 1733 2586 1886 2628; x_wconf 74' lang='lat' dir='ltr'>Vindo-</span> 
     </span>
     <span class='ocr_line' id='line_1_36' title="bbox 113 2651 1885 2708; baseline -0.002 -13"><span class='ocrx_word' id='word_1_308' title='bbox 113 2653 220 2695; x_wconf 84' lang='lat' dir='ltr'>bona</span> <span class='ocrx_word' id='word_1_309' title='bbox 253 2654 311 2695; x_wconf 81' lang='lat' dir='ltr'>vel</span> <span class='ocrx_word' id='word_1_310' title='bbox 335 2653 481 2708; x_wconf 74' lang='lat' dir='ltr'>Praqa</span> <span class='ocrx_word' id='word_1_311' title='bbox 514 2667 552 2697; x_wconf 90' lang='lat' dir='ltr'>a.</span> <span class='ocrx_word' id='word_1_312' title='bbox 578 2653 692 2695; x_wconf 82' lang='lat'>1561</span> <span class='ocrx_word' id='word_1_313' title='bbox 726 2653 787 2693; x_wconf 80' lang='lat' dir='ltr'>vel</span> <span class='ocrx_word' id='word_1_314' title='bbox 807 2653 976 2694; x_wconf 80' lang='lat' dir='ltr'>ineunte</span> <span class='ocrx_word' id='word_1_315' title='bbox 1009 2666 1047 2694; x_wconf 89' lang='lat' dir='ltr'>a.</span> <span class='ocrx_word' id='word_1_316' title='bbox 1073 2653 1189 2693; x_wconf 78' lang='lat'>1562</span> <span class='ocrx_word' id='word_1_317' title='bbox 1213 2652 1272 2692; x_wconf 77' lang='lat' dir='ltr'>ad</span> <span class='ocrx_word' id='word_1_318' title='bbox 1296 2651 1517 2693; x_wconf 73' lang='lat' dir='ltr'>Canisium</span> <span class='ocrx_word' id='word_1_319' title='bbox 1540 2652 1885 2693; x_wconf 64' lang='lat' dir='ltr'>commentarium</span> 
     </span>
     <span class='ocr_line' id='line_1_37' title="bbox 110 2715 1885 2773; baseline -0.001 -14"><span class='ocrx_word' id='word_1_320' title='bbox 110 2719 237 2772; x_wconf 77' lang='lat' dir='ltr'>misit,</span> <span class='ocrx_word' id='word_1_321' title='bbox 271 2732 349 2773; x_wconf 81' lang='lat' dir='ltr'>quo</span> <span class='ocrx_word' id='word_1_322' title='bbox 384 2718 624 2773; x_wconf 74' lang='lat' dir='ltr'>exponebat,</span> <span class='ocrx_word' id='word_1_323' title='bbox 658 2731 765 2773; x_wconf 86' lang='lat' dir='ltr'>quae</span> <span class='ocrx_word' id='word_1_324' title='bbox 799 2715 1125 2771; x_wconf 41' lang='lat' dir='ltr'>„difficultates‘</span> <span class='ocrx_word' id='word_1_325' title='bbox 1163 2717 1328 2772; x_wconf 75' lang='lat' dir='ltr'>eolleqio</span> <span class='ocrx_word' id='word_1_326' title='bbox 1355 2718 1573 2772; x_wconf 72' lang='lat' dir='ltr'>praqensi,</span> <span class='ocrx_word' id='word_1_327' title='bbox 1609 2717 1646 2758; x_wconf 68' lang='lat' dir='ltr'>si</span> <span class='ocrx_word' id='word_1_328' title='bbox 1678 2721 1885 2758; x_wconf 81' lang='lat' dir='ltr'>monaste-</span> 
     </span>
     <span class='ocr_line' id='line_1_38' title="bbox 111 2781 1886 2837; baseline -0.002 -11"><span class='ocrx_word' id='word_1_329' title='bbox 111 2785 226 2825; x_wconf 72' lang='lat' dir='ltr'>rium</span> <span class='ocrx_word' id='word_1_330' title='bbox 267 2784 478 2826; x_wconf 75' lang='lat' dir='ltr'>oibinense</span> <span class='ocrx_word' id='word_1_331' title='bbox 510 2782 565 2835; x_wconf 83' lang='lat' dir='ltr'>(v.</span> <span class='ocrx_word' id='word_1_332' title='bbox 600 2796 735 2837; x_wconf 81' lang='lat' dir='ltr'>supra</span> <span class='ocrx_word' id='word_1_333' title='bbox 769 2796 812 2836; x_wconf 87' lang='lat' dir='ltr'>p.</span> <span class='ocrx_word' id='word_1_334' title='bbox 847 2781 954 2835; x_wconf 83' lang='lat'>315)</span> <span class='ocrx_word' id='word_1_335' title='bbox 995 2783 1213 2836; x_wconf 78' lang='lat' dir='ltr'>retineret,</span> <span class='ocrx_word' id='word_1_336' title='bbox 1257 2781 1503 2824; x_wconf 83' lang='lat' dir='ltr'>subeundae</span> <span class='ocrx_word' id='word_1_337' title='bbox 1545 2786 1688 2823; x_wconf 86' lang='lat' dir='ltr'>essent.</span> <span class='ocrx_word' id='word_1_338' title='bbox 1756 2781 1886 2823; x_wconf 69' lang='lat' dir='ltr'>Cuius</span> 
     </span>
    </p>
   </div>
   <div class='ocr_carea' id='block_1_12' title="bbox 141 2878 255 2882">
    <p class='ocr_par' dir='ltr' id='par_1_13' title="bbox 141 2878 255 2882">
     <span class='ocr_line' id='line_1_39' title="bbox 141 2878 255 2882; baseline 0 0"><span class='ocrx_word' id='word_1_339' title='bbox 141 2878 255 2882; x_wconf 95' lang='lat' dir='ltr'> </span> 
     </span>
    </p>
   </div>
   <div class='ocr_carea' id='block_1_13' title="bbox 229 2928 649 2972">
    <p class='ocr_par' dir='ltr' id='par_1_14' title="bbox 229 2928 649 2972">
     <span class='ocr_line' id='line_1_40' title="bbox 229 2928 649 2972; baseline -0.002 -10"><span class='ocrx_word' id='word_1_340' title='bbox 229 2933 244 2948; x_wconf 49' lang='grc' dir='ltr'><strong>ἃ</strong></span> <span class='ocrx_word' id='word_1_341' title='bbox 274 2928 381 2972; x_wconf 76' lang='lat' dir='ltr'>Cypr.</span> <span class='ocrx_word' id='word_1_342' title='bbox 408 2939 474 2963; x_wconf 86' lang='lat' dir='ltr'>om.</span> <span class='ocrx_word' id='word_1_343' title='bbox 501 2939 550 2962; x_wconf 81' lang='lat' dir='ltr'>vv.</span> <span class='ocrx_word' id='word_1_344' title='bbox 576 2939 649 2971; x_wconf 90' lang='lat' dir='ltr'>sqq.</span> 
     </span>
    </p>
   </div>
   <div class='ocr_carea' id='block_1_14' title="bbox 233 3059 1883 3159">
    <p class='ocr_par' dir='ltr' id='par_1_15' title="bbox 233 3059 1883 3159">
     <span class='ocr_line' id='line_1_41' title="bbox 233 3059 1519 3105; baseline -0.002 -10"><span class='ocrx_word' id='word_1_345' title='bbox 233 3064 244 3084; x_wconf 91' lang='lat'>¹</span> <span class='ocrx_word' id='word_1_346' title='bbox 447 3061 557 3104; x_wconf 83' lang='lat' dir='ltr'>„Nam</span> <span class='ocrx_word' id='word_1_347' title='bbox 583 3072 699 3105; x_wconf 84' lang='lat' dir='ltr'>neque</span> <span class='ocrx_word' id='word_1_348' title='bbox 725 3059 843 3094; x_wconf 88' lang='lat' dir='ltr'>adhuc</span> <span class='ocrx_word' id='word_1_349' title='bbox 868 3059 978 3094; x_wconf 85' lang='lat' dir='ltr'>Vario</span> <span class='ocrx_word' id='word_1_350' title='bbox 1004 3060 1140 3101; x_wconf 88' lang='lat' dir='ltr'>videor,</span> <span class='ocrx_word' id='word_1_351' title='bbox 1166 3072 1233 3094; x_wconf 90' lang='lat' dir='ltr'>nec</span> <span class='ocrx_word' id='word_1_352' title='bbox 1259 3059 1377 3094; x_wconf 87' lang='lat' dir='ltr'>dicere</span> <span class='ocrx_word' id='word_1_353' title='bbox 1405 3059 1519 3094; x_wconf 86' lang='lat' dir='ltr'>Cinna</span> 
     </span>
     <span class='ocr_line' id='line_1_42' title="bbox 444 3112 1883 3159; baseline -0.001 -10"><span class='ocrx_word' id='word_1_354' title='bbox 444 3115 572 3158; x_wconf 82' lang='lat' dir='ltr'>Digna,</span> <span class='ocrx_word' id='word_1_355' title='bbox 599 3114 662 3148; x_wconf 87' lang='lat' dir='ltr'>sed</span> <span class='ocrx_word' id='word_1_356' title='bbox 688 3115 837 3156; x_wconf 87' lang='lat' dir='ltr'>argutos</span> <span class='ocrx_word' id='word_1_357' title='bbox 863 3112 957 3148; x_wconf 85' lang='lat' dir='ltr'>inter</span> <span class='ocrx_word' id='word_1_358' title='bbox 982 3115 1144 3159; x_wconf 80' lang='lat' dir='ltr'>strepere</span> <span class='ocrx_word' id='word_1_359' title='bbox 1170 3125 1276 3148; x_wconf 87' lang='lat' dir='ltr'>anser</span> <span class='ocrx_word' id='word_1_360' title='bbox 1302 3113 1437 3148; x_wconf 79' lang='lat' dir='ltr'>olores“</span> <span class='ocrx_word' id='word_1_361' title='bbox 1470 3112 1678 3158; x_wconf 77' lang='lat' dir='ltr'>(Verqth&#39;us,</span> <span class='ocrx_word' id='word_1_362' title='bbox 1715 3113 1883 3148; x_wconf 82' lang='lat' dir='ltr'>Bucolica</span> 
     </span>
    </p>
   </div>
   <div class='ocr_carea' id='block_1_15' title="bbox 112 3167 960 3212">
    <p class='ocr_par' dir='ltr' id='par_1_16' title="bbox 112 3167 960 3212">
     <span class='ocr_line' id='line_1_43' title="bbox 112 3167 960 3212; baseline -0.002 -8"><span class='ocrx_word' id='word_1_363' title='bbox 112 3169 187 3204; x_wconf 88' lang='lat' dir='ltr'>Ecl.</span> <span class='ocrx_word' id='word_1_364' title='bbox 213 3169 274 3211; x_wconf 88' lang='lat' dir='ltr'>IX,</span> <span class='ocrx_word' id='word_1_365' title='bbox 300 3181 335 3204; x_wconf 86' lang='lat' dir='ltr'>v.</span> <span class='ocrx_word' id='word_1_366' title='bbox 363 3169 418 3204; x_wconf 88' lang='lat'>35.</span> <span class='ocrx_word' id='word_1_367' title='bbox 447 3168 520 3212; x_wconf 83' lang='lat'>36).</span> <span class='ocrx_word' id='word_1_368' title='bbox 667 3167 680 3187; x_wconf 78' lang='lat'>2</span> <span class='ocrx_word' id='word_1_369' title='bbox 706 3167 817 3201; x_wconf 86' lang='lat' dir='ltr'>Marc.</span> <span class='ocrx_word' id='word_1_370' title='bbox 847 3167 877 3208; x_wconf 85' lang='lat'>1,</span> <span class='ocrx_word' id='word_1_371' title='bbox 903 3167 960 3202; x_wconf 79' lang='lat'>20.</span> 
     </span>
    </p>
   </div>
  </div>
 </body>
</html>
