2093 3444
206 207 364 241 Monum.
393 205 629 250 (augustana)
658 206 738 241 242.
766 206 844 240 243.
875 206 1016 250 (Mense
1042 207 1134 250 Aug.
1162 205 1256 251 [post
1281 205 1452 250 medium]
1480 217 1511 240 a.
1541 206 1658 250 1562.)
1735 209 1818 250 609

871 325 1002 367 242.

524 414 643 451 Mense
669 414 836 461 Augusto
864 415 962 461 (post
988 413 1158 459 medium)
1185 424 1217 450 a.
1244 413 1338 450 1562.

169 504 224 538 Ex
250 505 424 538 Eldereni
449 504 604 549 epistula
631 504 866 549 autographa.
911 503 994 538 Cod.
1025 502 1087 546 „Gn
1116 502 1180 548 Ep.
1206 502 1287 537 1V.“
1318 502 1343 537 f.
1374 503 1614 538 lma—130¹).

169 557 336 602 Epistula
361 568 449 591 usus
476 560 531 592 est
559 559 765 599 Sacamum,
794 556 878 591 Can.
906 569 939 602 p.
970 557 1167 591 195—196.

170 634 495 677 Anabaptistarzcm
519 636 687 677 princeps
713 635 860 678 qnidam
879 635 1060 677 Angla-stae
1080 645 1148 677 per
1169 633 1356 667 Cccnisinm
1381 634 1428 666 ad
1448 634 1626 667 ecelesiam
1644 634 1820 667 reduetus.

170 717 218 758 P.
251 716 503 758 Guilielnms
535 717 721 758 Elderen
755 718 798 759 S.
822 716 879 769 J„
918 717 1083 758 Cenasti
1115 718 1250 757 socius
1283 721 1560 770 ccuyustctnus7
1596 718 1639 758 in
1674 717 1822 758 donnes

53 786 317 836 a-uqustanae
355 783 506 823 titteris
543 783 831 836 semestribzcs.
876 784 1070 835 Aussztsta
1115 784 1155 823 2.
1190 782 1395 823 Ianuarii
1428 784 1543 824 1563
1589 783 1724 834 datis,
1773 782 1823 823 de

54 847 239 901 Canisio,
273 862 390 902 quenz
418 846 643 899 „Patrem“
680 851 810 898 vocat,
844 847 957 900 llaec,
985 851 1159 902 praeter
1191 848 1292 898 alia,
1326 846 1480 900 vrefert:
1512 847 1621 889 Erat
1653 847 1696 888 in
1728 846 1823 888 uin-

52 911 159 953 culis
190 911 498 966 Anabaptista,
532 912 618 953 imo
651 911 1040 965 Anabaptistarum
1068 911 1295 964 Augustae
1328 911 1540 966 princeps,
1575 911 1646 965 qui
1679 911 1824 954 Patris

53 991 155 1019 usus
188 979 256 1019 est
287 977 574 1019 instructione
606 979 865 1030 tantumque
896 976 1094 1031 profecit,
1130 980 1177 1019 ut
1209 976 1451 1019 iuramento
1484 977 1655 1031 publico
1687 977 1823 1019 inter-

53 1042 194 1097 posito
230 1040 544 1096 [promiserit]a
575 1056 621 1084 se
653 1056 731 1096 per
752 1042 832 1083 Dei
859 1041 1061 1095 gratiam,
1097 1042 1260 1084 relictis
1293 1045 1337 1084 et
1360 1042 1577 1084 damnatis
1608 1042 1824 1096 prioribus

53 1107 283 1158 erroribus,
317 1107 361 1148 in
394 1107 617 1149 Ecclesiae
650 1107 899 1150 Catholicae
932 1107 1150 1149 sententia
1183 1110 1565 1161 perseueraturum
1599 1122 1707 1150 esse.

171 1195 434 1240 Anabaptistae
459 1194 544 1228 huic
568 1206 697 1228 nomen
724 1194 837 1228 fuisse
861 1195 984 1228 Ioanni
1003 1195 1131 1228 Iacobo
1159 1206 1310 1239 eumque
1336 1207 1382 1228 m.
1410 1196 1574 1238 Augusto
1601 1207 1633 1230 a.
1662 1195 1752 1229 1562
1779 1195 1823 1229 ad

53 1248 243 1283 ecclesiam
268 1249 457 1282 reductum
483 1259 563 1282 esse
590 1260 635 1282 ex
660 1248 902 1282 monumentis
928 1248 1102 1293 proximis
1127 1247 1372 1291 intellegetur.

874 1368 1005 1409 243.

527 1457 647 1494 Mense
672 1457 839 1505 Augusto
867 1458 966 1504 (post
991 1457 1162 1503 medium)
1190 1467 1222 1493 a.
1248 1456 1343 1493 1562.

172 1549 228 1583 Ex
263 1549 352 1583 libro
384 1548 605 1593 „Scriptores
631 1547 764 1582 Rerum
791 1547 1106 1589 Germanicarum,
1143 1547 1333 1592 praecipue
1360 1547 1653 1589 Saxonicarum“,
1693 1548 1745 1583 ed.
1774 1550 1823 1583 Io.

53 1604 292 1638 Burchctrdus
318 1603 559 1636 ssIenckenins.
598 1601 698 1636 Toni.
726 1601 752 1635 I.
783 1600 942 1646 (Lipsiae
971 1601 1091 1644 1728),
1119 1601 1184 1635 col.
1215 1600 1315 1635 1897.

174 1681 326 1713 Ioannes
351 1679 521 1722 Iacobus,
548 1679 872 1722 Anabaptistarum
899 1679 1004 1722 qnasi
1028 1680 1174 1712 cmtistes
1199 1682 1440 1721 (tamastanus,
1477 1678 1618 1721 eiusque
1644 1689 1738 1712 texor
1764 1679 1825 1712 So-

55 1735 191 1768 ciorum
219 1734 393 1775 (maxime
422 1733 581 1774 Canisiz')
610 1743 717 1776 opera
743 1743 883 1766 errores
909 1734 1063 1766 eizcrctnt.

173 1817 356 1858 Achilles
378 1815 621 1857 Pir-minius
644 1816 863 1858 Gdssarus
887 1815 1101 1869 (Gasser),
1136 1815 1378 1857 Linddvide
1401 1812 1622 1868 (Lindon)
1645 1830 1682 1857 α.
1708 1817 1826 1858 1505

55 1887 205 1935 natus,
247 1882 530 1936 Vitemberqae
560 1881 746 1923 Lutlzero
781 1886 816 1922 et
847 1882 1167 1923 Melanclztlzfone
1198 1881 1414 1935 menistris
1447 1895 1571 1934 usus,
1614 1882 1827 1923 Avenz'one

56 1962 96 1990 a.
132 1948 248 1988 1528
290 1947 526 1988 medicinae
570 1947 713 1988 doctor
756 1951 944 2000 creatus,
990 1948 1062 2002 qui
1104 1946 1372 1988 Veldlairehio
1417 1945 1709 2000 (Feldkireh)‚
1754 1947 1828 1988 nbi

55 2013 263 2055 medicum
295 2011 508 2054 urbanum
551 2018 709 2067 egerat7
758 2012 996 2067 Anyustam
1039 2027 1077 2053 α.
1114 2013 1229 2053 1546
1269 2012 1379 2052 venit
1418 2010 1557 2066 ibique
1597 2025 1728 2067 nsque
1768 2013 1827 2053 (cd

55 2083 224 2120 mortem
260 2077 310 2130 (†
332 2077 470 2130 1577)
502 2079 672 2126 mansit,
706 2079 752 2119 in
787 2078 1058 2131 „Annalibus
1090 2078 1270 2118 civitatis
1304 2091 1352 2118 ac
1384 2077 1639 2132 reipublicae
1669 2078 1826 2132 Anyst-

57 2142 322 2199 burqensis“,
357 2157 458 2199 qnos
490 2143 542 2184 ab
574 2144 712 2185 initiis
734 2158 864 2199 vnsque
896 2144 956 2185 ad
988 2157 1149 2185 annum
1174 2144 1286 2184 1561
1317 2142 1542 2197 perdet-etos
1575 2157 1688 2184 anno
1711 2144 1827 2184 1572

57 2210 252 2263 absolvit,
296 2213 439 2264 posted
482 2214 621 2251 antem
662 2223 792 2264 nsque
836 2210 894 2250 ad
939 2223 977 2251 a.
1012 2210 1129 2250 1576
1162 2209 1370 2262 perduxit
1387 2209 1414 2261 1,
1460 2208 1561 2249 haee
1594 2209 1741 2262 posuit
1782 2209 1828 2250 in

58 2289 97 2318 a.
133 2276 272 2317 1562.-
312 2273 420 2323 Quia
566 2273 957 2328 Anabaptistarum
1000 2276 1121 2316 secta
1151 2273 1233 2314 hoc
1273 2275 1490 2326 tempore,
1534 2273 1673 2315 denuo
1713 2272 1828 2315 inter

56 2340 206 2395 plebes
237 2341 458 2382 nostrates
490 2339 849 2393 repullulasceret
883 2337 1007 2393 [sie]‚
1051 2352 1179 2391 quam
1212 2337 1385 2392 plurimi
1426 2352 1480 2379 ex
1520 2338 1605 2380 illis
1646 2338 1691 2380 in
1732 2352 1827 2380 car-

58 2419 200 2447 cerem
234 2404 435 2459 conjecti,
470 2407 514 2447 et
546 2403 619 2457 qui
651 2405 706 2447 ad
738 2403 955 2446 saniorem
987 2406 1177 2446 mentem
1210 2403 1352 2445 redire
1384 2403 1612 2455 nolebant,
1648 2403 1827 2446 civitate

177 2544 191 2558 ³
216 2539 294 2572 Hoc
319 2539 369 2572 vel
393 2539 506 2572 simile
530 2549 559 2571 v.
588 2537 840 2582 (spoponderit
851 2538 886 2578 ?)
914 2541 978 2570 ant
1002 2537 1058 2570 hie
1084 2541 1146 2569 atat
1164 2536 1278 2579 paldo
1304 2536 1419 2579 infra,
1439 2540 1523 2579 post
1548 2546 1639 2580 esse,
1669 2538 1829 2580 suppleri

59 2597 217 2636 oportere
241 2603 298 2625 res
322 2593 402 2635 ipsa
428 2592 587 2625 ostendit.

181 2715 192 2735 ¹
218 2713 417 2754 Gassarus,
452 2713 572 2747 Flacio
598 2712 744 2758 Illyrico
771 2715 807 2747 et
833 2713 985 2758 Cyriaco
1011 2710 1304 2757 spangenbergio
1330 2710 1490 2745 amicitia
1514 2710 1676 2753 iunctus,
1719 2712 1827 2753 ⁷,Cen-

58 2768 272 2803 turiatores“
303 2766 383 2800 illos
409 2766 740 2810 magdeburgenses
767 2768 803 2800 et
828 2767 979 2812 pecunia
1005 2766 1099 2811 apud
1127 2766 1225 2799 cives
1251 2765 1474 2807 augustanos
1500 2764 1652 2799 collecta
1686 2768 1722 2799 et
1755 2777 1828 2799 mo·

58 2821 240 2856 numentis
265 2819 454 2854 litterariis
479 2822 555 2854 tam
581 2820 722 2865 copiose
748 2820 907 2861 adiuvit,
941 2822 983 2854 ut
1017 2820 1060 2854 ab
1095 2819 1140 2853 iis
1165 2830 1237 2852 una
1263 2829 1344 2852 cum
1369 2817 1501 2852 Ioanne
1527 2818 1693 2863 Baptista
1720 2818 1828 2852 Hain·

59 2875 158 2916 zeno,
184 2873 299 2919 ipsius
325 2873 450 2913 amico,
477 2873 607 2917 dignus
632 2873 836 2915 haberetur,
863 2873 920 2908 cui
943 2875 1073 2907 octava
1092 2871 1262 2906 Centuria
1280 2870 1505 2905 dedicaretur
1525 2871 1583 2914 (F.
1602 2872 1828 2916 Frensdorff‚

58 2928 126 2962 Die
152 2926 358 2961 Chroniken
392 2926 454 2960 der
488 2926 761 2961 schwabischen
787 2926 923 2961 Stadte.
962 2926 1170 2969 Augsburg.
1209 2925 1225 2959 Ι
1252 2924 1413 2969 [Leipzig
1442 2924 1566 2968 1865]‚
1604 2935 1827 2959 XLIV—XLV,

60 2983 157 3016 Idem
182 2980 217 3014 in
249 2979 492 3024 „Allgemeine
518 2980 700 3015 Deutsohe
726 2979 963 3025 Biographie“
986 2979 1072 3014 VIII
1091 2978 1252 3024 [Leipzig
1273 2977 1388 3031 13378]‚
1416 2978 1615 3013 396—397.
1650 2980 1698 3013 M.
1720 2979 1828 3012 Rada-

59 3036 173 3079 kofer,
198 3033 265 3068 Die
291 3032 602 3068 humanistisohen
626 3033 901 3077 Bestrebungen
926 3033 990 3067 der
1014 3032 1252 3076 Augsburger
1277 3032 1386 3066 Arzte
1412 3031 1461 3065 i1n
1489 3031 1544 3066 16.
1571 3031 1828 3074 Jahrhundert,

59 3087 97 3123 in
127 3087 353 3131 „Zeitschrift
388 3087 451 3121 des
476 3086 729 3121 Historischen
754 3086 907 3121 Vereins
941 3086 1001 3120 fiir
1027 3085 1227 3120 Schwaben
1259 3085 1332 3119 und
1366 3084 1573 3128 Neuburg“.
1618 3085 1674 3120 20.
1702 3085 1827 3129 Jahrg.

62 3140 272 3186 [Augsburg
301 3139 404 3185 1893]
431 3152 466 3185 p.
493 3140 662 3184 40-42).
717 3139 785 3183 „Er
809 3139 1031 3174 bearbeitete
1057 3139 1114 3173 die
1141 3138 1358 3173 Geschichte
1384 3138 1439 3172 als
1465 3137 1708 3173 Liebhaber“:
1735 3139 1830 3172 Paul

60 3206 128 3229 von
153 3196 283 3230 Stetten
308 3194 392 3236 iun.,
417 3193 870 3238 Lebensbeschreibungen
895 3195 963 3227 etc.
989 3193 1016 3234 Ι,
1045 3192 1242 3227 181—183.

129 3259 440 3290 Braunsberger.
460 3259 572 3283 Canisii
583 3259 742 3289 Epistulae
756 3259 786 3283 et
801 3260 883 3283 Acta.
908 3258 961 3282 111.
1506 3253 1550 3284 39
