<?xml version="1.0" encoding="UTF-8"?>
<!DOCTYPE html PUBLIC "-//W3C//DTD XHTML 1.0 Transitional//EN"
    "http://www.w3.org/TR/xhtml1/DTD/xhtml1-transitional.dtd">
<html xmlns="http://www.w3.org/1999/xhtml" xml:lang="en" lang="en">
 <head>
  <title>
</title>
<meta http-equiv="Content-Type" content="text/html;charset=utf-8" />
  <meta name='ocr-system' content='tesseract 3.04.00' />
  <meta name='ocr-capabilities' content='ocr_page ocr_carea ocr_par ocr_line ocrx_word'/>
</head>
<body>
  <div class='ocr_page' id='page_1' title='image "beatipetricanisi03cani_0568.png"; bbox 0 0 2093 3444; ppageno 0'>
   <div class='ocr_carea' id='block_1_1' title="bbox 204 203 1734 249">
    <p class='ocr_par' dir='ltr' id='par_1_1' title="bbox 204 203 1734 249">
     <span class='ocr_line' id='line_1_1' title="bbox 204 203 1734 249; baseline 0.002 -11"><span class='ocrx_word' id='word_1_1' title='bbox 204 209 289 249; x_wconf 78' lang='lat'>492</span> <span class='ocrx_word' id='word_1_2' title='bbox 443 206 522 239; x_wconf 82' lang='lat'>714.</span> <span class='ocrx_word' id='word_1_3' title='bbox 556 205 707 239; x_wconf 87' lang='lat' dir='ltr'>Ioannes</span> <span class='ocrx_word' id='word_1_4' title='bbox 733 204 776 238; x_wconf 91' lang='lat' dir='ltr'>de</span> <span class='ocrx_word' id='word_1_5' title='bbox 802 204 959 239; x_wconf 87' lang='lat' dir='ltr'>Polanco</span> <span class='ocrx_word' id='word_1_6' title='bbox 987 203 1141 239; x_wconf 88' lang='lat' dir='ltr'>Canisio.</span> <span class='ocrx_word' id='word_1_7' title='bbox 1180 204 1352 239; x_wconf 88' lang='lat' dir='ltr'>Tridento</span> <span class='ocrx_word' id='word_1_8' title='bbox 1378 206 1410 240; x_wconf 87' lang='lat'>5.</span> <span class='ocrx_word' id='word_1_9' title='bbox 1438 205 1605 241; x_wconf 89' lang='lat' dir='ltr'>Octobris</span> <span class='ocrx_word' id='word_1_10' title='bbox 1633 207 1734 241; x_wconf 81' lang='lat'>1562.</span> 
     </span>
    </p>
   </div>
   <div class='ocr_carea' id='block_1_2' title="bbox 199 321 1973 628">
    <p class='ocr_par' dir='ltr' id='par_1_2' title="bbox 199 321 1973 628">
     <span class='ocr_line' id='line_1_2' title="bbox 201 321 1973 377; baseline 0.001 -12"><span class='ocrx_word' id='word_1_11' title='bbox 201 322 537 365; x_wconf 83' lang='lat' dir='ltr'>Sathanismum.</span> <span class='ocrx_word' id='word_1_12' title='bbox 582 321 781 364; x_wconf 88' lang='lat' dir='ltr'>Alterum</span> <span class='ocrx_word' id='word_1_13' title='bbox 815 322 1061 376; x_wconf 84' lang='lat' dir='ltr'>exemplum</span> <span class='ocrx_word' id='word_1_14' title='bbox 1093 322 1218 364; x_wconf 91' lang='lat' dir='ltr'>huius</span> <span class='ocrx_word' id='word_1_15' title='bbox 1252 323 1395 377; x_wconf 86' lang='lat' dir='ltr'>operis</span> <span class='ocrx_word' id='word_1_16' title='bbox 1426 323 1577 366; x_wconf 86' lang='lat' dir='ltr'>donari</span> <span class='ocrx_word' id='word_1_17' title='bbox 1599 323 1728 366; x_wconf 90' lang='lat' dir='ltr'>uelim</span> <span class='ocrx_word' id='word_1_18' title='bbox 1752 324 1973 367; x_wconf 86' lang='lat' dir='ltr'>Reueren-</span> 
     </span>
     <span class='ocr_line' id='line_1_3' title="bbox 201 386 1971 442; baseline 0.002 -13"><span class='ocrx_word' id='word_1_19' title='bbox 201 387 376 429; x_wconf 86' lang='lat' dir='ltr'>dissimo</span> <span class='ocrx_word' id='word_1_20' title='bbox 394 388 445 430; x_wconf 90' lang='lat' dir='ltr'>D.</span> <span class='ocrx_word' id='word_1_21' title='bbox 465 386 714 437; x_wconf 71' lang='lat' dir='ltr'>Mutinensi,</span> <span class='ocrx_word' id='word_1_22' title='bbox 737 390 786 429; x_wconf 92' lang='lat' dir='ltr'>ut</span> <span class='ocrx_word' id='word_1_23' title='bbox 808 386 1024 441; x_wconf 79' lang='lat' dir='ltr'>prioribus</span> <span class='ocrx_word' id='word_1_24' title='bbox 1048 386 1139 429; x_wconf 90' lang='lat' dir='ltr'>eius</span> <span class='ocrx_word' id='word_1_25' title='bbox 1161 387 1359 442; x_wconf 88' lang='lat' dir='ltr'>partibus</span> <span class='ocrx_word' id='word_1_26' title='bbox 1379 387 1460 430; x_wconf 89' lang='lat' dir='ltr'>hoc</span> <span class='ocrx_word' id='word_1_27' title='bbox 1478 388 1591 442; x_wconf 89' lang='lat' dir='ltr'>quod</span> <span class='ocrx_word' id='word_1_28' title='bbox 1610 389 1732 432; x_wconf 89' lang='lat' dir='ltr'>deest</span> <span class='ocrx_word' id='word_1_29' title='bbox 1750 390 1930 432; x_wconf 86' lang='lat' dir='ltr'>accedat</span> <span class='ocrx_word' id='word_1_30' title='bbox 1944 391 1971 433; x_wconf 87' lang='lat'>¹.</span> 
     </span>
     <span class='ocr_line' id='line_1_4' title="bbox 200 451 1971 506; baseline 0.002 -12"><span class='ocrx_word' id='word_1_31' title='bbox 200 453 409 495; x_wconf 82' lang='lat' dir='ltr'>Dominus</span> <span class='ocrx_word' id='word_1_32' title='bbox 440 452 562 494; x_wconf 89' lang='lat' dir='ltr'>Iesus</span> <span class='ocrx_word' id='word_1_33' title='bbox 595 452 703 494; x_wconf 92' lang='lat' dir='ltr'>bene</span> <span class='ocrx_word' id='word_1_34' title='bbox 735 454 884 494; x_wconf 87' lang='lat' dir='ltr'>uertat</span> <span class='ocrx_word' id='word_1_35' title='bbox 914 451 1152 495; x_wconf 77' lang='lat' dir='ltr'>instantem</span> <span class='ocrx_word' id='word_1_36' title='bbox 1185 452 1318 506; x_wconf 83' lang='lat' dir='ltr'>Regis</span> <span class='ocrx_word' id='word_1_37' title='bbox 1345 452 1638 496; x_wconf 83' lang='lat' dir='ltr'>Romanorum</span> <span class='ocrx_word' id='word_1_38' title='bbox 1671 454 1926 497; x_wconf 77' lang='lat' dir='ltr'>electionem</span> <span class='ocrx_word' id='word_1_39' title='bbox 1941 456 1971 506; x_wconf 85' lang='lat'>2,</span> 
     </span>
     <span class='ocr_line' id='line_1_5' title="bbox 199 517 1972 573; baseline 0.001 -13"><span class='ocrx_word' id='word_1_40' title='bbox 199 521 244 561; x_wconf 92' lang='lat' dir='ltr'>et</span> <span class='ocrx_word' id='word_1_41' title='bbox 267 532 437 560; x_wconf 87' lang='lat' dir='ltr'>sacram</span> <span class='ocrx_word' id='word_1_42' title='bbox 459 519 636 560; x_wconf 87' lang='lat' dir='ltr'>tueatur</span> <span class='ocrx_word' id='word_1_43' title='bbox 654 517 873 571; x_wconf 78' lang='lat' dir='ltr'>synodum</span> <span class='ocrx_word' id='word_1_44' title='bbox 897 517 951 560; x_wconf 86' lang='lat' dir='ltr'>ad</span> <span class='ocrx_word' id='word_1_45' title='bbox 970 517 1192 560; x_wconf 81' lang='lat' dir='ltr'>Ecclesiae</span> <span class='ocrx_word' id='word_1_46' title='bbox 1215 531 1320 559; x_wconf 83' lang='lat' dir='ltr'>suae</span> <span class='ocrx_word' id='word_1_47' title='bbox 1341 518 1708 562; x_wconf 86' lang='lat' dir='ltr'>reformationem.</span> <span class='ocrx_word' id='word_1_48' title='bbox 1746 519 1972 573; x_wconf 81' lang='lat' dir='ltr'>Augustae</span> 
     </span>
     <span class='ocr_line' id='line_1_6' title="bbox 201 582 1910 628; baseline 0.001 -3"><span class='ocrx_word' id='word_1_49' title='bbox 201 585 225 625; x_wconf 81' lang='lat'><strong>3</strong></span> <span class='ocrx_word' id='word_1_50' title='bbox 261 582 412 626; x_wconf 88' lang='lat' dir='ltr'>Octob.</span> <span class='ocrx_word' id='word_1_51' title='bbox 451 584 576 625; x_wconf 79' lang='lat'>1562.</span> <span class='ocrx_word' id='word_1_52' title='bbox 1149 583 1310 625; x_wconf 85' lang='lat' dir='ltr'>Seruus</span> <span class='ocrx_word' id='word_1_53' title='bbox 1341 583 1385 625; x_wconf 94' lang='lat' dir='ltr'>in</span> <span class='ocrx_word' id='word_1_54' title='bbox 1419 583 1588 626; x_wconf 88' lang='lat' dir='ltr'>Christo</span> <span class='ocrx_word' id='word_1_55' title='bbox 1620 584 1667 627; x_wconf 93' lang='lat' dir='ltr'>P.</span> <span class='ocrx_word' id='word_1_56' title='bbox 1702 584 1910 628; x_wconf 88' lang='lat' dir='ltr'>Canisius.</span> 
     </span>
    </p>
   </div>
   <div class='ocr_carea' id='block_1_3' title="bbox 200 663 1972 762">
    <p class='ocr_par' dir='ltr' id='par_1_3' title="bbox 200 663 1972 762">
     <span class='ocr_line' id='line_1_7' title="bbox 317 663 1972 709; baseline 0.001 -11"><span class='ocrx_word' id='word_1_57' title='bbox 317 663 508 708; x_wconf 86' lang='lat' dir='ltr'>Inscriptio</span> <span class='ocrx_word' id='word_1_58' title='bbox 536 663 679 708; x_wconf 83' lang='lat' dir='ltr'>quidem</span> <span class='ocrx_word' id='word_1_59' title='bbox 707 663 833 697; x_wconf 87' lang='lat' dir='ltr'>harum</span> <span class='ocrx_word' id='word_1_60' title='bbox 860 663 1063 697; x_wconf 88' lang='lat' dir='ltr'>litterarum</span> <span class='ocrx_word' id='word_1_61' title='bbox 1089 663 1227 709; x_wconf 88' lang='lat' dir='ltr'>perisse</span> <span class='ocrx_word' id='word_1_62' title='bbox 1254 664 1417 705; x_wconf 81' lang='lat' dir='ltr'>videtur;</span> <span class='ocrx_word' id='word_1_63' title='bbox 1444 665 1508 699; x_wconf 89' lang='lat' dir='ltr'>sed</span> <span class='ocrx_word' id='word_1_64' title='bbox 1534 676 1595 699; x_wconf 90' lang='lat' dir='ltr'>eas</span> <span class='ocrx_word' id='word_1_65' title='bbox 1621 665 1666 699; x_wconf 91' lang='lat' dir='ltr'>ad</span> <span class='ocrx_word' id='word_1_66' title='bbox 1692 665 1843 700; x_wconf 88' lang='lat' dir='ltr'>Hosium</span> <span class='ocrx_word' id='word_1_67' title='bbox 1869 666 1972 701; x_wconf 86' lang='lat' dir='ltr'>datas</span> 
     </span>
     <span class='ocr_line' id='line_1_8' title="bbox 200 716 1724 762; baseline 0.001 -11"><span class='ocrx_word' id='word_1_68' title='bbox 200 729 289 759; x_wconf 88' lang='lat' dir='ltr'>esse,</span> <span class='ocrx_word' id='word_1_69' title='bbox 316 729 374 751; x_wconf 89' lang='lat' dir='ltr'>res</span> <span class='ocrx_word' id='word_1_70' title='bbox 400 717 510 762; x_wconf 82' lang='lat' dir='ltr'>ipsae,</span> <span class='ocrx_word' id='word_1_71' title='bbox 538 728 628 761; x_wconf 87' lang='lat' dir='ltr'>quae</span> <span class='ocrx_word' id='word_1_72' title='bbox 655 717 690 750; x_wconf 93' lang='lat' dir='ltr'>in</span> <span class='ocrx_word' id='word_1_73' title='bbox 717 717 772 757; x_wconf 91' lang='lat' dir='ltr'>iis,</span> <span class='ocrx_word' id='word_1_74' title='bbox 799 717 956 751; x_wconf 78' lang='lat' dir='ltr'>maxime</span> <span class='ocrx_word' id='word_1_75' title='bbox 984 717 1026 751; x_wconf 89' lang='lat' dir='ltr'>de</span> <span class='ocrx_word' id='word_1_76' title='bbox 1052 716 1164 758; x_wconf 90' lang='lat' dir='ltr'>libris,</span> <span class='ocrx_word' id='word_1_77' title='bbox 1192 717 1368 759; x_wconf 87' lang='lat' dir='ltr'>dicuntur,</span> <span class='ocrx_word' id='word_1_78' title='bbox 1396 717 1492 752; x_wconf 88' lang='lat' dir='ltr'>clare</span> <span class='ocrx_word' id='word_1_79' title='bbox 1519 719 1724 753; x_wconf 88' lang='lat' dir='ltr'>ostendunt.</span> 
     </span>
    </p>
   </div>
   <div class='ocr_carea' id='block_1_4' title="bbox 197 793 1971 946">
    <p class='ocr_par' dir='ltr' id='par_1_4' title="bbox 197 793 1971 946">
     <span class='ocr_line' id='line_1_9' title="bbox 320 793 1971 838; baseline 0.002 -12"><span class='ocrx_word' id='word_1_80' title='bbox 320 793 486 827; x_wconf 86' lang='lat' dir='ltr'>Canisius</span> <span class='ocrx_word' id='word_1_81' title='bbox 521 804 591 827; x_wconf 87' lang='lat' dir='ltr'>una</span> <span class='ocrx_word' id='word_1_82' title='bbox 627 804 706 827; x_wconf 84' lang='lat' dir='ltr'>cum</span> <span class='ocrx_word' id='word_1_83' title='bbox 733 793 801 827; x_wconf 88' lang='lat' dir='ltr'>hac</span> <span class='ocrx_word' id='word_1_84' title='bbox 828 793 1002 838; x_wconf 83' lang='lat' dir='ltr'>epistula,</span> <span class='ocrx_word' id='word_1_85' title='bbox 1042 795 1082 827; x_wconf 92' lang='lat' dir='ltr'>ut</span> <span class='ocrx_word' id='word_1_86' title='bbox 1117 806 1161 827; x_wconf 79' lang='lat' dir='ltr'>ex</span> <span class='ocrx_word' id='word_1_87' title='bbox 1189 794 1267 838; x_wconf 83' lang='lat' dir='ltr'>ipsa</span> <span class='ocrx_word' id='word_1_88' title='bbox 1304 795 1422 838; x_wconf 88' lang='lat' dir='ltr'>patet,</span> <span class='ocrx_word' id='word_1_89' title='bbox 1459 793 1569 828; x_wconf 86' lang='lat' dir='ltr'>Hosio</span> <span class='ocrx_word' id='word_1_90' title='bbox 1605 796 1642 828; x_wconf 85' lang='lat' dir='ltr'>et</span> <span class='ocrx_word' id='word_1_91' title='bbox 1666 794 1876 829; x_wconf 85' lang='lat' dir='ltr'>Foscarario</span> <span class='ocrx_word' id='word_1_92' title='bbox 1902 795 1971 829; x_wconf 90' lang='lat' dir='ltr'>duo</span> 
     </span>
     <span class='ocr_line' id='line_1_10' title="bbox 198 845 1970 893; baseline 0.001 -13"><span class='ocrx_word' id='word_1_93' title='bbox 198 847 296 881; x_wconf 85' lang='lat' dir='ltr'>misit</span> <span class='ocrx_word' id='word_1_94' title='bbox 315 846 480 891; x_wconf 88' lang='lat' dir='ltr'>exempla</span> <span class='ocrx_word' id='word_1_95' title='bbox 499 846 598 880; x_wconf 88' lang='lat' dir='ltr'>libri:</span> <span class='ocrx_word' id='word_1_96' title='bbox 632 845 761 889; x_wconf 81' lang='lat' dir='ltr'>„Sexta</span> <span class='ocrx_word' id='word_1_97' title='bbox 781 846 952 881; x_wconf 83' lang='lat' dir='ltr'>Centuria</span> <span class='ocrx_word' id='word_1_98' title='bbox 972 846 1249 881; x_wconf 84' lang='lat' dir='ltr'>Ecclesiastieae</span> <span class='ocrx_word' id='word_1_99' title='bbox 1269 846 1462 889; x_wconf 82' lang='lat' dir='ltr'>Historiae,</span> <span class='ocrx_word' id='word_1_100' title='bbox 1489 847 1676 882; x_wconf 87' lang='lat' dir='ltr'>continens</span> <span class='ocrx_word' id='word_1_101' title='bbox 1695 847 1970 893; x_wconf 79' lang='lat' dir='ltr'>descriptionem</span> 
     </span>
     <span class='ocr_line' id='line_1_11' title="bbox 197 899 1970 946; baseline 0.001 -12"><span class='ocrx_word' id='word_1_102' title='bbox 197 900 502 945; x_wconf 86' lang='lat' dir='ltr'>amplissimarum</span> <span class='ocrx_word' id='word_1_103' title='bbox 527 900 623 943; x_wconf 73' lang='lat' dir='ltr'>[sic]</span> <span class='ocrx_word' id='word_1_104' title='bbox 647 911 766 934; x_wconf 90' lang='lat' dir='ltr'>rerum</span> <span class='ocrx_word' id='word_1_105' title='bbox 792 900 826 934; x_wconf 90' lang='lat' dir='ltr'>in</span> <span class='ocrx_word' id='word_1_106' title='bbox 855 900 979 944; x_wconf 84' lang='lat' dir='ltr'>Regno</span> <span class='ocrx_word' id='word_1_107' title='bbox 1007 900 1160 941; x_wconf 77' lang='lat' dir='ltr'>Christi,</span> <span class='ocrx_word' id='word_1_108' title='bbox 1197 912 1289 944; x_wconf 90' lang='lat' dir='ltr'>quae</span> <span class='ocrx_word' id='word_1_109' title='bbox 1316 899 1426 934; x_wconf 81' lang='lat' dir='ltr'>Sexto</span> <span class='ocrx_word' id='word_1_110' title='bbox 1452 902 1534 946; x_wconf 90' lang='lat' dir='ltr'>post</span> <span class='ocrx_word' id='word_1_111' title='bbox 1560 900 1637 935; x_wconf 85' lang='lat' dir='ltr'>eius</span> <span class='ocrx_word' id='word_1_112' title='bbox 1663 901 1891 936; x_wconf 86' lang='lat' dir='ltr'>natiuitatem</span> <span class='ocrx_word' id='word_1_113' title='bbox 1917 913 1970 936; x_wconf 90' lang='lat' dir='ltr'>se-</span> 
     </span>
    </p>
   </div>
   <div class='ocr_carea' id='block_1_5' title="bbox 196 953 1971 1053">
    <p class='ocr_par' dir='ltr' id='par_1_5' title="bbox 196 953 1971 1053">
     <span class='ocr_line' id='line_1_12' title="bbox 197 953 1971 999; baseline 0.001 -12"><span class='ocrx_word' id='word_1_114' title='bbox 197 953 277 988; x_wconf 85' lang='lat' dir='ltr'>culo</span> <span class='ocrx_word' id='word_1_115' title='bbox 304 954 530 988; x_wconf 89' lang='lat' dir='ltr'>acciderunt:</span> <span class='ocrx_word' id='word_1_116' title='bbox 559 981 565 987; x_wconf 91' lang='lat'>.</span> <span class='ocrx_word' id='word_1_117' title='bbox 588 981 593 987; x_wconf 88' lang='lat'>.</span> <span class='ocrx_word' id='word_1_118' title='bbox 616 981 622 987; x_wconf 97' lang='lat'>.</span> <span class='ocrx_word' id='word_1_119' title='bbox 651 953 773 987; x_wconf 88' lang='lat' dir='ltr'>eodem</span> <span class='ocrx_word' id='word_1_120' title='bbox 801 954 939 995; x_wconf 85' lang='lat' dir='ltr'>ordine,</span> <span class='ocrx_word' id='word_1_121' title='bbox 967 953 1155 997; x_wconf 82' lang='lat' dir='ltr'>diligentia</span> <span class='ocrx_word' id='word_1_122' title='bbox 1182 956 1218 987; x_wconf 86' lang='lat' dir='ltr'>et</span> <span class='ocrx_word' id='word_1_123' title='bbox 1244 953 1332 994; x_wconf 89' lang='lat' dir='ltr'>fide,</span> <span class='ocrx_word' id='word_1_124' title='bbox 1360 965 1429 998; x_wconf 93' lang='lat' dir='ltr'>quo</span> <span class='ocrx_word' id='word_1_125' title='bbox 1456 954 1660 999; x_wconf 86' lang='lat' dir='ltr'>superiores</span> <span class='ocrx_word' id='word_1_126' title='bbox 1688 954 1897 997; x_wconf 86' lang='lat' dir='ltr'>Centuriae,</span> <span class='ocrx_word' id='word_1_127' title='bbox 1925 967 1971 989; x_wconf 85' lang='lat' dir='ltr'>ex</span> 
     </span>
     <span class='ocr_line' id='line_1_13' title="bbox 196 1007 1971 1053; baseline 0.001 -12"><span class='ocrx_word' id='word_1_128' title='bbox 196 1008 351 1041; x_wconf 89' lang='lat' dir='ltr'>uetustis</span> <span class='ocrx_word' id='word_1_129' title='bbox 378 1009 413 1041; x_wconf 87' lang='lat' dir='ltr'>et</span> <span class='ocrx_word' id='word_1_130' title='bbox 439 1007 598 1053; x_wconf 87' lang='lat' dir='ltr'>probatis</span> <span class='ocrx_word' id='word_1_131' title='bbox 625 1007 826 1048; x_wconf 80' lang='lat' dir='ltr'>historicis,</span> <span class='ocrx_word' id='word_1_132' title='bbox 863 1007 1046 1052; x_wconf 86' lang='lat' dir='ltr'>patribus,</span> <span class='ocrx_word' id='word_1_133' title='bbox 1083 1009 1119 1041; x_wconf 86' lang='lat' dir='ltr'>et</span> <span class='ocrx_word' id='word_1_134' title='bbox 1145 1007 1226 1052; x_wconf 84' lang='lat' dir='ltr'>alijs</span> <span class='ocrx_word' id='word_1_135' title='bbox 1252 1007 1508 1052; x_wconf 82' lang='lat' dir='ltr'>scriptoribus,</span> <span class='ocrx_word' id='word_1_136' title='bbox 1541 1008 1577 1041; x_wconf 91' lang='lat' dir='ltr'>in</span> <span class='ocrx_word' id='word_1_137' title='bbox 1604 1007 1711 1041; x_wconf 87' lang='lat' dir='ltr'>exilio</span> <span class='ocrx_word' id='word_1_138' title='bbox 1738 1019 1801 1052; x_wconf 91' lang='lat' dir='ltr'>per</span> <span class='ocrx_word' id='word_1_139' title='bbox 1826 1009 1971 1043; x_wconf 81' lang='lat' dir='ltr'>autores</span> 
     </span>
    </p>
   </div>
   <div class='ocr_carea' id='block_1_6' title="bbox 190 1060 1970 2336">
    <p class='ocr_par' dir='ltr' id='par_1_6' title="bbox 190 1060 1970 2336">
     <span class='ocr_line' id='line_1_14' title="bbox 196 1060 1970 1106; baseline 0.001 -12"><span class='ocrx_word' id='word_1_140' title='bbox 196 1062 367 1094; x_wconf 78' lang='lat' dir='ltr'>contexta</span> <span class='ocrx_word' id='word_1_141' title='bbox 395 1089 400 1094; x_wconf 94' lang='lat'>.</span> <span class='ocrx_word' id='word_1_142' title='bbox 423 1088 428 1094; x_wconf 95' lang='lat'>.</span> <span class='ocrx_word' id='word_1_143' title='bbox 450 1088 456 1094; x_wconf 94' lang='lat'><strong>.</strong></span> <span class='ocrx_word' id='word_1_144' title='bbox 485 1060 660 1102; x_wconf 77' lang='lat' dir='ltr'>Basileae,</span> <span class='ocrx_word' id='word_1_145' title='bbox 687 1072 750 1105; x_wconf 89' lang='lat' dir='ltr'>per</span> <span class='ocrx_word' id='word_1_146' title='bbox 776 1060 944 1094; x_wconf 86' lang='lat' dir='ltr'>Ioannem</span> <span class='ocrx_word' id='word_1_147' title='bbox 972 1060 1168 1105; x_wconf 80' lang='lat' dir='ltr'>Oporinuin</span> <span class='ocrx_word' id='word_1_148' title='bbox 1196 1088 1203 1094; x_wconf 95' lang='lat'><em>.</em></span> <span class='ocrx_word' id='word_1_149' title='bbox 1234 1061 1343 1094; x_wconf 70' lang='grc' dir='ltr'>1562“ι</span> <span class='ocrx_word' id='word_1_150' title='bbox 1377 1060 1457 1104; x_wconf 83' lang='lat'>(2⁰;</span> <span class='ocrx_word' id='word_1_151' title='bbox 1485 1073 1518 1106; x_wconf 90' lang='lat' dir='ltr'>p.</span> <span class='ocrx_word' id='word_1_152' title='bbox 1541 1062 1557 1095; x_wconf 88' lang='lat'>1</span> <span class='ocrx_word' id='word_1_153' title='bbox 1586 1060 1680 1105; x_wconf 90' lang='lat' dir='ltr'>[incl.</span> <span class='ocrx_word' id='word_1_154' title='bbox 1701 1061 1761 1095; x_wconf 86' lang='lat' dir='ltr'>fol.</span> <span class='ocrx_word' id='word_1_155' title='bbox 1780 1060 1851 1106; x_wconf 89' lang='lat' dir='ltr'>tit.]</span> <span class='ocrx_word' id='word_1_156' title='bbox 1877 1062 1970 1096; x_wconf 84' lang='lat'>-14</span> 
     </span>
     <span class='ocr_line' id='line_1_15' title="bbox 198 1113 1965 1159; baseline 0.001 -12"><span class='ocrx_word' id='word_1_157' title='bbox 198 1115 234 1147; x_wconf 85' lang='lat' dir='ltr'>et</span> <span class='ocrx_word' id='word_1_158' title='bbox 260 1114 326 1148; x_wconf 91' lang='lat' dir='ltr'>col.</span> <span class='ocrx_word' id='word_1_159' title='bbox 350 1114 522 1153; x_wconf 76' lang='grc'>15-872,</span> <span class='ocrx_word' id='word_1_160' title='bbox 550 1125 591 1148; x_wconf 84' lang='lat' dir='ltr'>ac</span> <span class='ocrx_word' id='word_1_161' title='bbox 610 1116 798 1159; x_wconf 84' lang='lat' dir='ltr'>praeterea</span> <span class='ocrx_word' id='word_1_162' title='bbox 824 1114 859 1147; x_wconf 89' lang='lat' dir='ltr'>in</span> <span class='ocrx_word' id='word_1_163' title='bbox 878 1114 948 1148; x_wconf 87' lang='lat' dir='ltr'>fine</span> <span class='ocrx_word' id='word_1_164' title='bbox 975 1113 1019 1147; x_wconf 83' lang='lat'>27</span> <span class='ocrx_word' id='word_1_165' title='bbox 1039 1114 1073 1147; x_wconf 85' lang='lat' dir='ltr'>ff.</span> <span class='ocrx_word' id='word_1_166' title='bbox 1094 1126 1163 1147; x_wconf 91' lang='lat' dir='ltr'>non</span> <span class='ocrx_word' id='word_1_167' title='bbox 1190 1114 1311 1158; x_wconf 66' lang='lat' dir='ltr'>sign).</span> <span class='ocrx_word' id='word_1_168' title='bbox 1352 1113 1452 1156; x_wconf 85' lang='lat' dir='ltr'>Quod</span> <span class='ocrx_word' id='word_1_169' title='bbox 1472 1116 1592 1148; x_wconf 87' lang='lat' dir='ltr'>autem</span> <span class='ocrx_word' id='word_1_170' title='bbox 1612 1114 1779 1149; x_wconf 90' lang='lat' dir='ltr'>Canisius</span> <span class='ocrx_word' id='word_1_171' title='bbox 1802 1114 1965 1157; x_wconf 82' lang='lat' dir='ltr'>„exules“</span> 
     </span>
     <span class='ocr_line' id='line_1_16' title="bbox 196 1167 1969 1213; baseline 0.001 -12"><span class='ocrx_word' id='word_1_172' title='bbox 196 1167 278 1201; x_wconf 83' lang='lat' dir='ltr'>libri</span> <span class='ocrx_word' id='word_1_173' title='bbox 310 1168 588 1212; x_wconf 77' lang='lat' dir='ltr'>„praefationem</span> <span class='ocrx_word' id='word_1_174' title='bbox 624 1168 699 1202; x_wconf 88' lang='lat' dir='ltr'>suis</span> <span class='ocrx_word' id='word_1_175' title='bbox 727 1167 884 1211; x_wconf 85' lang='lat' dir='ltr'>querelis</span> <span class='ocrx_word' id='word_1_176' title='bbox 920 1167 1084 1212; x_wconf 80' lang='lat' dir='ltr'>opplere⁴⁴</span> <span class='ocrx_word' id='word_1_177' title='bbox 1123 1167 1268 1208; x_wconf 83' lang='lat' dir='ltr'>scribit,</span> <span class='ocrx_word' id='word_1_178' title='bbox 1308 1167 1343 1201; x_wconf 88' lang='lat' dir='ltr'>in</span> <span class='ocrx_word' id='word_1_179' title='bbox 1379 1167 1535 1213; x_wconf 83' lang='lat' dir='ltr'>epistula</span> <span class='ocrx_word' id='word_1_180' title='bbox 1570 1167 1807 1210; x_wconf 83' lang='lat' dir='ltr'>dedicatoria,</span> <span class='ocrx_word' id='word_1_181' title='bbox 1848 1168 1969 1210; x_wconf 87' lang='lat' dir='ltr'>„Anno</span> 
     </span>
     <span class='ocr_line' id='line_1_17' title="bbox 197 1220 1969 1265; baseline 0.001 -11"><span class='ocrx_word' id='word_1_182' title='bbox 197 1221 339 1255; x_wconf 87' lang='lat' dir='ltr'>Domini</span> <span class='ocrx_word' id='word_1_183' title='bbox 369 1221 477 1255; x_wconf 77' lang='lat'>1562“</span> <span class='ocrx_word' id='word_1_184' title='bbox 509 1233 529 1255; x_wconf 87' lang='lat' dir='ltr'>a</span> <span class='ocrx_word' id='word_1_185' title='bbox 555 1221 693 1255; x_wconf 81' lang='lat' dir='ltr'>Mathia</span> <span class='ocrx_word' id='word_1_186' title='bbox 720 1221 840 1255; x_wconf 82' lang='lat' dir='ltr'>Flacio</span> <span class='ocrx_word' id='word_1_187' title='bbox 867 1220 1021 1265; x_wconf 73' lang='lat' dir='ltr'>illyrico,</span> <span class='ocrx_word' id='word_1_188' title='bbox 1051 1221 1180 1254; x_wconf 83' lang='lat' dir='ltr'>Ioanne</span> <span class='ocrx_word' id='word_1_189' title='bbox 1196 1220 1387 1264; x_wconf 54' lang='lat' dir='ltr'>NVigando,</span> <span class='ocrx_word' id='word_1_190' title='bbox 1414 1221 1600 1256; x_wconf 82' lang='lat' dir='ltr'>Matthaeo</span> <span class='ocrx_word' id='word_1_191' title='bbox 1628 1221 1748 1256; x_wconf 89' lang='lat' dir='ltr'>Iudice</span> <span class='ocrx_word' id='word_1_192' title='bbox 1774 1222 1819 1256; x_wconf 87' lang='lat' dir='ltr'>ad</span> <span class='ocrx_word' id='word_1_193' title='bbox 1846 1221 1969 1256; x_wconf 88' lang='lat' dir='ltr'>Barni-</span> 
     </span>
     <span class='ocr_line' id='line_1_18' title="bbox 198 1274 1969 1316; baseline 0.001 -9"><span class='ocrx_word' id='word_1_194' title='bbox 198 1286 294 1308; x_wconf 87' lang='lat' dir='ltr'>mum</span> <span class='ocrx_word' id='word_1_195' title='bbox 322 1274 524 1315; x_wconf 82' lang='lat' dir='ltr'>Seniorem,</span> <span class='ocrx_word' id='word_1_196' title='bbox 552 1275 720 1309; x_wconf 85' lang='lat' dir='ltr'>Ioannem</span> <span class='ocrx_word' id='word_1_197' title='bbox 747 1274 988 1314; x_wconf 79' lang='lat' dir='ltr'>Fridericum,</span> <span class='ocrx_word' id='word_1_198' title='bbox 1021 1274 1235 1315; x_wconf 88' lang='lat' dir='ltr'>Bouslaum,</span> <span class='ocrx_word' id='word_1_199' title='bbox 1263 1274 1456 1309; x_wconf 84' lang='lat' dir='ltr'>Ernestum</span> <span class='ocrx_word' id='word_1_200' title='bbox 1481 1275 1720 1316; x_wconf 85' lang='lat' dir='ltr'>Ludevicum,</span> <span class='ocrx_word' id='word_1_201' title='bbox 1749 1275 1969 1316; x_wconf 77' lang='lat' dir='ltr'>Barnimum,</span> 
     </span>
     <span class='ocr_line' id='line_1_19' title="bbox 199 1327 1967 1372; baseline 0.001 -11"><span class='ocrx_word' id='word_1_202' title='bbox 199 1327 423 1370; x_wconf 84' lang='lat' dir='ltr'>Casimirum,</span> <span class='ocrx_word' id='word_1_203' title='bbox 456 1328 584 1370; x_wconf 75' lang='lat' dir='ltr'>„duces</span> <span class='ocrx_word' id='word_1_204' title='bbox 611 1327 888 1368; x_wconf 82' lang='lat' dir='ltr'>Stetinensium,</span> <span class='ocrx_word' id='word_1_205' title='bbox 916 1328 1171 1361; x_wconf 81' lang='lat' dir='ltr'>Pomeraniae“</span> <span class='ocrx_word' id='word_1_206' title='bbox 1202 1330 1269 1362; x_wconf 88' lang='lat' dir='ltr'>etc.</span> <span class='ocrx_word' id='word_1_207' title='bbox 1297 1328 1391 1362; x_wconf 82' lang='lat' dir='ltr'>datis</span> <span class='ocrx_word' id='word_1_208' title='bbox 1418 1328 1573 1362; x_wconf 86' lang='lat' dir='ltr'>editores</span> <span class='ocrx_word' id='word_1_209' title='bbox 1599 1330 1816 1372; x_wconf 89' lang='lat' dir='ltr'>queruntur:</span> <span class='ocrx_word' id='word_1_210' title='bbox 1849 1328 1967 1370; x_wconf 76' lang='lat' dir='ltr'>⁷,Fide-</span> 
     </span>
     <span class='ocr_line' id='line_1_20' title="bbox 198 1381 1966 1427; baseline 0 -12"><span class='ocrx_word' id='word_1_211' title='bbox 198 1381 326 1416; x_wconf 89' lang='lat' dir='ltr'>lissimi</span> <span class='ocrx_word' id='word_1_212' title='bbox 353 1381 485 1426; x_wconf 89' lang='lat' dir='ltr'>quique</span> <span class='ocrx_word' id='word_1_213' title='bbox 511 1381 676 1416; x_wconf 89' lang='lat' dir='ltr'>doctores</span> <span class='ocrx_word' id='word_1_214' title='bbox 703 1382 802 1415; x_wconf 82' lang='lat' dir='ltr'>uerbi</span> <span class='ocrx_word' id='word_1_215' title='bbox 829 1381 1015 1422; x_wconf 82' lang='lat' dir='ltr'>coelestis,</span> <span class='ocrx_word' id='word_1_216' title='bbox 1051 1383 1086 1415; x_wconf 87' lang='lat' dir='ltr'>et</span> <span class='ocrx_word' id='word_1_217' title='bbox 1113 1381 1242 1425; x_wconf 84' lang='lat' dir='ltr'>reliqui</span> <span class='ocrx_word' id='word_1_218' title='bbox 1268 1392 1377 1416; x_wconf 88' lang='lat' dir='ltr'>sanae</span> <span class='ocrx_word' id='word_1_219' title='bbox 1405 1381 1587 1416; x_wconf 87' lang='lat' dir='ltr'>doctrinae</span> <span class='ocrx_word' id='word_1_220' title='bbox 1614 1381 1767 1423; x_wconf 85' lang='lat' dir='ltr'>addicti,</span> <span class='ocrx_word' id='word_1_221' title='bbox 1803 1382 1838 1415; x_wconf 93' lang='lat' dir='ltr'>in</span> <span class='ocrx_word' id='word_1_222' title='bbox 1865 1381 1966 1427; x_wconf 86' lang='lat' dir='ltr'>odijs,</span> 
     </span>
     <span class='ocr_line' id='line_1_21' title="bbox 198 1434 1967 1480; baseline 0.001 -12"><span class='ocrx_word' id='word_1_223' title='bbox 198 1435 233 1468; x_wconf 90' lang='lat' dir='ltr'>in</span> <span class='ocrx_word' id='word_1_224' title='bbox 260 1435 444 1480; x_wconf 87' lang='lat' dir='ltr'>periculis,</span> <span class='ocrx_word' id='word_1_225' title='bbox 472 1435 507 1469; x_wconf 91' lang='lat' dir='ltr'>in</span> <span class='ocrx_word' id='word_1_226' title='bbox 534 1435 654 1480; x_wconf 79' lang='lat' dir='ltr'>exilijs</span> <span class='ocrx_word' id='word_1_227' title='bbox 680 1438 885 1476; x_wconf 74' lang='lat' dir='ltr'>uersautur,</span> <span class='ocrx_word' id='word_1_228' title='bbox 914 1435 1018 1469; x_wconf 89' lang='lat' dir='ltr'>tetris</span> <span class='ocrx_word' id='word_1_229' title='bbox 1045 1434 1217 1480; x_wconf 87' lang='lat' dir='ltr'>conuicijs</span> <span class='ocrx_word' id='word_1_230' title='bbox 1245 1437 1506 1480; x_wconf 87' lang='lat' dir='ltr'>conspuuntur,</span> <span class='ocrx_word' id='word_1_231' title='bbox 1534 1435 1756 1476; x_wconf 85' lang='lat' dir='ltr'>territantur,</span> <span class='ocrx_word' id='word_1_232' title='bbox 1783 1435 1967 1478; x_wconf 85' lang='lat' dir='ltr'>fugantur,</span> 
     </span>
     <span class='ocr_line' id='line_1_22' title="bbox 199 1487 1966 1533; baseline 0.001 -11"><span class='ocrx_word' id='word_1_233' title='bbox 199 1489 403 1533; x_wconf 85' lang='lat' dir='ltr'>pelluntur:</span> <span class='ocrx_word' id='word_1_234' title='bbox 439 1489 546 1533; x_wconf 89' lang='lat' dir='ltr'>idque</span> <span class='ocrx_word' id='word_1_235' title='bbox 573 1488 612 1523; x_wconf 86' lang='lat' dir='ltr'>fit</span> <span class='ocrx_word' id='word_1_236' title='bbox 639 1489 682 1522; x_wconf 86' lang='lat' dir='ltr'>ab</span> <span class='ocrx_word' id='word_1_237' title='bbox 716 1489 760 1533; x_wconf 87' lang='lat' dir='ltr'>ijs</span> <span class='ocrx_word' id='word_1_238' title='bbox 786 1500 946 1532; x_wconf 80' lang='lat' dir='ltr'>quoque,</span> <span class='ocrx_word' id='word_1_239' title='bbox 983 1499 1004 1522; x_wconf 85' lang='lat' dir='ltr'>a</span> <span class='ocrx_word' id='word_1_240' title='bbox 1030 1488 1160 1532; x_wconf 85' lang='lat' dir='ltr'>quibus</span> <span class='ocrx_word' id='word_1_241' title='bbox 1192 1488 1338 1522; x_wconf 87' lang='lat' dir='ltr'>minime</span> <span class='ocrx_word' id='word_1_242' title='bbox 1364 1488 1440 1522; x_wconf 89' lang='lat' dir='ltr'>fieri</span> <span class='ocrx_word' id='word_1_243' title='bbox 1467 1488 1615 1523; x_wconf 88' lang='lat' dir='ltr'>decebat</span> <span class='ocrx_word' id='word_1_244' title='bbox 1643 1487 1966 1533; x_wconf 84' lang='lat' dir='ltr'>[protestantibus].</span> 
     </span>
     <span class='ocr_line' id='line_1_23' title="bbox 196 1541 1968 1586; baseline 0.001 -11"><span class='ocrx_word' id='word_1_245' title='bbox 196 1541 383 1576; x_wconf 83' lang='lat' dir='ltr'>Pullulant</span> <span class='ocrx_word' id='word_1_246' title='bbox 409 1553 551 1586; x_wconf 90' lang='lat' dir='ltr'>quoque</span> <span class='ocrx_word' id='word_1_247' title='bbox 585 1542 735 1576; x_wconf 86' lang='lat' dir='ltr'>subinde</span> <span class='ocrx_word' id='word_1_248' title='bbox 771 1542 806 1575; x_wconf 92' lang='lat' dir='ltr'>in</span> <span class='ocrx_word' id='word_1_249' title='bbox 842 1553 928 1585; x_wconf 84' lang='lat' dir='ltr'>agro</span> <span class='ocrx_word' id='word_1_250' title='bbox 956 1541 1097 1575; x_wconf 88' lang='lat' dir='ltr'>Domini</span> <span class='ocrx_word' id='word_1_251' title='bbox 1133 1541 1288 1583; x_wconf 87' lang='lat' dir='ltr'>zizania,</span> <span class='ocrx_word' id='word_1_252' title='bbox 1324 1541 1554 1586; x_wconf 85' lang='lat' dir='ltr'>hypocritae,</span> <span class='ocrx_word' id='word_1_253' title='bbox 1589 1541 1800 1583; x_wconf 86' lang='lat' dir='ltr'>Neutrales,</span> <span class='ocrx_word' id='word_1_254' title='bbox 1836 1541 1968 1576; x_wconf 89' lang='lat' dir='ltr'>risores</span> 
     </span>
     <span class='ocr_line' id='line_1_24' title="bbox 195 1594 1965 1640; baseline 0 -11"><span class='ocrx_word' id='word_1_255' title='bbox 195 1596 381 1636; x_wconf 86' lang='lat' dir='ltr'>ueritatis,</span> <span class='ocrx_word' id='word_1_256' title='bbox 408 1595 493 1630; x_wconf 85' lang='lat' dir='ltr'>falsi</span> <span class='ocrx_word' id='word_1_257' title='bbox 520 1595 671 1637; x_wconf 85' lang='lat' dir='ltr'>fratres,</span> <span class='ocrx_word' id='word_1_258' title='bbox 699 1606 808 1630; x_wconf 88' lang='lat' dir='ltr'>aurae</span> <span class='ocrx_word' id='word_1_259' title='bbox 834 1595 996 1640; x_wconf 88' lang='lat' dir='ltr'>populari</span> <span class='ocrx_word' id='word_1_260' title='bbox 1023 1595 1242 1635; x_wconf 83' lang='lat' dir='ltr'>seruientes,</span> <span class='ocrx_word' id='word_1_261' title='bbox 1270 1595 1530 1630; x_wconf 87' lang='lat' dir='ltr'>confessionem</span> <span class='ocrx_word' id='word_1_262' title='bbox 1558 1595 1745 1637; x_wconf 87' lang='lat' dir='ltr'>ueritatis,</span> <span class='ocrx_word' id='word_1_263' title='bbox 1777 1594 1965 1640; x_wconf 88' lang='lat' dir='ltr'>reprehen-</span> 
     </span>
     <span class='ocr_line' id='line_1_25' title="bbox 195 1648 1966 1694; baseline 0 -11"><span class='ocrx_word' id='word_1_264' title='bbox 195 1649 314 1683; x_wconf 89' lang='lat' dir='ltr'>siones</span> <span class='ocrx_word' id='word_1_265' title='bbox 342 1661 501 1683; x_wconf 86' lang='lat' dir='ltr'>errorum</span> <span class='ocrx_word' id='word_1_266' title='bbox 528 1652 563 1683; x_wconf 92' lang='lat' dir='ltr'>et</span> <span class='ocrx_word' id='word_1_267' title='bbox 591 1649 740 1683; x_wconf 87' lang='lat' dir='ltr'>aliorum</span> <span class='ocrx_word' id='word_1_268' title='bbox 770 1649 948 1683; x_wconf 86' lang='lat' dir='ltr'>scelerum</span> <span class='ocrx_word' id='word_1_269' title='bbox 975 1651 1191 1683; x_wconf 82' lang='lat' dir='ltr'>excusantes</span> <span class='ocrx_word' id='word_1_270' title='bbox 1216 1649 1320 1693; x_wconf 64' lang='lat' dir='ltr'>[.s·e&#39;c],</span> <span class='ocrx_word' id='word_1_271' title='bbox 1347 1648 1550 1694; x_wconf 81' lang='lat' dir='ltr'>palliantes,</span> <span class='ocrx_word' id='word_1_272' title='bbox 1578 1650 1614 1683; x_wconf 89' lang='lat' dir='ltr'>et</span> <span class='ocrx_word' id='word_1_273' title='bbox 1638 1649 1715 1683; x_wconf 88' lang='lat' dir='ltr'>foro</span> <span class='ocrx_word' id='word_1_274' title='bbox 1744 1649 1966 1694; x_wconf 86' lang='lat' dir='ltr'>temporique</span> 
     </span>
     <span class='ocr_line' id='line_1_26' title="bbox 195 1701 1965 1748; baseline 0 -12"><span class='ocrx_word' id='word_1_275' title='bbox 195 1714 275 1737; x_wconf 89' lang='lat' dir='ltr'>sese</span> <span class='ocrx_word' id='word_1_276' title='bbox 302 1704 596 1748; x_wconf 84' lang='lat' dir='ltr'>attemperantes,</span> <span class='ocrx_word' id='word_1_277' title='bbox 624 1702 814 1736; x_wconf 86' lang='lat' dir='ltr'>uirulentis</span> <span class='ocrx_word' id='word_1_278' title='bbox 833 1702 967 1746; x_wconf 81' lang='lat' dir='ltr'>linguis</span> <span class='ocrx_word' id='word_1_279' title='bbox 985 1702 1108 1743; x_wconf 89' lang='lat' dir='ltr'>serios,</span> <span class='ocrx_word' id='word_1_280' title='bbox 1136 1714 1279 1745; x_wconf 75' lang='lat' dir='ltr'>graues,</span> <span class='ocrx_word' id='word_1_281' title='bbox 1308 1702 1396 1737; x_wconf 86' lang='lat' dir='ltr'>fidos</span> <span class='ocrx_word' id='word_1_282' title='bbox 1425 1701 1558 1737; x_wconf 89' lang='lat' dir='ltr'>Christi</span> <span class='ocrx_word' id='word_1_283' title='bbox 1585 1704 1621 1736; x_wconf 86' lang='lat' dir='ltr'>et</span> <span class='ocrx_word' id='word_1_284' title='bbox 1640 1701 1822 1736; x_wconf 84' lang='lat' dir='ltr'>Ecclesiae</span> <span class='ocrx_word' id='word_1_285' title='bbox 1840 1713 1965 1736; x_wconf 86' lang='lat' dir='ltr'>seruos</span> 
     </span>
     <span class='ocr_line' id='line_1_27' title="bbox 196 1755 1966 1801; baseline 0 -12"><span class='ocrx_word' id='word_1_286' title='bbox 196 1756 487 1800; x_wconf 87' lang='lat' dir='ltr'>proscindentes,</span> <span class='ocrx_word' id='word_1_287' title='bbox 528 1759 564 1790; x_wconf 89' lang='lat' dir='ltr'>et</span> <span class='ocrx_word' id='word_1_288' title='bbox 599 1757 837 1801; x_wconf 81' lang='lat' dir='ltr'>potentiorum</span> <span class='ocrx_word' id='word_1_289' title='bbox 875 1768 960 1799; x_wconf 80' lang='lat' dir='ltr'>erga</span> <span class='ocrx_word' id='word_1_290' title='bbox 996 1756 1092 1801; x_wconf 89' lang='lat' dir='ltr'>ipsos</span> <span class='ocrx_word' id='word_1_291' title='bbox 1131 1755 1338 1790; x_wconf 85' lang='lat' dir='ltr'>uiolentiam</span> <span class='ocrx_word' id='word_1_292' title='bbox 1377 1758 1672 1801; x_wconf 85' lang='lat' dir='ltr'>exasperantes..</span> <span class='ocrx_word' id='word_1_293' title='bbox 1694 1783 1699 1789; x_wconf 86' lang='lat'><strong><em>.</em></strong></span> <span class='ocrx_word' id='word_1_294' title='bbox 1721 1783 1728 1789; x_wconf 91' lang='lat'><em>.</em></span> <span class='ocrx_word' id='word_1_295' title='bbox 1772 1755 1966 1790; x_wconf 86' lang='lat' dir='ltr'>Potissima</span> 
     </span>
     <span class='ocr_line' id='line_1_28' title="bbox 195 1808 1965 1854; baseline 0 -10"><span class='ocrx_word' id='word_1_296' title='bbox 195 1821 279 1854; x_wconf 86' lang='lat' dir='ltr'>pars</span> <span class='ocrx_word' id='word_1_297' title='bbox 306 1810 412 1851; x_wconf 89' lang='lat' dir='ltr'>orbis,</span> <span class='ocrx_word' id='word_1_298' title='bbox 440 1821 532 1854; x_wconf 84' lang='lat' dir='ltr'>quae</span> <span class='ocrx_word' id='word_1_299' title='bbox 552 1809 735 1844; x_wconf 84' lang='lat' dir='ltr'>Ecclesiae</span> <span class='ocrx_word' id='word_1_300' title='bbox 755 1809 888 1843; x_wconf 87' lang='lat' dir='ltr'>Christi</span> <span class='ocrx_word' id='word_1_301' title='bbox 915 1809 1056 1843; x_wconf 89' lang='lat' dir='ltr'>nomine</span> <span class='ocrx_word' id='word_1_302' title='bbox 1083 1811 1259 1850; x_wconf 83' lang='lat' dir='ltr'>censetur,</span> <span class='ocrx_word' id='word_1_303' title='bbox 1286 1812 1495 1854; x_wconf 88' lang='lat' dir='ltr'>perseuerat</span> <span class='ocrx_word' id='word_1_304' title='bbox 1520 1809 1556 1843; x_wconf 90' lang='lat' dir='ltr'>in</span> <span class='ocrx_word' id='word_1_305' title='bbox 1581 1808 1654 1843; x_wconf 89' lang='lat' dir='ltr'>illis</span> <span class='ocrx_word' id='word_1_306' title='bbox 1673 1809 1793 1843; x_wconf 84' lang='lat' dir='ltr'>densis</span> <span class='ocrx_word' id='word_1_307' title='bbox 1810 1809 1965 1844; x_wconf 89' lang='lat' dir='ltr'>nubibus</span> 
     </span>
     <span class='ocr_line' id='line_1_29' title="bbox 195 1861 1963 1905; baseline -0.001 -8"><span class='ocrx_word' id='word_1_308' title='bbox 195 1865 488 1905; x_wconf 85' lang='lat' dir='ltr'>ceremoniarum,</span> <span class='ocrx_word' id='word_1_309' title='bbox 515 1864 551 1897; x_wconf 90' lang='lat' dir='ltr'>in</span> <span class='ocrx_word' id='word_1_310' title='bbox 578 1863 868 1897; x_wconf 85' lang='lat' dir='ltr'>uenerationibus</span> <span class='ocrx_word' id='word_1_311' title='bbox 887 1863 1139 1897; x_wconf 80' lang='lat' dir='ltr'>defunctarum</span> <span class='ocrx_word' id='word_1_312' title='bbox 1165 1865 1422 1905; x_wconf 86' lang='lat' dir='ltr'>creaturarum,</span> <span class='ocrx_word' id='word_1_313' title='bbox 1449 1863 1485 1896; x_wconf 89' lang='lat' dir='ltr'>in</span> <span class='ocrx_word' id='word_1_314' title='bbox 1503 1864 1812 1897; x_wconf 89' lang='lat' dir='ltr'>sacramentorum</span> <span class='ocrx_word' id='word_1_315' title='bbox 1831 1861 1963 1896; x_wconf 87' lang='lat' dir='ltr'>Christi</span> 
     </span>
     <span class='ocr_line' id='line_1_30' title="bbox 194 1915 1964 1962; baseline -0.001 -12"><span class='ocrx_word' id='word_1_316' title='bbox 194 1917 558 1962; x_wconf 82' lang='lat' dir='ltr'>prophanationibus,</span> <span class='ocrx_word' id='word_1_317' title='bbox 585 1917 654 1950; x_wconf 86' lang='lat' dir='ltr'>imo</span> <span class='ocrx_word' id='word_1_318' title='bbox 683 1916 795 1950; x_wconf 85' lang='lat' dir='ltr'>ueluti</span> <span class='ocrx_word' id='word_1_319' title='bbox 823 1916 958 1950; x_wconf 88' lang='lat' dir='ltr'>diluuio</span> <span class='ocrx_word' id='word_1_320' title='bbox 985 1916 1138 1961; x_wconf 87' lang='lat' dir='ltr'>quodam</span> <span class='ocrx_word' id='word_1_321' title='bbox 1165 1916 1342 1951; x_wconf 84' lang='lat' dir='ltr'>altissimo</span> <span class='ocrx_word' id='word_1_322' title='bbox 1369 1918 1477 1960; x_wconf 86' lang='lat' dir='ltr'>atque</span> <span class='ocrx_word' id='word_1_323' title='bbox 1505 1915 1726 1950; x_wconf 83' lang='lat' dir='ltr'>ualidissimo</span> <span class='ocrx_word' id='word_1_324' title='bbox 1752 1915 1833 1950; x_wconf 89' lang='lat' dir='ltr'>istis</span> <span class='ocrx_word' id='word_1_325' title='bbox 1859 1915 1964 1950; x_wconf 87' lang='lat' dir='ltr'>malis</span> 
     </span>
     <span class='ocr_line' id='line_1_31' title="bbox 195 1968 1963 2015; baseline -0.001 -11"><span class='ocrx_word' id='word_1_326' title='bbox 195 1981 368 2015; x_wconf 86' lang='lat' dir='ltr'>oppressa</span> <span class='ocrx_word' id='word_1_327' title='bbox 394 1970 498 2004; x_wconf 83' lang='lat' dir='ltr'>iacet.</span> <span class='ocrx_word' id='word_1_328' title='bbox 520 1998 525 2003; x_wconf 96' lang='lat'>.</span> <span class='ocrx_word' id='word_1_329' title='bbox 548 1998 552 2003; x_wconf 93' lang='lat'>.</span> <span class='ocrx_word' id='word_1_330' title='bbox 575 1998 581 2004; x_wconf 88' lang='lat'>.</span> <span class='ocrx_word' id='word_1_331' title='bbox 618 1970 714 2004; x_wconf 85' lang='lat' dir='ltr'>Falsi</span> <span class='ocrx_word' id='word_1_332' title='bbox 738 1969 910 2004; x_wconf 86' lang='lat' dir='ltr'>Doctores</span> <span class='ocrx_word' id='word_1_333' title='bbox 937 1968 1208 2014; x_wconf 81' lang='lat' dir='ltr'>[protestantes]</span> <span class='ocrx_word' id='word_1_334' title='bbox 1238 1997 1244 2003; x_wconf 94' lang='lat'><em>.</em></span> <span class='ocrx_word' id='word_1_335' title='bbox 1265 1998 1271 2002; x_wconf 95' lang='lat'>.</span> <span class='ocrx_word' id='word_1_336' title='bbox 1293 1998 1298 2004; x_wconf 92' lang='lat'>.</span> <span class='ocrx_word' id='word_1_337' title='bbox 1327 1970 1362 2003; x_wconf 92' lang='lat' dir='ltr'>in</span> <span class='ocrx_word' id='word_1_338' title='bbox 1389 1969 1491 2004; x_wconf 81' lang='lat' dir='ltr'>aulas</span> <span class='ocrx_word' id='word_1_339' title='bbox 1516 1969 1688 2014; x_wconf 89' lang='lat' dir='ltr'>irrepunt,</span> <span class='ocrx_word' id='word_1_340' title='bbox 1716 1970 1752 2003; x_wconf 90' lang='lat' dir='ltr'>et</span> <span class='ocrx_word' id='word_1_341' title='bbox 1776 1970 1963 2014; x_wconf 85' lang='lat' dir='ltr'>potentum</span> 
     </span>
     <span class='ocr_line' id='line_1_32' title="bbox 195 2016 1963 2068; baseline -0.001 -10"><span class='ocrx_word' id='word_1_342' title='bbox 195 2035 238 2058; x_wconf 88' lang='lat' dir='ltr'>ac</span> <span class='ocrx_word' id='word_1_343' title='bbox 264 2016 546 2067; x_wconf 82' lang='lat' dir='ltr'>Magistratuum</span> <span class='ocrx_word' id='word_1_344' title='bbox 582 2023 720 2058; x_wconf 85' lang='lat' dir='ltr'>animos</span> <span class='ocrx_word' id='word_1_345' title='bbox 756 2025 932 2068; x_wconf 88' lang='lat' dir='ltr'>occupant</span> <span class='ocrx_word' id='word_1_346' title='bbox 958 2023 1159 2068; x_wconf 75' lang='lat' dir='ltr'>hypocrisi,</span> <span class='ocrx_word' id='word_1_347' title='bbox 1196 2023 1435 2057; x_wconf 84' lang='lat' dir='ltr'>delationibus</span> <span class='ocrx_word' id='word_1_348' title='bbox 1471 2025 1506 2057; x_wconf 91' lang='lat' dir='ltr'>et</span> <span class='ocrx_word' id='word_1_349' title='bbox 1541 2022 1860 2057; x_wconf 85' lang='lat' dir='ltr'>obtrectationibus</span> <span class='ocrx_word' id='word_1_350' title='bbox 1892 2022 1963 2057; x_wconf 90' lang='lat' dir='ltr'>sin-</span> 
     </span>
     <span class='ocr_line' id='line_1_33' title="bbox 193 2075 1963 2121; baseline -0.001 -10"><span class='ocrx_word' id='word_1_351' title='bbox 193 2089 355 2111; x_wconf 89' lang='lat' dir='ltr'>cerorum</span> <span class='ocrx_word' id='word_1_352' title='bbox 384 2077 579 2118; x_wconf 88' lang='lat' dir='ltr'>doctorum,</span> <span class='ocrx_word' id='word_1_353' title='bbox 607 2078 644 2110; x_wconf 88' lang='lat' dir='ltr'>et</span> <span class='ocrx_word' id='word_1_354' title='bbox 669 2076 863 2111; x_wconf 88' lang='lat' dir='ltr'>collusione</span> <span class='ocrx_word' id='word_1_355' title='bbox 883 2076 1038 2120; x_wconf 86' lang='lat' dir='ltr'>quadam</span> <span class='ocrx_word' id='word_1_356' title='bbox 1057 2088 1137 2110; x_wconf 89' lang='lat' dir='ltr'>cum</span> <span class='ocrx_word' id='word_1_357' title='bbox 1156 2076 1322 2121; x_wconf 86' lang='lat' dir='ltr'>politicis.</span> <span class='ocrx_word' id='word_1_358' title='bbox 1344 2105 1350 2110; x_wconf 95' lang='lat'>.</span> <span class='ocrx_word' id='word_1_359' title='bbox 1372 2105 1378 2110; x_wconf 95' lang='lat'>.</span> <span class='ocrx_word' id='word_1_360' title='bbox 1399 2104 1405 2110; x_wconf 92' lang='lat'><em>.</em></span> <span class='ocrx_word' id='word_1_361' title='bbox 1442 2076 1532 2110; x_wconf 85' lang='lat' dir='ltr'>Sunt</span> <span class='ocrx_word' id='word_1_362' title='bbox 1549 2075 1767 2119; x_wconf 86' lang='lat' dir='ltr'>Molligradi,</span> <span class='ocrx_word' id='word_1_363' title='bbox 1793 2075 1963 2119; x_wconf 85' lang='lat' dir='ltr'>Magistri</span> 
     </span>
     <span class='ocr_line' id='line_1_34' title="bbox 192 2129 1962 2176; baseline -0.001 -11"><span class='ocrx_word' id='word_1_364' title='bbox 192 2131 388 2176; x_wconf 88' lang='lat' dir='ltr'>leuipedes,</span> <span class='ocrx_word' id='word_1_365' title='bbox 414 2133 455 2165; x_wconf 91' lang='lat' dir='ltr'>ut</span> <span class='ocrx_word' id='word_1_366' title='bbox 480 2130 590 2174; x_wconf 84' lang='lat' dir='ltr'>uulgo</span> <span class='ocrx_word' id='word_1_367' title='bbox 617 2130 864 2175; x_wconf 82' lang='lat' dir='ltr'>appellantur:</span> <span class='ocrx_word' id='word_1_368' title='bbox 892 2141 1019 2164; x_wconf 86' lang='lat' dir='ltr'>reuera</span> <span class='ocrx_word' id='word_1_369' title='bbox 1046 2132 1165 2164; x_wconf 89' lang='lat' dir='ltr'>autem</span> <span class='ocrx_word' id='word_1_370' title='bbox 1194 2130 1322 2174; x_wconf 83' lang='lat' dir='ltr'>uigiles</span> <span class='ocrx_word' id='word_1_371' title='bbox 1346 2131 1454 2172; x_wconf 82' lang='lat' dir='ltr'>caeci,</span> <span class='ocrx_word' id='word_1_372' title='bbox 1481 2141 1590 2164; x_wconf 88' lang='lat' dir='ltr'>canes</span> <span class='ocrx_word' id='word_1_373' title='bbox 1614 2129 1714 2171; x_wconf 86' lang='lat' dir='ltr'>muti,</span> <span class='ocrx_word' id='word_1_374' title='bbox 1741 2131 1863 2174; x_wconf 85' lang='lat' dir='ltr'>pestes</span> <span class='ocrx_word' id='word_1_375' title='bbox 1889 2129 1962 2163; x_wconf 88' lang='lat' dir='ltr'>ani-</span> 
     </span>
     <span class='ocr_line' id='line_1_35' title="bbox 192 2182 1961 2229; baseline -0.001 -11"><span class='ocrx_word' id='word_1_376' title='bbox 192 2196 350 2226; x_wconf 86' lang='lat' dir='ltr'>marum,</span> <span class='ocrx_word' id='word_1_377' title='bbox 377 2183 729 2229; x_wconf 88' lang='lat' dir='ltr'>pseudoprophetae,</span> <span class='ocrx_word' id='word_1_378' title='bbox 757 2184 832 2228; x_wconf 89' lang='lat' dir='ltr'>lupi</span> <span class='ocrx_word' id='word_1_379' title='bbox 858 2184 1028 2228; x_wconf 80' lang='lat' dir='ltr'>rapaces“</span> <span class='ocrx_word' id='word_1_380' title='bbox 1059 2186 1126 2218; x_wconf 88' lang='lat' dir='ltr'>etc.</span> <span class='ocrx_word' id='word_1_381' title='bbox 1178 2184 1287 2217; x_wconf 88' lang='lat' dir='ltr'>Iidem</span> <span class='ocrx_word' id='word_1_382' title='bbox 1315 2183 1420 2228; x_wconf 89' lang='lat' dir='ltr'>paulo</span> <span class='ocrx_word' id='word_1_383' title='bbox 1446 2184 1541 2217; x_wconf 88' lang='lat' dir='ltr'>infra</span> <span class='ocrx_word' id='word_1_384' title='bbox 1571 2182 1790 2226; x_wconf 83' lang='lat' dir='ltr'>„ambitiosi,</span> <span class='ocrx_word' id='word_1_385' title='bbox 1815 2193 1961 2228; x_wconf 88' lang='lat' dir='ltr'>persua-</span> 
     </span>
     <span class='ocr_line' id='line_1_36' title="bbox 190 2235 1956 2280; baseline -0.001 -8"><span class='ocrx_word' id='word_1_386' title='bbox 190 2239 290 2272; x_wconf 89' lang='lat' dir='ltr'>sione</span> <span class='ocrx_word' id='word_1_387' title='bbox 317 2237 545 2279; x_wconf 87' lang='lat' dir='ltr'>eruditionis,</span> <span class='ocrx_word' id='word_1_388' title='bbox 581 2249 623 2272; x_wconf 90' lang='lat' dir='ltr'>ac</span> <span class='ocrx_word' id='word_1_389' title='bbox 650 2237 825 2280; x_wconf 81' lang='lat' dir='ltr'>dignitate</span> <span class='ocrx_word' id='word_1_390' title='bbox 853 2239 889 2271; x_wconf 90' lang='lat' dir='ltr'>et</span> <span class='ocrx_word' id='word_1_391' title='bbox 915 2237 1038 2271; x_wconf 86' lang='lat' dir='ltr'>fauore</span> <span class='ocrx_word' id='word_1_392' title='bbox 1065 2236 1247 2271; x_wconf 91' lang='lat' dir='ltr'>hominum</span> <span class='ocrx_word' id='word_1_393' title='bbox 1274 2237 1408 2271; x_wconf 83' lang='lat' dir='ltr'>inflati“</span> <span class='ocrx_word' id='word_1_394' title='bbox 1439 2239 1625 2271; x_wconf 80' lang='lat' dir='ltr'>vocantur.</span> <span class='ocrx_word' id='word_1_395' title='bbox 1681 2235 1956 2280; x_wconf 77' lang='lat' dir='ltr'>„Magistratus“</span> 
     </span>
     <span class='ocr_line' id='line_1_37' title="bbox 190 2289 1959 2336; baseline -0.001 -11"><span class='ocrx_word' id='word_1_396' title='bbox 190 2302 330 2335; x_wconf 91' lang='lat' dir='ltr'>quoque</span> <span class='ocrx_word' id='word_1_397' title='bbox 357 2293 601 2336; x_wconf 86' lang='lat' dir='ltr'>protestantes</span> <span class='ocrx_word' id='word_1_398' title='bbox 628 2291 891 2335; x_wconf 83' lang='lat' dir='ltr'>vituperantur,</span> <span class='ocrx_word' id='word_1_399' title='bbox 918 2290 979 2335; x_wconf 88' lang='lat' dir='ltr'>qui</span> <span class='ocrx_word' id='word_1_400' title='bbox 1009 2290 1236 2336; x_wconf 77' lang='lat' dir='ltr'>„amnestijs“</span> <span class='ocrx_word' id='word_1_401' title='bbox 1272 2289 1557 2333; x_wconf 83' lang='lat' dir='ltr'>„controuersias</span> <span class='ocrx_word' id='word_1_402' title='bbox 1583 2290 1626 2324; x_wconf 87' lang='lat' dir='ltr'>de</span> <span class='ocrx_word' id='word_1_403' title='bbox 1651 2289 1722 2323; x_wconf 89' lang='lat' dir='ltr'>fide</span> <span class='ocrx_word' id='word_1_404' title='bbox 1748 2300 1959 2334; x_wconf 88' lang='lat' dir='ltr'>componere</span> 
     </span>
    </p>
   </div>
   <div class='ocr_carea' id='block_1_7' title="bbox 191 2344 1129 2457">
    <p class='ocr_par' dir='ltr' id='par_1_7' title="bbox 191 2344 1129 2457">
     <span class='ocr_line' id='line_1_38' title="bbox 191 2344 803 2389; baseline 0 -11"><span class='ocrx_word' id='word_1_405' title='bbox 191 2344 333 2379; x_wconf 68' lang='lat' dir='ltr'>volunt‘</span> <span class='ocrx_word' id='word_1_406' title='bbox 365 2346 432 2378; x_wconf 90' lang='lat' dir='ltr'>etc.</span> <span class='ocrx_word' id='word_1_407' title='bbox 464 2344 510 2389; x_wconf 84' lang='lat' dir='ltr'>(p.</span> <span class='ocrx_word' id='word_1_408' title='bbox 539 2344 571 2378; x_wconf 87' lang='lat'>3.</span> <span class='ocrx_word' id='word_1_409' title='bbox 599 2344 630 2378; x_wconf 82' lang='lat'>7.</span> <span class='ocrx_word' id='word_1_410' title='bbox 658 2344 803 2387; x_wconf 88' lang='lat'>9—10).</span> 
     </span>
     <span class='ocr_line' id='line_1_39' title="bbox 1008 2415 1129 2457; baseline 0 0"><span class='ocrx_word' id='word_1_411' title='bbox 1008 2415 1129 2457; x_wconf 73' lang='lat'><strong>714.</strong></span> 
     </span>
    </p>
   </div>
   <div class='ocr_carea' id='block_1_8' title="bbox 600 2498 1542 2552">
    <p class='ocr_par' dir='ltr' id='par_1_8' title="bbox 600 2498 1542 2552">
     <span class='ocr_line' id='line_1_40' title="bbox 600 2498 1542 2552; baseline 0.001 -11"><span class='ocrx_word' id='word_1_412' title='bbox 600 2500 664 2541; x_wconf 89' lang='lat' dir='ltr'>P.</span> <span class='ocrx_word' id='word_1_413' title='bbox 697 2498 1017 2542; x_wconf 78' lang='lat' dir='ltr'>IoANNEs</span> <span class='ocrx_word' id='word_1_414' title='bbox 1050 2499 1149 2541; x_wconf 79' lang='lat' dir='ltr'>DE</span> <span class='ocrx_word' id='word_1_415' title='bbox 1182 2498 1542 2552; x_wconf 76' lang='lat' dir='ltr'>POLANCO,</span> 
     </span>
    </p>
   </div>
   <div class='ocr_carea' id='block_1_9' title="bbox 797 2573 1350 2615">
    <p class='ocr_par' dir='ltr' id='par_1_9' title="bbox 797 2573 1350 2615">
     <span class='ocr_line' id='line_1_41' title="bbox 797 2573 1350 2615; baseline 0 -7"><span class='ocrx_word' id='word_1_416' title='bbox 797 2574 1016 2608; x_wconf 86' lang='lat' dir='ltr'>secretarius</span> <span class='ocrx_word' id='word_1_417' title='bbox 1041 2573 1232 2609; x_wconf 86' lang='lat' dir='ltr'>Societatis</span> <span class='ocrx_word' id='word_1_418' title='bbox 1258 2575 1350 2615; x_wconf 89' lang='lat' dir='ltr'>Iesu,</span> 
     </span>
    </p>
   </div>
   <div class='ocr_carea' id='block_1_10' title="bbox 541 2651 1609 2706">
    <p class='ocr_par' dir='ltr' id='par_1_10' title="bbox 541 2651 1609 2706">
     <span class='ocr_line' id='line_1_42' title="bbox 541 2651 1609 2706; baseline 0 -13"><span class='ocrx_word' id='word_1_419' title='bbox 541 2652 712 2694; x_wconf 90' lang='lat' dir='ltr'>nomine</span> <span class='ocrx_word' id='word_1_420' title='bbox 743 2651 888 2694; x_wconf 87' lang='lat' dir='ltr'>Iacobi</span> <span class='ocrx_word' id='word_1_421' title='bbox 920 2651 1074 2702; x_wconf 90' lang='lat' dir='ltr'>Lainii,</span> <span class='ocrx_word' id='word_1_422' title='bbox 1107 2651 1347 2706; x_wconf 86' lang='lat' dir='ltr'>praepositi</span> <span class='ocrx_word' id='word_1_423' title='bbox 1378 2651 1609 2705; x_wconf 83' lang='lat' dir='ltr'>generalis,</span> 
     </span>
    </p>
   </div>
   <div class='ocr_carea' id='block_1_11' title="bbox 934 2739 1206 2787">
    <p class='ocr_par' dir='ltr' id='par_1_11' title="bbox 934 2739 1206 2787">
     <span class='ocr_line' id='line_1_43' title="bbox 934 2739 1206 2787; baseline -0.004 0"><span class='ocrx_word' id='word_1_424' title='bbox 934 2739 1206 2787; x_wconf 86' lang='lat' dir='ltr'>CANISIO.</span> 
     </span>
    </p>
   </div>
   <div class='ocr_carea' id='block_1_12' title="bbox 795 2835 1343 2873">
    <p class='ocr_par' dir='ltr' id='par_1_12' title="bbox 795 2835 1343 2873">
     <span class='ocr_line' id='line_1_44' title="bbox 795 2835 1343 2873; baseline 0 -1"><span class='ocrx_word' id='word_1_425' title='bbox 795 2835 968 2873; x_wconf 84' lang='lat' dir='ltr'>Tridento</span> <span class='ocrx_word' id='word_1_426' title='bbox 994 2836 1025 2872; x_wconf 87' lang='lat'>5.</span> <span class='ocrx_word' id='word_1_427' title='bbox 1054 2835 1222 2872; x_wconf 87' lang='lat' dir='ltr'>Octobris</span> <span class='ocrx_word' id='word_1_428' title='bbox 1249 2836 1343 2872; x_wconf 79' lang='lat'><strong>1562.</strong></span> 
     </span>
    </p>
   </div>
   <div class='ocr_carea' id='block_1_13' title="bbox 303 2907 1698 3006">
    <p class='ocr_par' dir='ltr' id='par_1_13' title="bbox 303 2907 1698 3006">
     <span class='ocr_line' id='line_1_45' title="bbox 305 2907 873 2950; baseline 0 -8"><span class='ocrx_word' id='word_1_429' title='bbox 305 2907 361 2942; x_wconf 79' lang='lat' dir='ltr'>Ex</span> <span class='ocrx_word' id='word_1_430' title='bbox 387 2908 463 2943; x_wconf 88' lang='lat' dir='ltr'>cod.</span> <span class='ocrx_word' id='word_1_431' title='bbox 495 2908 558 2950; x_wconf 87' lang='lat' dir='ltr'>„V.</span> <span class='ocrx_word' id='word_1_432' title='bbox 585 2907 625 2942; x_wconf 90' lang='lat' dir='ltr'>P.</span> <span class='ocrx_word' id='word_1_433' title='bbox 653 2908 716 2942; x_wconf 71' lang='lat'>62²</span> <span class='ocrx_word' id='word_1_434' title='bbox 749 2908 773 2943; x_wconf 89' lang='lat' dir='ltr'>f.</span> <span class='ocrx_word' id='word_1_435' title='bbox 800 2907 873 2942; x_wconf 70' lang='lat' dir='ltr'>21b⁴</span> 
     </span>
     <span class='ocr_line' id='line_1_46' title="bbox 303 2959 1698 3006; baseline -0.001 -11"><span class='ocrx_word' id='word_1_436' title='bbox 303 2961 436 2996; x_wconf 83' lang='lat' dir='ltr'>Exstat</span> <span class='ocrx_word' id='word_1_437' title='bbox 462 2961 570 2995; x_wconf 88' lang='lat' dir='ltr'>etiam</span> <span class='ocrx_word' id='word_1_438' title='bbox 599 2961 661 3006; x_wconf 85' lang='lat' dir='ltr'>(ex</span> <span class='ocrx_word' id='word_1_439' title='bbox 687 2961 810 2995; x_wconf 88' lang='lat' dir='ltr'>eodem</span> <span class='ocrx_word' id='word_1_440' title='bbox 837 2959 974 3005; x_wconf 90' lang='lat' dir='ltr'>codice)</span> <span class='ocrx_word' id='word_1_441' title='bbox 1002 2960 1038 2994; x_wconf 92' lang='lat' dir='ltr'>in</span> <span class='ocrx_word' id='word_1_442' title='bbox 1069 2959 1260 3005; x_wconf 87' lang='lat' dir='ltr'>„Epistolis</span> <span class='ocrx_word' id='word_1_443' title='bbox 1287 2959 1326 2994; x_wconf 91' lang='lat' dir='ltr'>P.</span> <span class='ocrx_word' id='word_1_444' title='bbox 1352 2960 1494 2994; x_wconf 78' lang='lat' dir='ltr'>Nadal“</span> <span class='ocrx_word' id='word_1_445' title='bbox 1525 2959 1566 3002; x_wconf 87' lang='lat'>11,</span> <span class='ocrx_word' id='word_1_446' title='bbox 1595 2959 1662 2994; x_wconf 81' lang='lat'>132</span> <span class='ocrx_word' id='word_1_447' title='bbox 1675 2960 1698 2994; x_wconf 80' lang='lat'>².</span> 
     </span>
    </p>
   </div>
   <div class='ocr_carea' id='block_1_14' title="bbox 194 3035 308 3038">
    <p class='ocr_par' dir='ltr' id='par_1_14' title="bbox 194 3035 308 3038">
     <span class='ocr_line' id='line_1_47' title="bbox 194 3035 308 3038; baseline 0 0"><span class='ocrx_word' id='word_1_448' title='bbox 194 3035 308 3038; x_wconf 95' lang='lat' dir='ltr'> </span> 
     </span>
    </p>
   </div>
   <div class='ocr_carea' id='block_1_15' title="bbox 183 3045 1950 3223">
    <p class='ocr_par' dir='ltr' id='par_1_15' title="bbox 183 3045 1950 3223">
     <span class='ocr_line' id='line_1_48' title="bbox 306 3045 1950 3116; baseline -0.003 -10"><span class='ocrx_word' id='word_1_449' title='bbox 306 3073 316 3092; x_wconf 85' lang='lat'>¹</span> <span class='ocrx_word' id='word_1_450' title='bbox 341 3071 515 3116; x_wconf 86' lang='lat' dir='ltr'>Aegidius</span> <span class='ocrx_word' id='word_1_451' title='bbox 541 3071 750 3106; x_wconf 84' lang='lat' dir='ltr'>Foscarario</span> <span class='ocrx_word' id='word_1_452' title='bbox 769 3070 810 3105; x_wconf 94' lang='grc' dir='ltr'>Ο.</span> <span class='ocrx_word' id='word_1_453' title='bbox 829 3070 900 3112; x_wconf 93' lang='lat' dir='ltr'>Pr.,</span> <span class='ocrx_word' id='word_1_454' title='bbox 927 3070 1117 3116; x_wconf 90' lang='lat' dir='ltr'>episcopus</span> <span class='ocrx_word' id='word_1_455' title='bbox 1143 3069 1358 3104; x_wconf 89' lang='lat' dir='ltr'>mutinensis</span> <span class='ocrx_word' id='word_1_456' title='bbox 1388 3045 1657 3113; x_wconf 44' lang='lat' dir='ltr'>(Modena),-ex</span> <span class='ocrx_word' id='word_1_457' title='bbox 1681 3066 1846 3113; x_wconf 80' lang='lat' dir='ltr'>patribus</span> <span class='ocrx_word' id='word_1_458' title='bbox 1876 3067 1950 3110; x_wconf 83' lang='lat' dir='ltr'>„In-</span> 
     </span>
     <span class='ocr_line' id='line_1_49' title="bbox 183 3121 1534 3168; baseline -0.003 -8"><span class='ocrx_word' id='word_1_459' title='bbox 183 3125 273 3160; x_wconf 76' lang='lat' dir='ltr'>dici‘</span> <span class='ocrx_word' id='word_1_460' title='bbox 302 3124 590 3168; x_wconf 78' lang='lat' dir='ltr'>recognoscendo</span> <span class='ocrx_word' id='word_1_461' title='bbox 617 3124 767 3159; x_wconf 89' lang='lat' dir='ltr'>delectis</span> <span class='ocrx_word' id='word_1_462' title='bbox 793 3126 871 3158; x_wconf 85' lang='lat' dir='ltr'>erat</span> <span class='ocrx_word' id='word_1_463' title='bbox 899 3123 1131 3168; x_wconf 75' lang='lat' dir='ltr'>(Massarelli,</span> <span class='ocrx_word' id='word_1_464' title='bbox 1156 3124 1250 3157; x_wconf 86' lang='lat' dir='ltr'>Acta</span> <span class='ocrx_word' id='word_1_465' title='bbox 1275 3122 1298 3156; x_wconf 90' lang='lat' dir='ltr'>l.</span> <span class='ocrx_word' id='word_1_466' title='bbox 1326 3133 1355 3156; x_wconf 92' lang='lat' dir='ltr'>c.</span> <span class='ocrx_word' id='word_1_467' title='bbox 1383 3121 1408 3164; x_wconf 92' lang='grc' dir='ltr'>Ι,</span> <span class='ocrx_word' id='word_1_468' title='bbox 1436 3121 1534 3166; x_wconf 88' lang='grc'><strong>686).</strong></span> 
     </span>
     <span class='ocr_line' id='line_1_50' title="bbox 305 3177 756 3223; baseline 0 -11"><span class='ocrx_word' id='word_1_469' title='bbox 305 3178 318 3199; x_wconf 82' lang='lat'><strong>²</strong></span> <span class='ocrx_word' id='word_1_470' title='bbox 343 3178 434 3212; x_wconf 91' lang='lat' dir='ltr'>Vide</span> <span class='ocrx_word' id='word_1_471' title='bbox 459 3189 570 3223; x_wconf 86' lang='lat' dir='ltr'>supra</span> <span class='ocrx_word' id='word_1_472' title='bbox 594 3189 628 3222; x_wconf 90' lang='lat' dir='ltr'>p.</span> <span class='ocrx_word' id='word_1_473' title='bbox 654 3177 756 3212; x_wconf 78' lang='lat'><strong>409⁴.</strong></span> 
     </span>
    </p>
   </div>
   <div class='ocr_carea' id='block_1_16' title="bbox 2010 0 2093 3444">
    <p class='ocr_par' dir='ltr' id='par_1_16' title="bbox 2010 0 2093 3444">
     <span class='ocr_line' id='line_1_51' title="bbox 2010 0 2093 3444; baseline 0 0"><span class='ocrx_word' id='word_1_474' title='bbox 2010 0 2093 3444; x_wconf 95' lang='lat' dir='ltr'> </span> 
     </span>
    </p>
   </div>
  </div>
 </body>
</html>
