2093 3444
184 186 268 226 348
376 183 455 217 652.
491 182 539 216 Io.
567 183 610 216 de
636 182 796 217 Victoria
825 183 978 217 Canisio.
1018 183 1136 226 Praga
1163 194 1194 217 a.
1224 183 1310 218 1561
1341 183 1400 217 vel
1425 183 1570 218 ineunte
1597 195 1627 219 a.
1658 185 1758 219 1562.

179 302 467 344 commentarii
500 300 634 342 brevis
665 316 831 343 sumnia
862 302 963 342 liaeo
996 306 1076 342 est:
1110 302 1301 356 Quinque
1333 303 1392 343 vel
1423 316 1496 343 sex
1528 304 1668 345 Socios
1699 303 1906 346 Zittaviae
1920 305 1947 357 1,

179 366 553 422 Herceiqsclorfti2,
588 368 634 408 in
665 369 692 408 2
726 367 903 409 Silesiae
931 367 1054 420 pctqis
1086 367 1338 413 monasterio
1373 366 1588 421 subiectis,
1629 369 1673 409 in
1709 368 1869 422 Oibino,
1906 371 1950 411 in

173 434 299 487 passis
330 433 480 473 vicinis
513 433 571 473 acl
614 447 785 487 eumque
813 431 1120 486 pertinentibus
1162 436 1198 472 et
1240 433 1542 474 contionatores
1575 447 1697 487 aqere
1739 439 1774 475 et
1805 448 1949 476 sacra-

179 503 317 539 menta
356 497 664 539 administrare
707 497 918 552 oportebit.
982 497 1176 549 Accedit,
1221 497 1332 551 quod
1373 502 1446 538 aut
1477 498 1684 540 Zittaviae
1721 500 1833 540 loeus
1865 514 1948 541 ser-

179 562 369 604 monibus
401 562 607 604 habendis
641 568 676 604 et
708 563 985 604 sacramentis
1019 563 1379 603 administrandis
1413 568 1537 617 aptus
1565 565 1795 618 parandus
1828 578 1950 619 eoque

178 629 339 669 subditi
371 629 542 682 cogyericli
576 628 643 679 (id
684 628 794 682 quod
832 628 950 668 haucl
979 626 1109 680 facile
1143 627 1388 681 efficietur),
1433 633 1506 669 aut
1549 630 1592 670 in
1633 630 1763 671 altero
1804 631 1948 672 saltem

171 707 382 748 passorum
408 695 637 735 uicinorum
662 695 829 735 ecclesia
862 708 954 734 cum
989 693 1108 734 clonio
1135 693 1376 747 parochiali
1409 694 1666 736 exstruenda
1705 696 1794 738 erit.
1838 696 1951 738 Socii

179 759 224 799 in
251 759 492 812 parochiis,
536 760 636 814 quia
670 759 747 799 alii
778 759 1013 799 sacerdotes
1047 772 1127 799 non
1166 759 1454 811 invenientur,
1497 759 1691 801 habitare
1732 760 1948 814 debebunt,

179 824 305 878 idque
339 828 373 864 et
414 838 506 865 cuni
540 825 785 865 animarum
827 838 1005 865 suarum
1037 824 1242 878 periculo,
1286 828 1321 865 et
1362 838 1453 865 cum
1493 825 1737 866 detrimento
1772 827 1951 867 instituti

178 889 397 930 Societatis
425 888 760 943 facultatumque
802 890 959 942 colleqii
983 890 1233 944 prataensis,
1277 894 1313 929 et
1351 888 1534 942 fortasse
1568 891 1689 931 etiam
1723 905 1816 932 cum
1847 905 1950 932 suae

180 953 231 994 ab
276 955 559 1008 episcoporum
604 955 895 996 iurisdictione
939 955 1178 995 exemtionis
1212 955 1390 996 iactura.
1448 955 1590 996 Oibini
1623 960 1760 997 autem
1792 956 1951 998 subditi

178 1019 526 1072 Zittaviensibus,
572 1020 869 1061 lutlzeranismi
913 1020 1114 1061 studiosis
1125 1053 1136 1072 7
1185 1020 1440 1073 iuramento,
1486 1022 1692 1075 quamdiu
1733 1022 1951 1063 locationis

177 1085 283 1137 Τίθει
311 1089 481 1139 pactum
497 1085 525 1134 3,
559 1085 745 1126 obstricti
767 1089 875 1126 sunt.
927 1084 1088 1138 „Saepe
1115 1098 1262 1125 sumus
1285 1084 1456 1139 experti
1479 1085 1592 1138 quod
1617 1083 1948 1141 [Zittavienses]

178 1148 267 1191 sint
298 1148 341 1190 in
374 1149 462 1192 suis
496 1149 717 1203 promissis
750 1149 1068 1191 inconstantes:
1110 1149 1401 1203 promiserunt
1433 1164 1518 1192 non
1551 1151 1685 1192 semel
1718 1165 1785 1193 me
1818 1151 1949 1194 etiam

179 1217 382 1268 presente
428 1229 572 1256 coram
618 1214 924 1269 commissarijs
969 1214 1089 1257 Caes.
1136 1228 1183 1256 se
1224 1229 1384 1268 magna
1429 1229 1626 1269 quaeque
1674 1216 1717 1258 in
1761 1216 1950 1270 gratiam

179 1282 375 1322 nostram
399 1281 511 1322 uelle
534 1280 706 1322 efficere
739 1296 747 1322 :
783 1282 829 1322 at
862 1280 933 1322 ubi
966 1280 1179 1322 neminem
1203 1280 1406 1323 viderunt
1428 1281 1581 1323 adesse
1604 1295 1659 1323 ex
1691 1281 1775 1324 illis
1798 1281 1951 1336 quibus

178 1344 222 1386 id
254 1344 565 1399 promiserant,
600 1345 704 1387 nihil
737 1345 877 1387 minus
910 1359 1039 1398 quam
1073 1359 1124 1387 ea
1157 1345 1495 1400 praestiterunt,
1535 1360 1646 1400 quae
1678 1360 1725 1389 se
1757 1346 1951 1390 facturos

181 1410 304 1463 quasi
336 1410 463 1452 fidem
496 1411 795 1454 astrinxerant
827 1425 972 1461 suam,
1015 1411 1144 1452 immo
1178 1411 1391 1464 quaedam
1433 1411 1557 1466 parui
1590 1411 1697 1454 satis
1729 1413 1950 1463 momenti,

180 1489 291 1529 quae
325 1475 435 1518 citra
468 1490 593 1518 omne
625 1476 942 1518 incommodum
974 1476 1218 1530 potuissent
1250 1476 1432 1519 honeste
1465 1477 1622 1528 facere,
1661 1492 1687 1519 a
1719 1477 1842 1519 nobis
1875 1491 1951 1519 ex-

179 1541 377 1595 periundi
411 1555 558 1583 eorum
591 1541 797 1584 uirtutem
840 1556 972 1584 causa
1004 1542 1294 1596 interpellatj‚
1339 1557 1489 1597 parum
1534 1543 1775 1585 uerecunde
1808 1543 1950 1585 nescio

179 1620 288 1659 quas
332 1607 385 1648 ob
427 1620 580 1648 causas
618 1621 663 1649 se
705 1607 899 1650 facturos
941 1610 1234 1660 negauerunt,
1281 1621 1365 1649 non
1411 1608 1571 1651 attinet
1612 1608 1663 1650 de
1703 1608 1769 1650 his
1811 1608 1952 1651 dicere

179 1671 318 1725 plura,
353 1671 494 1725 sitque
516 1672 596 1714 hoc
623 1672 731 1715 satis
754 1672 988 1715 maximam
1013 1686 1108 1714 esse
1131 1675 1310 1727 propter
1333 1673 1601 1717 Sittauinos4
1634 1673 1948 1725 difficultatem,

180 1736 420 1791 collapsum
451 1738 761 1792 propemodum
784 1738 1009 1792 spirituale
1032 1738 1189 1780 bonum
1222 1740 1354 1791 atque
1378 1738 1567 1781 diuinum
1595 1739 1771 1790 cultum,
1805 1739 1950 1792 aliqua

181 1815 235 1843 ex
268 1805 393 1856 parte
425 1802 467 1844 in
509 1803 633 1857 pagis
666 1803 761 1845 istis
803 1803 1068 1845 monasterio
1109 1803 1316 1846 subiectis
1349 1804 1536 1857 erigere,
1580 1807 1629 1846 vt
1670 1804 1832 1859 optime
1862 1804 1949 1847 iam

180 1867 286 1909 illud
318 1867 443 1922 pagis
475 1868 560 1910 illis
592 1868 880 1922 Virgilianum
914 1868 1156 1911 conueniat.

424 1945 606 1988 Mantua
639 1946 748 1988 neha
782 1946 964 1988 miserae
997 1945 1174 1987 nimium
1207 1945 1350 1988 uicina
1383 1946 1657 1989 Cremonae.“
1680 1947 1697 1973 5

298 2036 515 2081 Apographo
541 2049 629 2078 meo,
657 2037 750 2081 quod
777 2049 796 2071 a
817 2037 959 2071 Canisio
979 2037 1129 2071 Romam
1155 2037 1199 2071 ad
1218 2036 1409 2071 Societatis
1432 2037 1676 2082 praepositum
1695 2037 1753 2071 vel
1771 2037 1946 2072 vicarium

177 2090 382 2133 generalem
409 2091 557 2124 missum
593 2093 667 2131 est,
704 2102 810 2124 manu
846 2102 993 2125 romana
1028 2102 1160 2134 eaque,
1197 2092 1237 2124 ut
1271 2090 1433 2134 videtur,
1473 2090 1633 2125 eiusdem
1668 2091 1743 2124 fere
1776 2091 1948 2136 temporis

176 2143 384 2177 adnotatum
413 2146 488 2178 est:
520 2144 632 2185 „1562
658 2144 788 2188 Praga.
823 2144 1088 2178 Difficultates“
1119 2146 1186 2178 etc.
1223 2144 1341 2188 Atque
1367 2147 1450 2178 ante
1476 2155 1522 2178 m.
1550 2144 1721 2178 Martium
1750 2144 1840 2179 1562
1866 2144 1947 2179 Vic-

175 2196 288 2230 toriae
315 2196 456 2231 litteras
483 2197 586 2231 datas
621 2209 710 2239 esse,
738 2210 783 2231 ex
809 2197 876 2232 hoc
902 2198 979 2242 ipso
1004 2197 1129 2241 liquet,
1157 2197 1250 2241 quod
1277 2209 1316 2231 eo
1344 2199 1504 2242 tempore
1527 2196 1687 2232 Societas
1706 2197 1823 2232 Oibini
1850 2209 1946 2240 cura,

175 2251 452 2284 commutatione
479 2251 634 2295 quadam
661 2251 845 2292 instituta,
873 2250 984 2285 libera
1010 2251 1080 2284 iam
1108 2253 1205 2291 erat;
1232 2251 1276 2284 cf.
1304 2262 1414 2295 supra
1440 2263 1472 2295 p.
1501 2250 1580 2285 315.
1631 2250 1799 2286 Fortasse
1825 2254 1946 2285 autem

175 2303 332 2347 epistula
358 2303 446 2338 haec
473 2304 517 2338 ad
546 2303 727 2338 Canisium
755 2304 897 2348 quidem
925 2304 994 2338 iarn
1023 2304 1205 2347 aliquanto
1232 2306 1315 2338 ante
1343 2304 1445 2345 data,
1482 2304 1525 2338 ab
1557 2303 1624 2338 hoc
1649 2306 1769 2338 autem
1796 2305 1945 2338 Romam

174 2358 251 2390 tum
277 2357 419 2391 demum
445 2357 556 2391 missa
584 2360 648 2399 est,
676 2369 756 2391 cum
778 2357 976 2392 Victoriam
1003 2357 1045 2391 de
1073 2357 1350 2391 commutatione
1376 2356 1438 2391 illa
1465 2359 1631 2401 questum
1659 2368 1737 2392 esse
1764 2357 1876 2392 Roma
1902 2357 1946 2392 ad

174 2409 292 2454 ipsum
319 2409 474 2444 relatum
501 2412 617 2451 esset;
644 2410 689 2445 cf.
717 2422 827 2456 supra
854 2422 886 2455 p.
914 2410 1003 2451 315;
1030 2409 1133 2455 plura
1160 2410 1254 2444 infra
1281 2410 1454 2445 dicentur.

293 2527 307 2541 ³
332 2522 390 2555 Ita
416 2523 481 2563 (z
507 2523 588 2563 rae)
617 2535 639 2556 α
666 2523 752 2556 Vict.
778 2524 950 2566 scriptum
975 2533 1045 2556 esse
1064 2527 1165 2566 puto.
1219 2523 1289 2566 Ap.
1315 2522 1413 2556 haud
1440 2526 1550 2556 recte:
1575 2521 1643 2556 uel.

298 2633 306 2653 ¹
332 2632 509 2667 Zittaviae
551 2632 700 2676 (Zittau)
740 2633 998 2668 monasterium
1037 2634 1180 2668 domum
1222 2632 1476 2677 („Vaterhof“)
1516 2632 1692 2673 habebat;
1735 2632 1816 2666 vide
1859 2633 1942 2667 Can.

174 2685 264 2731 Epp.
291 2685 317 2727 1,
343 2685 447 2720 4962.

294 2739 307 2759 ‘2
334 2739 455 2783 Pagus
481 2739 734 2782 Herwigsdorf
759 2739 1072 2783 („Hee1nestorff“,
1111 2737 1417 2783 „Hermezdorff“)
1455 2749 1549 2773 nuno
1584 2738 1629 2772 ad
1664 2737 1847 2782 regionem
1881 2738 1942 2773 bu·

174 2792 411 2826 dissinensem
437 2792 539 2836 regni
566 2792 728 2826 saxonici
755 2793 930 2837 pertinet;
958 2793 1040 2827 vide
1067 2794 1152 2827 Can.
1172 2792 1325 2838 Epp.11,
1351 2792 1432 2827 442.
1467 2792 1662 2826 Praeterea
1686 2791 1943 2826 monasterium

175 2845 420 2889 acquisiverat
445 2845 546 2880 vicos
571 2845 837 2887 Drausendorf,
865 2846 1095 2887 Olbersdorf‚
1122 2845 1391 2890 Wittgendorf,
1419 2845 1619 2886 OderwitZ,
1655 2844 1831 2879 Jonsdorf
1853 2846 1942 2885 etc.;

175 2899 257 2933 vide
285 2900 371 2933 Can.
400 2898 488 2944 Epp.
516 2899 542 2939 Ι,
570 2899 672 2934 630¹.

295 2953 308 2973 ³
334 2952 580 2987 Ferdinandus
606 2952 632 2986 Ι.
667 2963 713 2986 m.
741 2951 856 2997 Aprili
891 2963 922 2986 a.
958 2953 1046 2987 1556
1082 2953 1174 2987 bona
1209 2951 1406 2987 oibinensia
1442 2950 1583 2997 (paucis
1619 2949 1795 2995 exceptis)
1834 2949 1940 2984 Zitta-

174 3005 358 3040 viensibus
384 3006 428 3040 ad
455 3005 577 3040 decem
603 3017 715 3040 annos
741 3005 792 3039 ita
818 3005 1032 3047 elocaverat,
1059 3007 1099 3040 ut
1124 3005 1194 3051 ipsi
1219 3005 1374 3047 singulis
1400 3004 1503 3040 annis
1523 3004 1613 3039 1400
1636 3003 1771 3038 taleros
1788 3003 1939 3046 collegio

174 3058 344 3103 pragensi
370 3059 553 3093 solverent
578 3061 615 3093 et
640 3059 711 3093 alia
737 3058 912 3102 quaedam
946 3060 1194 3103 praestarent;
1231 3058 1314 3093 vide
1344 3059 1430 3092 Can.
1457 3057 1546 3103 Epp.
1573 3057 1608 3099 Ι,
1645 3056 1843 3092 626-630,
1871 3056 1940 3091 650

177 3112 221 3146 ad
248 3113 327 3146 651.
474 3114 487 3132 4
514 3112 540 3147 I.
568 3124 597 3146 e.
624 3112 875 3146 Zittavienses.

298 3166 311 3186 ⁵
336 3166 523 3209 Veaeyilius,
551 3165 686 3208 Eologa
713 3164 774 3206 IX,
800 3177 835 3200 v.
862 3164 918 3200 28.
