2093 3444
201 214 285 254 566
345 210 423 244 739.
461 209 647 243 Hurtadus
673 208 784 243 Perez
812 208 966 243 Canisio.
1005 209 1189 266 Tyrnavia
1215 210 1358 244 circiter
1384 210 1539 244 medium
1564 223 1610 245 m.
1637 211 1722 246 Dec.
1753 212 1852 246 1562.

201 340 321 362 eorum
357 327 436 361 loco
470 327 559 361 haec
595 328 679 361 sunt
717 326 754 370 (l.
783 338 810 360 c.
847 338 880 371 p.
908 325 1013 369 224):
1055 327 1105 368 „A
1140 326 1287 360 meridie
1315 326 1470 361 Jacobus
1496 327 1639 372 Laynez
1757 328 1865 370 dixit,
1901 329 1964 363 sed

198 382 343 426 pauca.“
399 380 499 422 Quod
535 382 655 414 autem
681 380 860 414 Polancus
887 380 1050 413 Lainium
1089 380 1143 414 10.
1169 379 1379 414 Decembris
1416 380 1506 414 1562
1543 392 1621 414 cum
1657 381 1781 425 paucis
1816 381 1966 416 delectis

199 435 243 468 ad
279 445 433 468 canones
469 434 788 468 accommodandos
824 435 1013 467 evocatum
1049 445 1127 467 esse
1163 433 1325 477 scripsit,
1364 433 1483 467 nescio
1519 444 1562 467 an
1595 433 1716 478 aliqua
1751 435 1888 469 ratione
1925 446 1967 469 eo

201 489 384 532 spectent,
412 499 504 531 quae
530 488 708 521 Paleottas
734 487 768 520 in
795 487 898 520 Actis
925 486 1064 520 concilii
1094 486 1131 530 (l.
1160 498 1188 520 c.
1217 486 1268 528 ΙΙ,
1296 485 1379 529 611)
1409 487 1569 521 notavit:
1603 487 1776 531 Legatos,
1805 488 1863 522 ubi
1890 499 1965 522 car·

199 540 328 575 dinalis
355 541 596 584 Lotharingus
632 541 719 574 duos
752 551 906 573 canones
938 539 973 573 in
1008 539 1125 574 locum
1160 539 1305 584 septimi
1332 539 1428 573 illius
1457 539 1517 583 (cf.
1545 552 1653 585 supra
1680 553 1713 585 p.
1742 541 1847 584 529⁸)
1885 541 1965 575 sub—

199 595 399 629 stituendos
418 594 618 634 obtulisset,
646 594 665 627 5
685 593 870 638 episcopos
897 604 977 627 cum
996 592 1120 627 Lainio
1147 595 1183 626 et
1210 593 1347 636 aliquot
1365 593 1505 627 concilii
1531 593 1745 628 officialibus
1771 594 1967 629 arcessisse

200 649 246 689 et,
274 648 357 692 quid
385 648 426 682 (le
454 647 648 682 canonibus
674 647 746 680 illis
773 646 969 687 sentirent,
996 646 1113 680 dicere
1140 646 1300 680 iussisse.
1353 646 1405 681 Cf.
1438 648 1570 680 Grisar
1595 647 1617 680 l.
1645 659 1675 681 c.
1702 648 1736 689 Ι,
1764 648 1965 682 75*-77*.

1024 769 1153 810 739.

597 861 660 903 Ρ.
694 860 1092 903 HURTADUS
1127 859 1370 901 PEREZ
1405 859 1460 902 S.
1494 859 1568 911 J„

799 942 941 985 collegii
968 941 1214 986 tyrnaviensis
1240 943 1367 982 rector,

942 1025 1213 1073 CANISIO.

581 1128 766 1175 Tyrnavia
793 1127 945 1164 circiter
971 1126 1125 1163 inedium
1154 1137 1198 1162 m.
1227 1127 1457 1163 Decembrem
1486 1127 1580 1163 1562.

319 1213 374 1246 Ex
409 1212 613 1246 litterarum
641 1213 831 1245 Zdelarz'tii
865 1211 1028 1256 exemplo
1065 1211 1270 1256 archetypo.
1324 1210 1406 1245 Cod.
1438 1210 1500 1254 „G.
1528 1211 1592 1256 Ep.
1620 1211 1689 1245 lH‘
1720 1211 1744 1246 f.
1773 1212 1968 1247 34b—352.

320 1291 440 1323 Socios
466 1290 707 1333 tyrnarienses
742 1293 881 1332 royatos
916 1300 1004 1333 ess-1²7
1042 1295 1076 1322 ut
1104 1290 1397 1322 „lloerimilianum
1426 1289 1627 1332 Faqqerum
1665 1290 1702 1322 inv
1734 1300 1816 1323 arce
1850 1291 1968 1323 vicina

200 1345 371 1388 (leyentem
412 1344 575 1377 doctrina
619 1343 815 1376 christiana
858 1343 1059 1376 imbuerent.
1111 1343 1203 1376 Nam
1244 1343 1376 1386 aliquis
1413 1354 1455 1376 eat
1495 1343 1538 1375 iis
1576 1343 1626 1376 ibi
1662 1344 1802 1377 morari
1839 1344 1967 1378 debeat.

201 1398 453 1431 Bibliothecam
484 1399 580 1431 arcis
607 1398 793 1430 lustratam
820 1408 898 1429 esse.

319 1481 367 1523 P.
408 1480 588 1522 Tlionzas
620 1480 882 1521 Zdelaritius
914 1478 1218 1531 (Sdelaritizcs)
1251 1479 1293 1521 S.
1328 1478 1370 1520 J.
1408 1480 1451 1520 in
1484 1480 1641 1534 colleqii
1683 1480 1966 1534 tyrnaviensis

199 1547 349 1587 litteris
381 1546 775 1601 (Jacalrimestribas2
811 1546 1028 1600 Tyrnacia
1061 1547 1130 1586 2⁸.
1156 1545 1397 1586 Decembris
1431 1546 1545 1586 1562
1580 1545 1706 1598 datis,
1743 1545 1793 1586 cle
1825 1545 1966 1586 Maxi-

202 1612 388 1664 miliano,
425 1612 655 1652 doctissimi
689 1612 801 1653 illius
833 1612 1010 1652 Ioannis
1045 1610 1187 1651 Iacobi
1220 1610 1415 1664 Fugsqeri,
1443 1611 1621 1665 patricii
1654 1611 1896 1665 auyustani,
1931 1615 1968 1652 et

200 1677 380 1718 Ursalae
407 1677 458 1718 de
484 1676 685 1717 Harraclz
718 1676 818 1730 filio,
853 1676 1020 1717 scribit:
1055 1676 1165 1727 „His
1199 1675 1345 1717 (liebus
1380 1676 1492 1716 arcis
1522 1675 1822 1729 Fuygyerorum,
1858 1690 1968 1730 quae

202 1742 283 1783 cluo
331 1743 448 1784 milia
498 1756 701 1797 passuum
746 1742 843 1783 binc
885 1741 1018 1794 abest,
1065 1740 1308 1796 praefectus
1354 1741 1398 1781 in
1439 1741 1548 1782 hanc
1587 1740 1678 1794 fere
1718 1743 1966 1783 sententiam

203 1808 389 1863 Capituli
423 1808 723 1861 Striqoniensis
761 1808 953 1848 Vicario1
992 1807 1137 1848 literas
1172 1807 1311 1848 dedit:
1351 1810 1396 1847 ut
1439 1807 1474 1846 is
1505 1805 1719 1848 nobiscum
1752 1806 1853 1858 (sibi
1884 1822 1967 1848 un-

199 1887 326 1928 quam
369 1874 529 1914 nullam
572 1887 662 1913 cum
705 1873 860 1913 nostris
902 1873 1184 1913 intercessisse
1229 1872 1570 1913 consuetudinem
1612 1871 1772 1920 aiebat)
1814 1877 1965 1926 aqeret,

199 1952 278 1993 quo
311 1939 519 1993 quispiam
555 1953 574 1979 e
609 1939 763 1979 nostris
795 1938 1143 1979 ilsaccimilianum
1177 1937 1328 1978 Jacobi
1361 1937 1543 1991 Fuqyeri
1578 1937 1735 1990 filium,
1781 1939 1969 1992 corcaiae

199 2005 288 2058 spei
321 2005 615 2045 adolescentem
654 2005 693 2044 in
731 2003 976 2044 Christiana
1013 2004 1204 2044 doctrina
1238 2002 1512 2044 institueret?
1566 2002 1696 2044 Jllual
1729 2004 1852 2044 etiam
1886 2004 1967 2044 aal-

200 2069 323 2110 debat
355 2068 506 2110 babere
542 2070 582 2110 in
609 2070 749 2109 animo
774 2068 1072 2109 adolescentem
1095 2069 1280 2123 confiteri
1316 2068 1416 2109 uelle
1447 2065 1567 2120 [sies.
1603 2082 1676 2109 nec
1709 2069 1807 2122 alijs
1839 2083 1965 2123 quam

198 2135 354 2176 nostris
389 2170 396 2177 .
431 2135 484 2177 Se
531 2135 683 2175 deinde
733 2135 776 2174 in
821 2135 1038 2175 mandatis
1082 2133 1233 2175 habere
1281 2147 1331 2174 ne
1375 2133 1541 2174 haeresi
1586 2134 1705 2174 illum
1752 2135 1967 2189 corrumpi

193 2204 426 2254 pateretur7
467 2214 570 2241 neue
603 2201 692 2241 alia
725 2213 850 2253 qaam
879 2204 1051 2253 patrum
1087 2200 1262 2253 antiqua
1306 2202 1340 2239 et
1373 2198 1574 2239 catholica
1608 2199 1799 2239 doctrina
1834 2198 1967 2241 imbui

200 2270 369 2306 curaret
403 2299 410 2306 .
445 2265 529 2306 Res
552 2265 682 2318 nobis,
717 2265 882 2305 tametsi
900 2269 1074 2319 propter
1090 2265 1347 2319 paucitatem
1371 2263 1512 2305 abesse
1534 2265 1740 2305 neminem
1764 2265 1964 2319 placeret,

199 2331 369 2371 minime
403 2330 651 2385 neyliqemla
687 2331 779 2371 uisa
815 2334 870 2371 est
905 2364 912 2371 .
945 2329 1101 2384 Jtaque
1133 2329 1362 2384 quatriduo
1394 2332 1485 2383 post
1516 2343 1641 2384 quam
1669 2329 1837 2371 Vicario
1868 2330 1965 2371 recl-

201 2396 314 2436 ditae
346 2400 444 2436 sunt
484 2396 667 2447 litterae,
717 2395 860 2436 [tector
894 2409 942 2436 ex
983 2408 1079 2435 arce
1118 2395 1199 2435 sibi
1229 2395 1355 2435 misso
1397 2408 1527 2435 carru
1563 2393 1797 2448 prefectum
1840 2395 1963 2449 adijt.

199 2460 410 2514 Eoeceptus
454 2464 488 2500 et
519 2464 724 2501 tractatus
766 2458 825 2501 ibi
857 2464 913 2501 est
944 2460 1268 2513 humanissime,
1312 2463 1399 2500 tum
1424 2473 1504 2514 per
1535 2461 1677 2501 onmia
1709 2460 1799 2501 loca
1839 2461 1965 2501 totius

200 2525 314 2566 arcis
346 2523 397 2565 ab
423 2525 510 2579 ipso
534 2525 789 2565 adolescente
810 2524 1001 2578 Fuqyero
1026 2524 1228 2565 deductas
1262 2559 1270 2566 .
1295 2525 1379 2566 Sed
1402 2525 1607 2578 neqotium
1631 2526 1750 2566 cuius
1781 2527 1965 2567 maxime

200 2603 331 2631 causa
374 2603 415 2631 eo
458 2589 728 2631 contenderat
770 2591 957 2643 componi
996 2590 1168 2630 minime
1203 2591 1336 2644 potuit
1370 2624 1377 2631 .
1411 2590 1497 2631 Jlli
1538 2590 1711 2631 assidue
1753 2604 1772 2632 e
1808 2591 1964 2632 nostris

201 2655 381 2709 aliquem
405 2654 657 2710 expetebant,
692 2655 842 2695 Hector
871 2655 956 2696 illis
977 2668 1116 2707 vnum,
1151 2656 1223 2710 qui
1254 2656 1433 2709 sinqulis
1455 2654 1686 2710 quibusque
1717 2656 1964 2709 septimanis

200 2734 244 2761 eo
271 2720 609 2775 proficisceretur
649 2718 872 2772 offerebat:
912 2718 1025 2760 Nam
1067 2724 1111 2760 ut
1149 2720 1208 2761 ibi
1240 2721 1462 2762 continuus
1505 2725 1607 2762 esset
1641 2721 1880 2775 permittere
1921 2734 1965 2762 se

200 2799 283 2826 non
311 2799 443 2839 posse.
507 2784 599 2826 Hoc
631 2785 714 2826 illis
746 2784 866 2825 haud
897 2785 1089 2839 iniquum
1119 2785 1287 2839 quidem
1319 2800 1392 2827 nec
1423 2786 1652 2827 inlmmane
1685 2785 1854 2839 dictum,
1887 2785 1965 2827 sed

201 2854 309 2891 metu
351 2850 567 2891 morbidae
611 2849 839 2891 Ciuitatis3
879 2863 963 2891 non
1005 2850 1203 2904 expedire
1243 2850 1472 2892 uidebatur
1505 2885 1513 2893 .
1552 2850 1723 2892 Literas
1769 2855 1856 2892 tum
1903 2850 1963 2892 acl

200 2915 496 2957 Reuerendum
521 2915 568 2956 P.
599 2915 901 2956 Prouintialem
936 2928 982 2955 ea
1008 2915 1058 2956 de
1089 2929 1134 2956 re
1159 2915 1366 2969 dedimus)
1400 2920 1445 2957 ut
1478 2929 1519 2957 eo
1545 2916 1656 2970 quod
1687 2916 1724 2957 is
1757 2916 1963 2957 censuerit

323 3035 333 3055 ¹
359 3034 547 3069 Nicolaum
573 3035 799 3078 Telegdium‚
827 3035 887 3078 qui
916 3034 1080 3079 (capituli
1106 3034 1373 3080 metropolitani
1399 3034 1571 3069 mandatu
1582 3034 1616 3078 5³)
1653 3033 1860 3080 parochiam
1886 3035 1962 3079 tyr-

199 3087 409 3122 naviensem
436 3087 712 3123 administrabat
740 3088 888 3131 (Socher
912 3088 936 3122 l.
964 3099 993 3122 c.
1019 3099 1052 3132 p.
1084 3087 1178 3132 102),
1205 3088 1403 3132 significari
1428 3089 1524 3133 puto.

321 3141 334 3161 2
359 3141 516 3185 Fuggeri
542 3153 650 3186 prope
675 3141 883 3176 Neosolium
911 3140 1267 3187 (Beszterczebanya‚
1292 3140 1468 3185 Neusohl)
1496 3140 1643 3175 metalla
1667 3140 1858 3175 habebant.

322 3195 334 3214 ³
360 3194 580 3238 Tyrnaviam
606 3194 813 3239 pestilentia
837 3194 966 3228 urebat
993 3194 1090 3238 (vide
1117 3206 1226 3239 supra
1251 3207 1285 3239 p.
1310 3194 1378 3229 487
1390 3195 1412 3228 ³.
1440 3193 1537 3238 539).
