2093 3444
194 190 248 230 58
723 186 802 219 524.
837 185 989 219 Ioannes
1016 185 1059 219 de
1084 184 1240 219 Polanco
1267 184 1421 220 Canisio.

311 306 349 339 In
377 305 539 339 *litteris
565 303 603 337 P.
632 302 779 336 Nicolao
806 301 950 341 Lanoio,
977 301 1105 335 rectori
1134 301 1278 345 collegii
1305 302 1607 346 ingolstadiensis,
1636 301 1841 343 destinatis,
1869 313 1960 346 quae

191 371 211 393 a.
238 361 391 393 Polanco
427 358 549 392 eodem
585 356 647 390 illo
683 355 739 389 die
766 355 821 389 22.
849 354 1034 388 Februarii
1062 355 1150 389 1561
1180 355 1293 389 Roma
1328 355 1433 389 datae
1469 357 1504 389 et
1539 355 1584 389 ad
1610 354 1793 390 Canisium
1828 355 1960 389 missae

191 415 273 447 sunt
286 418 295 453 ‚‘
320 412 464 456 praeter
490 410 560 444 alia
586 409 676 443 haec
702 409 744 442 de
770 408 927 442 Martino
955 408 997 442 de
1024 407 1291 451 Schaumberg‚
1328 407 1494 453 episcopo
1521 408 1747 453 eystettensi,
1774 407 1958 442 dicuntur:

194 465 277 507 „Pel
304 464 616 498 Reuerendissimo
644 462 849 496 Eistatense
876 460 921 495 V.
947 461 988 495 R.
1017 472 1056 494 sa
1084 460 1148 495 8118
1175 473 1244 494 non
1271 461 1300 494 si
1327 473 1395 506 puo
1423 461 1487 495 dar
1512 473 1648 495 nesuno
1675 461 1740 495 8118
1766 461 1819 495 sia
1845 460 1960 506 alpro-

190 519 305 563 posito
332 518 375 551 (18
401 517 515 551 nostri
542 516 607 550 che
634 515 686 549 sia
714 515 748 549 al
774 514 955 559 proposito
973 514 1030 559 poi
1058 514 1122 548 che
1150 513 1263 548 anche
1290 526 1353 559 per
1379 514 1404 548 li
1431 514 1572 560 collegij
1599 515 1711 549 nostri
1737 526 1781 548 ne
1807 513 1959 548 hauemo

191 572 345 606 carestia
374 599 380 605 .
410 599 415 604 .
446 598 452 604 .
480 569 573 603 seria
600 569 765 612 adunque
792 568 852 613 piu
879 567 1098 612 alproposito
1125 566 1190 601 che
1216 567 1411 608 mandassi,
1438 567 1547 611 quelli
1577 568 1629 603 12.
1657 567 1733 602 suoi
1762 579 1782 601 a
1808 567 1960 611 qualche

189 618 296 669 luogo
332 625 421 658 doue
458 623 544 657 fossi
580 621 794 657 commodita
830 621 863 655 di
899 621 1079 661 studiare;
1116 623 1222 655 ouero
1259 620 1376 654 cel-chi
1410 621 1440 654 d’
1457 621 1550 655 altra
1576 621 1693 655 banda
1718 620 1864 655 inastri⁴⁴
1899 620 1957 665 (ex

191 678 398 723 apographo
425 677 582 711 eiusdem
609 675 795 720 temporis.
848 674 931 708 Cod.
963 674 1104 716 „Germ
1134 673 1244 708 1559“
1275 674 1298 708 f.
1327 673 1445 717 305³).

1009 792 1139 833 524.

604 879 666 921 P.
700 878 1020 921 IOANNES
1054 878 1153 919 DE
1187 876 1547 931 POLANCO,

800 953 1018 987 secretarius
1047 952 1237 988 Societatis
1264 953 1355 992 Iesu,

537 1032 707 1074 nomine
739 1032 884 1074 lacobi
917 1031 1071 1081 Lainii‚
1104 1032 1344 1086 praepositi
1376 1032 1606 1086 generalis,

938 1126 1211 1173 CANISIO.

862 1222 972 1259 Roma
999 1222 1024 1258 1.
1052 1222 1176 1259 Martii
1204 1222 1289 1259 1561.

313 1303 368 1336 Ex
403 1301 608 1347 apographo
646 1300 804 1334 ciusdem
839 1301 1029 1345 temporis:
1070 1301 1105 1334 in
1141 1300 1304 1343 margine
1339 1301 1463 1334 eadem
1499 1312 1607 1335 manu
1642 1300 1851 1335 adnotatum
1887 1303 1961 1336 est:

197 1355 441 1399 „Prouinciale
469 1355 652 1398 Canigi0“.
706 1353 788 1388 Cod.
821 1353 960 1395 „Germ
991 1355 1101 1388 15:39*
1134 1355 1156 1388 f.
1185 1354 1427 1389 30711—3082.

312 1409 478 1454 Epistula
504 1408 559 1443 usi
586 1410 671 1443 sunt
699 1408 917 1451 Sat-chinus,
945 1408 1029 1442 Can.
1057 1420 1090 1453 p.
1121 1408 1196 1442 1T6.
1228 1408 1294 1441 183
1321 1410 1357 1442 et
1383 1408 1475 1442 Hist.
1504 1407 1538 1442 S.
1566 1408 1597 1442 J.
1626 1408 1677 1449 ΙΙ,
1704 1407 1726 1442 l.
1754 1408 1794 1448 5,
1821 1420 1854 1442 n.
1885 1408 1961 1451 160,

192 1465 228 1497 et
257 1464 357 1496 Gius.
386 1463 499 1496 Boero
527 1461 560 1496 S.
589 1462 632 1502 J.‚
660 1460 744 1495 Vita
773 1460 829 1495 del
857 1461 968 1495 Beato
994 1460 1116 1494 Pictro
1145 1460 1287 1494 Canisio
1316 1461 1445 1504 (Roma
1474 1461 1579 1504 1864)
1608 1473 1641 1506 p.
1670 1461 1868 1496 223—224.

310 1534 480 1567 Valetudo
507 1534 544 1567 P.
575 1534 746 1566 Hurladz‘.
798 1534 1014 1567 Doctorutus
1040 1533 1078 1566 P.
1108 1533 1263 1566 Seidelit.
1317 1533 1469 1576 Collcgsia
1496 1533 1740 1576 tyrnaviense,
1769 1544 1957 1576 praycnse,

192 1588 455 1630 vindobonense,
477 1587 755 1630 inyolstadiensv,
775 1597 987 1619 monacensr.
1025 1586 1123 1619 Nova
1139 1585 1282 1628 cotteym
1300 1587 1336 1618 *in
1354 1586 1576 1618 Pedemontio
1594 1590 1623 1619 et
1642 1586 1773 1619 Gallia.
1810 1587 1963 1629 Loyicae

192 1641 309 1674 schola
337 1641 410 1673 allo
438 1652 506 1674 non
533 1641 786 1682 transferenda
814 1641 884 1673 nisi
910 1650 1051 1672 caesare
1077 1639 1262 1682 probante.
1313 1640 1563 1682 Efficiendum,
1590 1643 1628 1672 ut
1652 1639 1898 1683 philosophiae
1922 1641 1963 1673 in

195 1695 421 1727 zmetversitate
455 1693 709 1726 vindobonensi
743 1693 938 1726 tradendae
974 1693 1129 1735 officium
1168 1693 1336 1726 Societau·
1370 1693 1562 1726 tribuatur.
1624 1692 1781 1725 Litterae
1816 1693 1962 1736 quadri-

192 1751 341 1780 πιθεῖν-83.
395 1748 569 1780 Dominus
605 1747 755 1789 Fuysser.
811 1746 922 1779 Curia
961 1757 1110 1779 romana
1146 1746 1324 1788 fructibus
1358 1757 1380 1778 u
1419 1746 1563 1778 Canisc'o
1601 1746 1780 1788 Auyustae
1815 1746 1964 1780 collectis

192 1801 393 1834 delectatur.
448 1801 614 1842 Pontifex
636 1801 776 1843 oratius
801 1800 1009 1843 spirituales
1037 1800 1150 1832 Sociis
1176 1800 1289 1842 offert.
1345 1799 1422 1832 Cibi
1448 1797 1829 1842 ,‚quaclraycsl›nules“.
1865 1798 1962 1833 Com-

193 1856 387 1888 municario
414 1855 621 1887 meritorum
641 1854 834 1886 Societatis.
875 1853 1062 1895 Colleyinm
1089 1855 1345 1895 (sermanicum.
1386 1853 1632 1896 scribendum,
1660 1863 1744 1885 num
1763 1854 1965 1896 praepositi

191 1909 369 1951 yenerale's
389 1912 543 1951 potestas
562 1911 736 1950 perpetua
763 1918 832 1939 esse
857 1907 985 1940 debeat.
1037 1907 1129 1939 Novi
1155 1906 1368 1939 cardinales.

993 1984 1164 2026 Jhesus.

932 2061 1024 2102 Pax
1058 2060 1228 2103 Christi.

314 2137 529 2180 Riceuetti
565 2137 708 2190 quella
749 2137 791 2179 di
825 2137 890 2180 .V.
924 2137 975 2180 R.
1039 2137 1093 2180 N.
1128 2137 1268 2179 Padre
1301 2136 1342 2178 di
1377 2138 1458 2179 .15.
1493 2136 1563 2179 del
1593 2139 1771 2191 passato
1812 2151 1890 2192 per
1920 2137 1964 2179 la

194 2203 321 2256 quale
353 2203 600 2245 intendemo
642 2202 684 2244 la
716 2204 878 2244 uenuta
911 2202 979 2244 del
1012 2202 1152 2244 Padre
1185 2201 1435 2252 Hurtado²²‚
1479 2204 1523 2244 et
1563 2201 1796 2244 haueremo
1829 2202 1963 2245 molto

194 2282 294 2311 caro
325 2268 552 2310 intendere
585 2267 620 2309 si
653 2267 768 2310 troui
800 2268 909 2309 bene
942 2267 983 2309 di
1016 2268 1174 2310 sanita.

311 2333 572 2376 Jntendemo
615 2332 745 2374 etiam
789 2332 902 2375 della.
942 2332 1213 2387 promotione
1247 2332 1315 2374 del
1348 2332 1516 2383 Zeidel‚
1557 2332 1588 2373 11
1625 2332 1753 2386 quale
1795 2346 1874 2374 con
1906 2346 1963 2374 un

191 2398 440 2452 Compagno
484 2398 601 2440 forse
647 2398 824 2440 bastera
867 2411 947 2439 con
992 2397 1132 2451 questi
1178 2397 1374 2452 principij
1422 2397 1464 2439 di
1506 2397 1712 2439 Tirnauia
1754 2396 1895 2439 insino
1937 2399 1963 2439 a

191 2466 316 2506 tanto
350 2463 428 2505 che
459 2463 500 2504 18
534 2476 632 2504 8858
666 2462 785 2504 518118
820 2462 1018 2505 ordinate
1035 2465 1062 2505 1.

1015 2585 1126 2619 185115.

312 2649 391 2683 Pax
418 2648 561 2683 Christi.
614 2649 781 2683 Perlatae
807 2652 892 2683 sunt
922 2649 965 2683 ad
992 2652 1131 2694 patrem
1167 2651 1329 2683 nostrum
1356 2649 1396 2683 R.
1423 2648 1467 2683 V.
1494 2649 1637 2683 litterae
1663 2649 1719 2682 die
1749 2649 1801 2683 15.
1830 2647 1962 2682 mensis

193 2702 388 2747 superioris
415 2702 530 2744 datae,
558 2713 602 2736 ex
629 2702 759 2746 quibus
786 2705 925 2748 patrem
945 2702 1147 2736 Hurtadum
1176 2702 1219 2736 ad
1247 2713 1312 2736 vos
1337 2702 1529 2737 advenisse
1554 2701 1810 2736 intelleximus.
1846 2700 1961 2736 Valde

193 2758 337 2799 gra-tum
365 2757 461 2790 certe
487 2755 589 2789 nobis
615 2755 693 2793 erit.
721 2756 751 2789 si
778 2756 931 2790 eundem
957 2756 1048 2789 bona
1076 2755 1283 2789 valetudine
1309 2755 1363 2789 uti
1389 2755 1684 2790 intellexerimus

311 2808 560 2843 Intelleximus
596 2809 704 2843 etiam
740 2821 831 2853 quae
867 2809 911 2843 ad
944 2808 1088 2843 Seidelii
1123 2808 1381 2854 promotionem
1416 2811 1592 2854 spectant.
1644 2808 1712 2851 Qui
1749 2819 1830 2843 cum
1865 2807 1960 2842 socio

193 2862 312 2907 aliquo
338 2862 383 2896 ad
408 2861 511 2896 initia
536 2862 607 2896 ista
632 2862 883 2907 tyrnaviensia
910 2862 1076 2903 sufficiet,
1105 2862 1215 2896 donec
1241 2873 1299 2896 res
1325 2862 1543 2907 compositae
1568 2862 1642 2896 sint
1655 2862 1677 2896 ¹.

312 2960 326 2974 ²²
353 2954 490 2989 Gutara
517 2966 600 2999 ap.,·
625 2955 669 2998 cf.
697 2966 810 2999 supra
834 2967 869 2998 p.
900 2957 954 2989 51.

317 3053 326 3072 ¹
354 3051 445 3086 Vide
470 3063 580 3097 supra
606 3064 638 3097 p.
667 3053 723 3086 51.
774 3052 814 3087 P.
841 3052 992 3086 Ioannes
1018 3052 1136 3086 Zeidel
1162 3064 1192 3087 a.
1223 3053 1309 3087 1561
1343 3052 1379 3086 in
1414 3051 1651 3086 universitate
1685 3049 1960 3094 ingolstadiensi

194 3103 397 3147 theologiae
424 3105 547 3139 doctor
573 3107 716 3139 creatus
743 3106 799 3139 est
827 3104 1006 3149 (Mederer
1023 3105 1044 3139 l.
1065 3117 1093 3140 c.
1114 3106 1139 3146 Ι,
1160 3106 1239 3140 265.
1272 3106 1339 3140 Fr.
1365 3105 1411 3139 X.
1438 3106 1652 3148 Freninyen
1679 3103 1751 3138 Das
1774 3103 1960 3138 Matrikel·

193 3156 288 3190 buch
314 3157 376 3190 der
402 3157 652 3192 Universitaet
676 3158 1283 3202 Ingolstadt-Landshut-Miinchen
1310 3157 1505 3202 [Miinchen
1533 3156 1637 3201 1872]
1664 3168 1696 3201 p.
1723 3157 1799 3199 41).
