2093 3444
323 170 403 205 601.
440 169 572 204 Petrus
599 169 642 203 de
669 169 910 204 Ribadeneira
938 169 1092 204 Canisio.
1136 169 1249 202 Roma
1275 169 1308 203 4.
1337 168 1503 203 Octobris
1533 170 1636 204 1561.
1786 174 1869 214 235

213 288 468 330 Reuerendo
511 286 554 328 in
596 287 766 329 Christo
801 287 923 330 Patri
957 287 1026 330 .M.
1061 287 1220 329 ι10011111
1253 287 1433 338 Rhetio,
1478 287 1709 330 Societatis
1741 289 1871 331 JESv

95 354 316 406 Theologo
350 356 419 395 etc
457 353 725 406 Moguntiae.

213 442 362 476 Bethius
387 440 611 485 inscriptioni
638 440 846 475 adnotavit:
880 440 1110 485 „Respondi.“

215 495 269 529 Ex
304 494 372 529 hac
399 493 556 539 epistula
590 493 834 537 intellegitur,
871 506 927 528 me
959 494 1043 527 Can.
1071 493 1159 539 Epp.
1188 493 1239 535 H,
1276 493 1463 528 865—866
1499 505 1687 539 perperam
1724 506 1871 539 puerum

93 548 198 582 illum
224 549 416 589 Andr-eam,
444 547 504 591 qui
524 547 711 590 Augustae
739 559 852 591 usque
879 547 923 581 ad
951 559 995 581 m.
1016 547 1261 592 Septembrem
1289 559 1319 581 a.
1344 547 1429 581 1561
1458 546 1590 581 Canisii
1619 559 1770 591 coquum
1799 548 1875 591 egit

95 602 227 646 quique
253 614 300 636 m.
327 600 522 636 Novembri
549 612 580 634 a.
607 601 695 635 1561
725 612 804 634 cnm
831 600 870 634 P.
892 600 1018 635 Carolo
1047 600 1147 635 Grim
1175 600 1208 635 S.
1229 600 1262 635 J.
1290 600 1489 645 Oeniponte
1516 600 1595 642 fuit,
1623 612 1702 634 cum
1729 601 1874 634 Andrea

96 655 178 690 Stor
207 655 343 699 (Stor),
379 655 440 699 qui
476 666 505 688 a.
537 655 623 688 1561
655 656 809 688 exeunte
846 656 881 688 et
916 666 947 688 a.
977 655 1066 689 1562
1095 654 1229 688 Canisii
1257 666 1392 698 coquus
1428 657 1464 688 et
1490 654 1644 699 scriptor
1670 654 1739 688 fuit
1765 656 1874 699 atque

95 709 196 743 initio
233 721 263 743 a.
293 709 383 743 1563
419 708 552 742 Romae
589 707 780 751 collegium
816 708 1062 750 germanicum
1102 708 1289 751 ingressus
1325 710 1398 747 est,
1438 707 1473 741 in
1509 719 1618 741 unum
1657 708 1873 742 confudisse.

95 763 215 807 Atque
243 763 295 797 sic
321 761 533 805 corrigenda
559 763 644 795 sunt
670 761 789 801 etiam,
817 772 908 805 quae
935 760 1063 806 scripsi
1095 763 1180 795 Can.
1208 761 1297 806 Epp.
1325 761 1368 802 Il,
1396 761 1491 796 710⁵.
1520 761 1614 796 760².
1642 761 1722 795 845.

923 880 1044 921 601.

350 972 414 1013 P.
448 971 736 1014 PETRUS
770 972 868 1013 DE
903 972 1427 1014 RIBADENEIRA
1462 973 1516 1015 S.
1551 973 1625 1024 J.9

313 1054 522 1099 provinciae
548 1055 675 1088 tuscae
702 1053 735 1088 S.
765 1054 796 1088 J.
824 1054 1054 1099 praepositus
1080 1056 1117 1088 et
1142 1054 1329 1088 secretarii
1358 1053 1390 1088 S.
1421 1054 1453 1088 J.
1481 1053 1650 1095 vicarius,

322 1138 494 1180 nomine
527 1137 739 1192 Alphonsi
774 1137 1051 1187 Salmeronis,
1085 1137 1237 1179 vicarii
1270 1137 1487 1190 generalis
1522 1137 1562 1181 S.
1596 1138 1650 1188 J„

849 1233 1124 1280 CANISIO.

743 1334 856 1370 Roma
882 1334 916 1371 4.
945 1334 1115 1371 Octobris
1142 1334 1228 1371 1561.

220 1417 277 1452 Ex
295 1418 502 1464 apographo
521 1418 682 1453 eiusdem
696 1419 888 1464 temporis:
907 1419 942 1453 in
956 1419 1120 1463 margine
1135 1420 1259 1453 eadem
1273 1431 1400 1454 manu:
1424 1419 1611 1463 „Augusta
1625 1419 1663 1453 P.
1681 1418 1872 1453 Canissi0.“

102 1470 186 1506 Cod.
218 1471 357 1514 „Germ.
389 1473 496 1507 1561“
528 1472 552 1507 f.
581 1472 636 1507 25.

172 1580 176 1586 ¹
222 1544 275 1578 De
309 1545 522 1578 monasterio
559 1545 594 1578 S.
627 1545 773 1587 Georyz'zt
807 1549 1007 1588 aaayustano
1043 1545 1209 1579 Societati
1243 1546 1429 1578 tradendo.
1480 1546 1520 1579 P.
1550 1546 1725 1588 Victoria,
1764 1548 1880 1578 rector

104 1598 383 1642 vindobonensis,
409 1599 451 1632 de
476 1599 609 1631 erratis
635 1599 847 1642 quibusdam
872 1599 1076 1632 monendus.

847 1681 942 1723 Pax
975 1680 1137 1723 christi.

223 1763 447 1806 Reciuimo
470 1764 615 1817 quella
648 1763 690 1806 di
713 1764 764 1807 V.
789 1764 839 1807 R.
875 1764 914 1806 di
941 1766 1009 1806 21.
1045 1764 1112 1805 del
1146 1766 1323 1818 passato
1356 1766 1400 1806 et
1433 1763 1470 1805 ci
1492 1763 1650 1818 piaque
1682 1763 1882 1805 intender-

106 1845 186 1873 con
219 1830 364 1883 quella
404 1830 447 1872 la
480 1829 763 1884 dispositione
805 1829 883 1872 0110
917 1831 950 1871 c'
977 1843 1051 1871 era
1083 1843 1160 1884 per
1191 1829 1328 1871 hauer
1360 1829 1458 1883 quel
1499 1831 1770 1879 monastero,
1814 1828 1882 1870 0111

105 1896 264 1938 abbate
297 1909 372 1937 era
403 1897 582 1950 passato
615 1895 688 1937 all’
712 1895 827 1938 altra
858 1895 1005 1945 vital,
1048 1894 1206 1949 perche
1239 1897 1311 1948 qui
1342 1908 1396 1936 ne
1430 1894 1501 1936 dal
1534 1894 1784 1945 Cauliiiale,
1827 1908 1881 1936 ne

106 1961 144 2002 d’
170 1960 272 2003 altri
303 1974 388 2002 non
421 1962 461 2001 n'
485 1960 728 2002 haueuamo
760 1960 924 2002 intesso
966 1960 1086 2002 nulla
1121 1995 1127 2002 .
1163 1959 1243 2009 Qui
1276 1974 1322 2002 se
1364 1974 1417 2001 ne
1449 1960 1626 2014 parlara
1659 1960 1700 2001 al
1733 1959 1882 2001 Cardi-

105 2026 205 2069 nale
238 2023 326 2080 [se]
361 2025 398 2068 si
429 2040 581 2080 possa:
616 2040 693 2080 per
725 2025 802 2068 che
836 2026 990 2068 adesso
1023 2028 1093 2068 sta
1124 2025 1323 2068 infermo.
1388 2026 1446 2068 Et
1479 2025 1648 2083 doppoi,
1687 2024 1721 2067 si
1755 2027 1883 2079 potra

107 2092 186 2134 dar
219 2091 339 2134 auiso
383 2105 409 2133 a
440 2091 493 2134 V.
528 2091 579 2134 R.
614 2091 657 2133 di
698 2091 798 2145 quel
839 2091 917 2133 che
959 2094 1043 2145 qua
1085 2091 1121 2132 si
1154 2093 1278 2134 sente
1320 2090 1360 2132 di
1405 2094 1559 2144 questo
1596 2090 1795 2144 negotio,
1839 2092 1884 2132 et

106 2157 243 2199 anche
277 2157 319 2198 di
351 2156 451 2210 quel
483 2156 560 2198 che
594 2156 632 2198 ci
664 2170 821 2211 parera
853 2156 889 2198 si
923 2156 1077 2199 debbia
1108 2157 1177 2199 far
1209 2157 1252 2198 in
1285 2157 1442 2210 quello,
1475 2159 1545 2199 tra
1577 2159 1730 2210 questo
1763 2170 1882 2198 mezo

106 2222 159 2265 V.
194 2222 244 2265 R.
279 2222 340 2275 gli
372 2222 512 2264 faccia
544 2222 644 2275 quel
677 2222 755 2264 che
787 2222 946 2276 meglio
979 2222 1008 2263 li
1041 2236 1198 2276 parera
1229 2222 1274 2264 in
1306 2222 1504 2265 Domino.
1888 2219 1892 2221 ’

226 2288 292 2330 De
324 2289 458 2330 Sociis
491 2289 660 2343 aliquot.
721 2288 755 2329 11
790 2287 969 2329 concilio
1002 2302 1088 2330 non
1121 2301 1176 2329 ua
1209 2287 1298 2330 cosi
1329 2287 1529 2330 feruente
1562 2301 1682 2330 001110
1716 2286 1884 2329 deside-

227 2434 306 2468 Pax
333 2432 478 2468 Christi.

228 2498 396 2532 Traditae
431 2497 534 2532 nobis
568 2500 652 2532 sunt
679 2498 721 2532 R.
740 2498 784 2532 V.
810 2497 954 2532 litterae
990 2498 1022 2532 d.
1049 2498 1105 2532 21.
1133 2497 1268 2532 mensis
1303 2497 1497 2542 superioris
1524 2497 1648 2538 datae,
1685 2508 1730 2530 ex
1757 2497 1885 2540 quibus

109 2555 254 2597 gratum
289 2551 393 2586 nobis
428 2552 508 2586 erat
541 2551 774 2595 intellegere,
811 2563 918 2596 quam
946 2552 1034 2586 bene
1061 2551 1245 2585 hominum
1280 2551 1389 2585 animi
1424 2551 1469 2585 ad
1495 2550 1751 2585 monasterium
1786 2550 1885 2593 illud,

109 2606 212 2641 cuius
246 2605 359 2640 abbas
393 2605 437 2639 ad
473 2605 624 2639 alteram
651 2605 765 2639 vitam
799 2606 1027 2646 transisset¹‚
1063 2604 1167 2639 vobis
1201 2605 1416 2639 tradendum
1451 2604 1617 2649 dispositi
1648 2606 1788 2645 essent;
1827 2604 1886 2638 hic

109 2660 203 2695 enim
229 2671 345 2703 neque
382 2671 427 2693 ex
453 2658 637 2693 cardinale
671 2670 787 2704 neque
823 2671 868 2693 ex
904 2659 984 2693 aliis
1011 2659 1205 2703 quicquam
1239 2658 1309 2693 ista
1337 2659 1379 2692 de
1414 2670 1452 2692 re
1487 2669 1781 2701 cognoveramus.
1833 2657 1886 2692 De

110 2725 182 2758 qua
208 2712 399 2753 cardinali,
425 2724 506 2747 cum
533 2713 747 2757 poterimus,
774 2712 981 2757 loquemur3
1008 2724 1103 2747 nunc
1130 2712 1223 2746 enim
1250 2713 1425 2755 aegrotat.
1477 2711 1609 2745 Postea
1634 2712 1753 2745 autem
1781 2711 1823 2745 R..
1841 2711 1884 2745 V.

110 2767 299 2802 certiorem
325 2766 519 2809 faciemus,
555 2766 639 2810 quid
664 2765 724 2800 hic
751 2766 793 2800 de
819 2766 888 2800 isto
914 2766 1059 2809 negotio
1086 2765 1284 2800 sentiamus
1311 2767 1420 2809 atque
1446 2764 1555 2798 etiam
1582 2763 1667 2808 quid
1702 2764 1737 2797 in
1763 2764 1886 2798 eodem

109 2820 367 2866 praestandum
395 2830 474 2854 esse
499 2819 602 2854 nobis
629 2819 805 2854 videatur.
845 2819 988 2853 Interea
1014 2819 1055 2854 R.
1075 2819 1118 2854 V.
1145 2819 1237 2860 istic,
1266 2819 1360 2863 quod
1387 2818 1561 2863 optimum
1587 2817 1656 2862 ipsi
1682 2817 1718 2850 in
1745 2817 1887 2852 domino

109 2873 229 2908 visum
256 2873 334 2914 erit,
360 2872 481 2908 faciat.

230 2928 284 2961 De
309 2927 426 2961 Sociis
450 2927 595 2970 aliquot.
646 2926 718 2961 Res
753 2925 894 2961 concilii
928 2938 997 2960 non
1030 2926 1118 2960 adeo
1145 2926 1322 2974 fervent..
1344 2926 1384 2958 ut
1418 2924 1673 2958 desideramus.
1725 2923 1767 2957 R.
1785 2923 1829 2958 V.
1856 2922 1888 2957 si

234 3051 245 3072 ¹
270 3050 531 3085 Monasterium
550 3050 584 3085 S.
605 3050 752 3094 Georgii
777 3051 1020 3094 augustanum
1041 3049 1102 3093 (cf.
1123 3059 1232 3094 supra
1250 3060 1282 3093 p.
1303 3047 1408 3091 223);
1436 3047 1479 3081 de
1506 3058 1576 3091 quo
1594 3047 1729 3080 Frcmc.
1760 3047 1889 3081 Petrus

113 3102 198 3138 Can.
225 3116 299 3148 reg.
327 3103 369 3139 O.
397 3103 431 3138 S.
460 3105 514 3146 Α.,
541 3103 674 3138 Suevia
700 3102 960 3138 Ecclesiastica
989 3102 1193 3146 (Augustae
1219 3100 1491 3135 Vindelicorum
1518 3102 1555 3134 et-
1579 3099 1747 3144 Dilingae
1777 3099 1884 3142 1699)

110 3169 146 3202 p.
174 3157 374 3192 105—-106,
