2093 3444
265 170 432 214 Augusta
458 169 725 204 vindelicorum
752 182 797 204 m.
825 170 1020 205 Novembri
1049 171 1219 216 (ineunte,
1248 174 1287 206 ut
1314 172 1473 216 videtur)
1503 184 1533 206 a.
1564 174 1664 207 1561.
1769 176 1852 217 277

75 301 208 341 saepe
240 286 378 329 modis
411 287 676 338 extulerunt,
712 287 764 329 de
798 289 993 330 consulto
1027 288 1371 343 praeterimus12
1406 303 1535 342 quum
1569 291 1716 332 vinum
1749 306 1855 333 ven-

76 352 207 394 dibile
240 351 323 405 (vti
355 352 487 406 vulgo
519 352 737 406 inquiunt)
771 367 983 407 suspensa
1015 354 1177 396 hedera
1209 368 1295 396 non
1329 357 1458 407 egeat
1474 356 1503 397 2.
1565 355 1673 405 Quid
1707 359 1854 399 autem

77 417 310 472 pulchrius,
346 418 547 468 obsecro,
584 417 685 470 quid
717 418 761 459 in
794 419 977 460 ecclesia
1010 419 1338 461 desiderabilius
1371 418 1510 461 videri
1543 423 1687 473 queat,
1725 435 1854 474 quam

77 482 334 536 Hieronymi
379 482 578 537 spiritum
620 482 663 524 in
703 483 851 525 multis
892 484 974 526 hoc
1007 485 1154 527 seculo
1196 484 1481 535 reuiuiscere,
1524 485 1725 539 illiusque
1770 501 1856 528 non

75 548 202 590 modo
237 547 543 598 eruditionem,
578 548 653 589 sed
688 549 800 601 quod
832 549 972 591 maius
1006 553 1086 600 est,
1122 550 1258 591 vitam
1292 552 1336 592 et
1368 564 1523 601 mores,
1565 551 1700 593 veluti
1734 555 1854 605 post-

75 612 238 655 liminio
272 613 314 655 in
348 613 495 655 orbem
528 613 725 655 reuocari
755 617 914 668 posse?
977 614 1114 664 Quam
1147 615 1277 668 longe
1310 617 1480 666 autem,
1519 630 1596 670 pro
1631 616 1764 667 dolor,
1799 617 1853 658 ab

74 678 188 720 illius
221 678 422 732 vestigiis
464 678 702 720 discessum
735 682 823 730 est,
868 679 959 720 siue
992 679 1192 731 iuuenes,
1236 680 1328 722 siue
1362 694 1509 731 senes,
1554 680 1645 722 siue
1687 681 1854 723 mediae

75 743 235 787 aetatis
269 743 492 797 omnisque
526 743 785 786 conditionis
817 744 1012 787 homines
1044 745 1128 787 rite
1162 745 1495 789 consideremus,
1551 746 1611 788 Vt
1643 746 1854 789 immensa

74 812 143 852 est
171 810 300 852 turba
321 809 579 863 ignauorum
602 811 646 851 et
668 809 980 863 imperitorum,
1015 810 1155 852 dicam
1179 813 1223 853 et
1245 811 1479 853 stultorum
1502 811 1851 855 adolescentum:

73 874 137 917 ita
168 874 376 929 perpauci
409 877 560 917 contra
592 874 884 926 inueniuntur,
919 875 992 928 qui
1023 875 1122 917 inde
1155 877 1208 917 ab
1242 876 1346 930 ipsis
1379 876 1650 919 incunabulis
1672 877 1853 920 Latinas

73 943 118 983 et
152 940 342 982 Graecas
374 940 538 990 literas,
574 939 891 994 philosophiam
924 943 968 983 et
1000 940 1174 994 linguas
1198 941 1438 992 addiscant,
1473 944 1522 984 vt
1555 945 1672 984 certe
1695 943 1852 985 Hiero-

74 1020 232 1060 nymus
274 1005 444 1055 didicit,
488 1020 573 1047 non
610 1006 655 1046 in
696 1006 784 1048 otio
828 1008 872 1047 et
904 1005 1034 1057 luxu,
1078 1006 1154 1048 sed
1196 1006 1436 1048 liberaliter
1477 1021 1528 1049 ac
1568 1007 1756 1061 ingenue
1787 1007 1852 1049 in-

72 1071 268 1121 stitutus,
302 1073 598 1125 perpetuoque
631 1069 986 1113 studiosissimus.
1050 1071 1136 1113 Vbi
1167 1085 1295 1125 porro
1329 1086 1440 1113 nunc
1473 1086 1613 1123 senes,
1651 1073 1722 1126 qui
1755 1087 1850 1115 cum

73 1136 340 1190 Hieronymo
383 1136 656 1178 sanctissimo
700 1150 803 1178 sene
844 1136 968 1190 paria
1009 1136 1194 1187 faciant,
1239 1140 1288 1179 vt
1320 1137 1563 1190 grauitate,
1606 1139 1849 1192 prudentia,

73 1201 239 1256 pietate
272 1205 316 1245 et
348 1201 457 1243 zelo
491 1202 666 1243 domus
698 1201 820 1243 Dei3
854 1202 1162 1244 conuenienter
1184 1202 1385 1244 instructi
1409 1203 1608 1246 erudiant
1637 1203 1850 1246 iuniores:

73 1269 123 1309 vt
174 1268 459 1322 praeluceant
511 1267 748 1309 sanctitate
802 1281 844 1308 m
861 1281 889 1308 u
907 1282 935 1308 n
953 1268 978 1308 d
996 1282 1023 1309 u
1041 1282 1082 1308 m
1101 1282 1126 1320 q
1146 1283 1172 1309 u
1190 1281 1212 1309 e
1267 1268 1638 1322 corruptissimum
1690 1269 1849 1322 verbis,

71 1332 249 1387 scriptis
290 1336 334 1375 et
367 1332 578 1386 exemplis
611 1346 748 1385 aeque
790 1346 849 1374 ar
860 1333 1087 1385 guant4‚
1132 1333 1491 1386 quemadmodum
1523 1336 1673 1388 patres
1706 1337 1751 1377 et
1782 1349 1851 1377 se·

74 1397 217 1440 niores
250 1398 463 1440 decebat?
509 1398 591 1440 Vbi
625 1398 808 1448 demum,
844 1398 916 1451 qui
948 1401 1048 1452 post
1075 1401 1324 1441 contractas
1347 1398 1551 1441 vitiorum
1583 1399 1704 1442 labes
1737 1400 1849 1443 serio

72 1463 354 1518 resipiscant,
398 1466 442 1506 et
475 1464 589 1517 quod
621 1463 760 1505 maius
799 1466 884 1514 est,
929 1463 1125 1517 dignos
1164 1464 1555 1518 poenitentiae
1596 1464 1849 1508 fruetus5

72 1529 299 1571 adferant:
333 1531 382 1571 vt
415 1529 777 1582 quemadmodum
809 1529 1028 1583 peccando
1053 1529 1191 1571 secuti
1223 1532 1337 1580 sunt,
1371 1529 1455 1571 imo
1489 1532 1533 1572 et
1559 1530 1688 1584 longe
1721 1545 1849 1585 supe-

73 1597 228 1637 rarunt
259 1594 587 1648 Hieronymum,
621 1594 684 1636 sic
717 1594 850 1636 etiam
881 1595 1143 1648 poenitendo
1176 1597 1446 1648 sequantur?
1499 1595 1849 1650 Quotusquisque

72 1674 159 1702 non
192 1659 333 1702 dicam
364 1660 479 1703 vltro
513 1659 680 1710 subire,
723 1660 799 1701 sed
837 1660 983 1713 aliqua
1025 1661 1182 1703 saltem
1224 1674 1279 1702 ex
1320 1663 1446 1714 parte
1487 1660 1602 1703 ferre
1645 1661 1850 1715 dignatur

70 1725 194 1767 illum
235 1725 604 1780 Hieronymianae
647 1725 899 1780 disciplinae
941 1725 1152 1779 rigorem,
1194 1728 1536 1780 perpetuumque
1577 1726 1766 1769 studium
1804 1727 1849 1769 in

71 1791 401 1833 contemnendis
417 1791 730 1845 voluptatibus,
753 1791 797 1832 in
821 1790 1077 1844 castiganda
1101 1805 1242 1842 carne,
1266 1792 1311 1833 in
1333 1791 1583 1833 edomandis
1607 1792 1846 1843 affectibus,

70 1855 115 1898 in
147 1855 308 1910 vigilijs
341 1859 386 1900 et
418 1856 716 1910 chameunijs6
748 1856 1016 1907 adhibendis,
1049 1856 1092 1897 in
1125 1856 1324 1910 precibus
1358 1859 1402 1898 et
1424 1856 1658 1910 lachrymis
1690 1872 1767 1911 pro
1801 1872 1847 1900 se

70 1921 254 1976 alijsque
285 1924 414 1964 nocte
455 1936 505 1964 ac
548 1921 616 1964 die
650 1921 992 1976 profundendis?
1055 1921 1148 1963 Nos
1181 1922 1410 1976 Euangelij
1444 1923 1578 1964 verba
1618 1923 1845 1974 iactamus,

70 1989 116 2029 et
149 2001 317 2041 opera
349 1987 568 2030 carnis?
600 1987 872 2042 proferimus.
917 1988 982 2029 De
1004 1987 1088 2029 fide
1112 1986 1347 2041 litigamus,
1381 1987 1521 2030 fidei
1553 1988 1848 2042 operibus8

69 2051 282 2096 destituti.
346 2052 608 2095 Pharisaeos
647 2055 691 2096 et
730 2053 984 2107 hypocritas
1024 2052 1131 2094 alios
1172 2052 1494 2095 insimulamus:
1537 2053 1618 2095 hoc
1659 2053 1846 2095 Iudaicis

71 2117 205 2160 etiam
248 2118 496 2160 Pharisaeis
539 2117 800 2170 deteriores,
844 2118 959 2172 quod
999 2118 1061 2159 illi
1103 2121 1286 2161 externa
1328 2118 1506 2172 pietatis
1549 2118 1691 2173 specie
1729 2133 1845 2160 com-

68 2183 275 2234 mendati,
310 2197 396 2226 non
416 2186 509 2226 tam
532 2183 629 2237 alijs
653 2198 782 2237 quam
805 2183 885 2226 sibi
914 2183 1299 2226 incommodarent.
1343 2184 1435 2225 Nos
1458 2198 1561 2225 vero
1585 2186 1635 2226 vt
1656 2183 1845 2226 maxime

66 2250 162 2291 tum
195 2251 379 2291 externa
410 2252 504 2292 tum
535 2249 708 2291 interna
740 2249 908 2292 iustitia
945 2249 1080 2291 simus
1112 2249 1261 2299 vacui,
1304 2252 1452 2291 tamen
1484 2249 1606 2292 velut
1638 2249 1844 2291 infruc-

67 2316 266 2356 tuosae
299 2314 621 2368 pestiferaeque
654 2315 918 2357 arbores9
952 2315 1120 2357 fructus
1152 2314 1402 2357 teterrimos
1435 2314 1619 2366 edimus,
1655 2317 1699 2357 et
1731 2315 1845 2368 quod

67 2379 208 2433 magis
240 2380 534 2423 miserandum
567 2383 655 2431 est,
699 2380 743 2422 in
775 2395 944 2422 summa
976 2380 1096 2423 vitae
1128 2379 1304 2422 licentia
1337 2379 1470 2422 diuini
1506 2380 1675 2423 timoris
1708 2379 1843 2431 obliti,

66 2446 165 2487 tuta
197 2445 321 2487 nobis
353 2445 468 2500 apud
489 2446 630 2487 Deum
663 2446 807 2488 omnia
840 2445 1105 2500 pollicemur.
1150 2445 1368 2488 Vacamus
1392 2445 1700 2499 cupiditatibus
1723 2445 1843 2487 Chri-

190 2567 198 2586 ¹
226 2566 327 2600 Haec
353 2566 560 2601 testimonia
587 2567 811 2611 collegerunt
835 2568 886 2602 Io.
906 2569 1122 2611 Martianay
1141 2567 1181 2601 O.
1210 2566 1244 2602 S.
1271 2567 1311 2601 B.
1339 2569 1375 2601 et
1401 2569 1486 2601 Ant.
1504 2568 1635 2611 Pouqet
1662 2566 1702 2601 Ο.
1730 2565 1764 2600 S.
1790 2566 1841 2607 Β.,

65 2619 188 2654 Sancti
225 2619 435 2665 Hieronymi
472 2619 630 2665 Operum
665 2620 798 2655 Tomus
833 2620 970 2666 primus
1009 2620 1173 2665 (Parisiis
1203 2619 1309 2664 1693)
1347 2620 1371 2654 f.
1398 2620 1541 2654 mb—m
1560 2620 1614 2662 2²²,
1653 2631 1695 2653 ac
1722 2621 1843 2662 Migme

65 2673 138 2708 PP.
166 2672 233 2707 LL.
262 2672 375 2715 XXII,
402 2673 602 2708 213-232.

187 2727 200 2747 2
231 2726 342 2768 „Vino
367 2726 542 2761 vendibili
567 2738 743 2772 suspensa
769 2727 901 2762 hedera
935 2727 1025 2761 nihil
1060 2739 1161 2772 opus.
1190 2754 1196 2762 .
1226 2755 1232 2761 .
1262 2753 1268 2760 .
1312 2726 1501 2771 Sumptum
1537 2727 1686 2771 apparet
1713 2736 1733 2759 a
1759 2736 1841 2759 cau-

65 2791 198 2825 ponum
223 2791 331 2820 more,
358 2779 420 2824 qui
445 2780 596 2815 vinariis
620 2781 782 2815 tabernis
807 2781 952 2824 signum
969 2781 1208 2815 hederaceum
1227 2780 1345 2814 solent
1361 2779 1638 2824 p1·aetendere“:
1666 2780 1842 2812 Erasmus

65 2834 337 2877 Roterodamus,
362 2833 583 2877 Adagiorum
611 2834 793 2869 Chiliades
820 2837 974 2878 quatuor
1001 2837 1068 2869 etc.
1098 2833 1264 2878 (Parisiis
1294 2832 1399 2876 1558)
1429 2832 1495 2866 col.
1523 2832 1603 2866 510.

187 2886 201 2907 ³
225 2885 284 2920 Ps.
313 2885 368 2928 68,
398 2887 452 2922 10.
501 2887 552 2922 10.
578 2888 610 2929 2,
640 2888 694 2922 17.
840 2889 853 2908 4
880 2888 928 2922 Io.
958 2888 1012 2928 16,
1039 2886 1071 2921 8.
1219 2887 1231 2906 ⁵
1258 2886 1343 2920 Luc.
1371 2887 1402 2927 3,
1429 2885 1462 2919 8.
1511 2885 1642 2920 Matth.
1670 2885 1700 2926 3,
1728 2885 1760 2919 8.

187 2940 200 2960 ⁶
226 2939 468 2974 Chameuniae
498 2940 713 2986 (χαμευνίαι)
736 2955 780 2970 z
798 2940 899 2975 humi
925 2940 1154 2981 cubationes3
1182 2939 1276 2984 quod
1302 2939 1518 2973 vocabulum
1543 2939 1588 2973 ab
1606 2939 1839 2982 Hieronymo,

65 2992 228 3038 Epistola
255 2993 299 3026 52
330 2993 435 3037 (alias
462 2993 512 3038 2),
540 2994 585 3028 ad
602 2993 843 3040 Nepotianum
869 3006 903 3028 n.
923 2994 943 3028 3
971 2993 1108 3037 (Miyne
1124 2993 1195 3027 PP.
1215 2992 1282 3026 LL.
1310 2992 1423 3033 XXII,
1450 2991 1546 3035 528),
1573 2994 1610 3026 et
1635 3002 1729 3025 nunc
1755 3002 1838 3035 quo·

64 3057 136 3090 que
160 3045 197 3080 in
215 3047 406 3081 Breviario
423 3046 583 3082 Romano
609 3048 681 3092 (25.
701 3047 804 3089 Iunii,
830 3047 868 3081 in
893 3047 1012 3081 officio
1031 3046 1065 3080 S.
1086 3045 1255 3080 Gulielmi
1274 3045 1436 3087 Abbatis,
1462 3044 1547 3079 leot.
1564 3043 1602 3089 4)
1631 3047 1837 3090 usurpatur.

187 3100 200 3120 ⁷
226 3098 305 3134 Gal.
333 3100 364 3140 5,
394 3100 448 3135 19.
596 3101 609 3121 ⁸
637 3102 652 3135 1
682 3101 808 3135 Thess.
839 3101 867 3142 1,
895 3100 926 3134 3.
978 3100 999 3133 2
1026 3099 1152 3134 Thess.
1183 3100 1212 3141 1,
1241 3100 1295 3133 11.
1345 3098 1416 3133 Iac.
1443 3098 1474 3140 2,
1504 3098 1654 3132 14—26.

187 3153 200 3173 ⁹
225 3152 334 3187 Iudae
362 3153 416 3187 12.
469 3153 521 3188 Of.
549 3153 678 3189 Matth.
706 3154 738 3195 3,
768 3153 828 3194 10;
857 3155 888 3195 7,
918 3152 1055 3187 16—20
1083 3154 1149 3186 etc.
1536 3179 1538 3181 .
