2093 3444
191 150 273 191 716
434 146 592 179 Monum.
624 144 834 189 (oenipont.)
863 144 942 179 339.
973 144 1020 187 (A
1046 143 1145 178 Iunio
1175 144 1262 179 1561
1292 144 1337 178 ad
1362 144 1568 179 Ianuarium
1597 144 1715 188 1563.)

307 264 488 304 Ioannes
522 263 758 316 Sclzcmber,
802 277 993 304 camerae
1034 263 1245 303 tirolensis
1275 264 1497 317 nmqister,
1541 265 1585 305 in
1628 263 1789 318 publico
1822 265 1960 306 codice

190 329 282 368 (Iasi
303 333 340 368 et
363 329 518 382 accepti
540 328 599 368 ad
621 343 660 369 a.
681 330 796 369 1552
818 332 1026 382 spectante
1047 328 1229 368 notarit:
1258 328 1311 369 Se
1337 327 1563 382 Oeniponte
1586 330 1624 370 ²7.
1644 330 1826 384 Auqnsti
1845 331 1960 371 1562

191 394 361 434 Csmisio
383 393 591 447 Anyusta,
626 398 671 434 ut
693 395 835 434 iussus
861 397 960 433 esset
989 391 1126 445 („ocuf
1144 390 1443 445 e7·2to›·(ler·72“),
1482 393 1749 448 Oenipontem
1782 395 1961 449 indeque

193 458 444 499 Tridentum
467 463 590 512 atque
620 459 773 499 iterum
799 457 1065 512 Oenipontem
1095 457 1281 512 profecto
1305 463 1340 498 et
1361 458 1461 499 inde
1483 460 1719 513 Auyzcstam
1743 473 1961 501 reversuro

190 523 249 563 ad
282 524 480 564 itinerum
513 525 726 577 impensos
758 523 1094 577 compensandus
1124 524 1182 564 24
1212 523 1392 576 florenos
1429 524 1674 565 tradidisse.

308 631 408 664 Haec
426 630 638 675 praesertim
656 630 688 664 si
705 642 786 664 cum
803 630 858 672 iis,
886 641 977 674 quae
995 641 1104 675 supra
1122 643 1155 675 p.
1174 631 1254 665 469.
1273 631 1342 664 474
1361 631 1477 675 posita
1495 633 1589 671 sunt,
1611 631 1851 673 conferantur,
1871 631 1961 666 satis

189 683 285 718 clare
312 684 523 725 ostendunt,
561 683 745 718 Canisium
772 684 803 718 7.
831 683 889 717 vel
917 684 948 718 8.
975 683 1152 727 Augusti,
1188 683 1295 728 paulo
1330 686 1522 728 postquam
1549 684 1695 719 Lainius
1726 685 1963 730 Oenipontem

190 737 404 777 advenerat,
439 737 553 782 ipsius
579 737 681 771 iussu
706 737 910 780 Augustam
946 737 1147 781 profectum
1175 749 1263 771 esse.
1316 736 1428 779 Quem
1460 749 1500 771 eo
1535 737 1726 772 advenisse
1761 740 1844 772 ante
1871 738 1963 772 diem

193 790 245 824 15.
273 790 428 833 Augusti
456 803 501 824 ex
527 802 567 824 eo
595 792 756 831 constat,
793 790 887 834 quod
913 789 973 824 illo
1000 790 1056 824 die
1083 802 1164 824 eum
1190 790 1227 824 in
1254 790 1452 825 cathedrali
1488 791 1574 824 aede
1605 793 1808 834 augustana
1832 791 1964 826 iterum

190 843 389 877 contionari
427 843 607 888 coepisse,
646 844 683 877 in
721 843 841 877 codice
881 843 1086 877 contionum
1125 843 1202 877 eius
1239 845 1403 877 notatum
1442 846 1516 885 est;
1555 843 1638 877 vide
1676 855 1784 889 supra
1819 856 1853 889 p.
1884 844 1962 878 618.

192 896 230 930 Ρ.
250 898 413 940 Iynatius
431 898 604 941 Agyrieola
623 896 656 931 S.
678 897 722 935 J„
750 896 957 941 provinciae
982 896 1173 931 Societatis
1199 897 1281 931 Iesu
1301 896 1514 931 Germaniae
1534 897 1734 942 Superioris
1759 897 1964 939 historicus,

190 952 380 995 postquam
409 950 592 984 Canisium
619 952 701 995 post
718 949 860 984 Pascha
887 961 918 984 a.
948 950 1038 984 1562
1057 950 1224 993 Augusta
1251 953 1440 984 evocatum
1467 950 1679 984 Tridentum
1705 951 1750 985 ad
1776 950 1966 985 concilium

190 1003 309 1038 adisse
334 1004 507 1045 narravit,
535 1004 587 1038 sic
613 1003 733 1048 pergit
761 1003 798 1047 (l.
827 1015 856 1038 c.
884 1003 909 1044 Ι,
936 1003 1022 1038 Dec.
1051 1003 1081 1044 3,
1108 1015 1141 1037 n.
1167 1003 1249 1047 78):
1280 1004 1483 1045 „Reversus
1509 1006 1591 1049 post
1617 1004 1705 1038 duos
1731 1015 1874 1038 menses
1901 1032 1909 1038 .
1929 1031 1937 1038 .
1957 1031 1964 1039 .

192 1056 431 1101 Oenipontum
450 1057 561 1099 venit,
588 1069 659 1101 quo
679 1056 812 1091 Caesar
837 1058 920 1101 post
938 1057 1148 1091 electionem
1166 1057 1406 1091 Maximiliani
1432 1056 1496 1091 filii
1517 1057 1554 1091 in
1571 1057 1707 1101 Regem
1725 1057 1967 1092 Romanorum

190 1110 426 1144 Francofurto
453 1112 678 1152 accesserat,
711 1112 751 1144 ut
778 1110 935 1144 Concilio
962 1110 1171 1144 Tridentino
1198 1111 1341 1155 propior
1368 1112 1483 1145 esset:
1520 1111 1704 1145 Canisium
1730 1122 1871 1155 quoque
1896 1110 1967 1145 huc

191 1164 363 1198 evocandi
391 1175 501 1198 causa
527 1167 623 1206 erat,
659 1164 753 1208 quod
781 1163 946 1198 Caesaris
981 1164 1143 1198 nonnulli
1169 1164 1329 1198 Ministri
1355 1192 1362 1198 .
1384 1191 1418 1198 ..
1446 1164 1482 1198 in
1507 1164 1638 1199 librum
1671 1165 1762 1199 bene
1796 1175 1967 1208 magnum

191 1217 310 1262 capita
337 1218 573 1259 contulerant,
603 1246 609 1252 .
631 1245 638 1251 .
659 1245 666 1252 .
693 1229 785 1261 quae
812 1229 892 1251 cum
913 1217 1045 1252 Caesar
1071 1217 1244 1252 sanctiori
1262 1218 1526 1262 Theologorum
1552 1217 1702 1252 consilio
1729 1217 1968 1252 examinanda

190 1271 420 1313 tradidisset,
449 1271 631 1306 Canisium
659 1283 799 1315 quoque
826 1271 1080 1305 consultationi
1107 1271 1281 1306 interesse
1308 1271 1466 1313 voluit“;
1500 1283 1543 1305 ac
1569 1271 1751 1306 Canisium
1783 1270 1967 1313 ecclesiae,

190 1325 347 1359 maxime
373 1325 564 1370 pontificis,
590 1325 669 1358 iura
696 1325 787 1369 apud
816 1325 1068 1369 imperatorem
1095 1327 1241 1359 strenue
1260 1325 1473 1366 defendisse,
1501 1327 1610 1369 atque
1637 1325 1761 1359 eodem
1786 1324 1848 1359 illo
1875 1336 1966 1359 anno

193 1378 284 1412 1562
312 1380 347 1412 et
365 1379 553 1422 Augustae
579 1380 662 1423 post
687 1379 842 1412 reditum
862 1378 1113 1412 canonicorum
1133 1378 1395 1412 cathedralium
1421 1378 1560 1412 animos
1587 1390 1607 1412 a
1625 1377 1805 1413 Societate
1831 1377 1967 1412 alienos

191 1433 381 1476 expertum
408 1443 487 1466 esse
523 1433 558 1466 et
584 1432 665 1465 inde
692 1431 727 1465 in
754 1431 922 1466 Suebiam
950 1432 1153 1466 excurrisse
1189 1433 1225 1465 et
1256 1432 1385 1465 iterum
1413 1432 1617 1474 Augustam
1642 1443 1850 1473 reversum,
1887 1443 1968 1466 cum

191 1485 399 1529 pestilentia
424 1485 549 1519 urbem
575 1485 771 1519 invasisset
807 1485 849 1519 ob
885 1497 1035 1529 eamque
1068 1485 1228 1519 canonici
1254 1485 1457 1519 Faucenam
1487 1485 1678 1529 (Fiissen),
1715 1485 1775 1520 alii
1802 1485 1870 1519 alio
1898 1485 1967 1519 dis-

191 1538 398 1580 cessissent,
425 1550 557 1582 magna
582 1539 786 1573 constantia
812 1539 1071 1583 diligentiaque
1096 1558 1145 1562 —
1170 1539 1237 1573 hoc
1263 1550 1307 1572 ex
1334 1539 1504 1583 Agricola
1530 1539 1652 1584 posuit
1677 1539 1786 1573 etiam
1812 1540 1968 1573 Janssen

191 1592 215 1626 l.
242 1603 271 1626 c.
299 1592 341 1634 V,
368 1592 437 1627 208
463 1614 506 1618 —
535 1593 692 1636 aegrotis
719 1604 822 1638 opem
847 1592 976 1627 tulisse
1005 1592 1043 1636 (l.
1064 1604 1092 1627 c.
1119 1605 1154 1627 n.
1181 1592 1357 1636 79-89);
1385 1595 1493 1636 atque
1519 1593 1571 1627 ita
1597 1592 1778 1636 Agricola,
1805 1592 1968 1637 plurimis

191 1645 299 1679 rebus
333 1646 530 1690 posteriore
566 1645 651 1680 anni
679 1646 770 1680 1562
806 1648 909 1691 parte
935 1657 956 1680 a
983 1646 1126 1680 Canisio
1153 1646 1266 1690 gestis
1301 1646 1568 1691 praetermissis
1603 1648 1639 1680 et
1669 1646 1806 1681 duobus
1834 1645 1968 1680 Canisii

192 1699 379 1734 itineribus
414 1699 664 1745 oenipontanis
699 1700 735 1734 in
769 1712 879 1734 unum
915 1700 1093 1742 confusis,
1130 1712 1175 1734 ex
1211 1701 1349 1734 aestate
1384 1711 1415 1734 a.
1446 1700 1535 1734 1562
1570 1700 1606 1734 in
1641 1699 1782 1733 initium
1815 1711 1846 1734 a.
1876 1699 1966 1734 1563

192 1752 360 1787 transilit.
411 1753 503 1787 Nam
539 1765 631 1787 anno
662 1753 750 1788 1563
787 1755 823 1787 et
858 1753 1123 1787 Ferdinandum
1149 1753 1385 1787 Francofurto
1412 1752 1650 1798 Oenipontem
1685 1752 1876 1787 advenisse
1904 1752 1966 1796 (cf.

192 1816 302 1850 supra
319 1818 352 1851 p.
373 1806 441 1840 574
450 1806 478 1850 4)
508 1809 544 1841 et
569 1807 817 1851 theologorum
844 1807 947 1840 illum
973 1809 1189 1841 conventum
1216 1807 1348 1841 ibidem
1368 1806 1531 1841 habitum
1552 1818 1631 1841 esse
1649 1806 1720 1840 iam
1738 1805 1966 1840 notissimum

193 1861 266 1900 est;
305 1861 413 1904 atque
449 1860 557 1894 etiam
592 1863 689 1895 certo
727 1862 869 1895 constat
907 1861 1031 1894 eodem
1066 1872 1157 1894 anno
1195 1860 1305 1901 1563,
1342 1872 1413 1894 non
1449 1860 1560 1902 1562,
1599 1859 1782 1894 Canisium
1825 1861 1966 1904 partem

193 1912 344 1947 Suebiae
369 1913 556 1956 lustrasse,
584 1914 774 1949 canonicos
799 1914 1003 1948 Faucenam
1029 1914 1207 1958 migrasse
1236 1914 1459 1958 (Saecleimcs,
1488 1913 1573 1948 Can.
1600 1925 1633 1958 p.
1652 1913 1732 1948 202.
1767 1914 1869 1948 Riess
1893 1912 1916 1947 l.
1935 1924 1964 1947 c.

310 2026 363 2060 De
390 2027 588 2061 animorum
624 2030 745 2061 autem
779 2027 968 2061 aversione
999 2027 1062 2061 illa
1086 2026 1170 2061 vide
1197 2038 1305 2072 supra
1331 2038 1364 2071 p.
1392 2027 1472 2061 677.
1523 2027 1643 2070 Atque
1678 2026 1730 2060 ita
1756 2025 1865 2059 etiam
1891 2036 1964 2059 cor-

192 2079 341 2122 rigenda
367 2083 466 2122 sunt,
500 2092 591 2124 quae
618 2081 744 2115 scribit
768 2081 812 2115 F.
839 2082 868 2115 I.
895 2082 1107 2126 Lz'powsky,
1139 2080 1356 2115 Geschichte
1383 2080 1445 2113 der
1471 2079 1637 2114 Jesuiten
1662 2079 1698 2113 in
1725 2078 1924 2113 Schwaben
1949 2078 1965 2112 I

194 2133 392 2176 (Munchen
420 2134 539 2177 1819),
566 2135 726 2175 46—49;
754 2134 815 2178 qui
841 2133 908 2168 hoc
935 2145 1078 2178 quoque
1105 2134 1219 2175 addit,
1247 2133 1441 2174 Canisium,
1468 2145 1548 2167 cum
1575 2132 1744 2167 Tridento
1770 2144 1834 2177 per
1860 2131 1964 2165 Oeni-

192 2188 337 2230 pontem
363 2188 567 2231 Augustam
593 2189 855 2228 reverteretur,
892 2199 937 2221 ex
963 2187 1090 2221 itinere
1116 2187 1303 2221 Faucenae
1337 2186 1578 2231 aliquamdiu,
1613 2188 1654 2220 ut
1683 2185 1889 2230 pestilentia
1915 2184 1964 2218 la-

192 2240 359 2275 borantes
385 2243 538 2283 curaret,
565 2241 773 2276 substitisse
799 2241 996 2285 eodemque
1023 2241 1183 2275 eiusdem
1208 2241 1260 2275 rei
1285 2238 1404 2283 gratia
1430 2240 1551 2275 Socios
1577 2239 1715 2283 aliquot
1732 2238 1965 2282 Landsberga

193 2294 428 2329 arcessivisse
439 2307 447 2336 ;
475 2306 565 2339 quae
591 2295 685 2330 unde
703 2294 833 2329 hausta
851 2295 935 2335 sint,
961 2294 1086 2338 ignoro
1097 2307 1104 2336 ;
1132 2294 1386 2338 Landsbergae
1404 2296 1501 2328 certe
1519 2292 1614 2328 Socii
1631 2295 1716 2327 tunc
1735 2294 1837 2327 erant
1862 2292 1962 2327 nulli.

1011 2430 1142 2472 339.

729 2525 760 2561 A
785 2524 887 2562 Iunio
913 2524 988 2562 1561
1013 2524 1060 2561 ad
1084 2524 1299 2562 Ianuarium
1323 2524 1418 2562 1563.

312 2621 367 2655 Ex
393 2620 456 2663 iis,
491 2632 584 2665 quae
609 2622 725 2655 Kross
750 2620 932 2665 excerpsit
959 2632 1004 2654 ex
1029 2620 1158 2654 harum
1185 2620 1388 2654 litterarum
1419 2618 1626 2665 apographo
1652 2618 1775 2653 eodem
1801 2619 1962 2662 tempore

193 2673 346 2719 scripto,
385 2674 479 2718 quod
505 2675 627 2708 exstat
653 2674 852 2718 Oeniponte
882 2673 917 2707 in
950 2673 1096 2709 archivo
1131 2673 1381 2719 praefecturae
1416 2684 1624 2715 caesareae,
1661 2672 1737 2706 cod.
1767 2671 1963 2715 „Missiven

193 2740 239 2762 an
264 2727 339 2761 Hof
364 2728 474 2762 1563“
505 2728 528 2762 f.
557 2727 634 2762 86¹0.

311 2812 467 2845 Pecunia
493 2812 537 2844 ab
555 2812 726 2844 Austriae
751 2811 950 2854 superioris
975 2811 1145 2854 reffl'mine
1157 2821 1229 2853 pro
1255 2810 1390 2854 colleyii
1408 2810 1444 2844 S.
1463 2810 1500 2843 J.
1525 2809 1754 2852 oenipontani
1778 2807 1960 2851 aedificiis,

193 2865 431 2908 calefactione,
457 2865 677 2908 supellectile,
704 2864 816 2909 libris,
842 2865 935 2898 victu
960 2868 1019 2897 etc.
1046 2864 1172 2897 soluta.

311 2963 483 2996 Auso-iae
516 2963 716 3005 superioris
749 2964 905 3005 reqimen
940 2960 1139 3006 Oeniponte
1176 2961 1206 2995 1.
1233 2960 1355 2995 Martii
1387 2960 1477 2994 1563
1512 2958 1735 2994 Ferdinando
1760 2958 1787 2993 Ι.
1823 2957 1961 2992 caesari

193 3014 356 3058 scripsit:
385 3015 439 3057 Se,
465 3027 504 3049 re
531 3027 611 3049 cum
638 3015 677 3050 P.
701 3015 842 3058 Natale,
869 3014 1059 3049 Societatis
1084 3013 1284 3055 visitatore,
1311 3014 1451 3055 collata,
1479 3012 1719 3053 constituisse,
1745 3012 1786 3045 ut
1811 3009 1962 3054 collegio

193 3067 428 3111 oenipontano
446 3069 638 3112 quotannis
659 3068 749 3104 1500
765 3068 842 3102 fior.
871 3068 1028 3103 caesaris
1053 3067 1195 3102 nomine
1212 3067 1466 3102 tribuerentur.
1500 3067 1576 3101 Iam
1602 3067 1724 3101 autem
1749 3075 1770 3098 a
1786 3063 1960 3108 regimine

193 3131 255 3164 pro
282 3121 404 3154 eodem
431 3121 581 3165 collegio
607 3121 695 3156 haec
721 3121 840 3156 soluta
866 3132 965 3156 esse:
