2093 3444
260 240 381 268 XV111
815 226 857 259 ΙΙ.
895 225 1123 260 Prooemium
1149 225 1343 260 voluminis
1370 227 1479 260 tertii.

261 342 498 395 generaliS,
533 343 784 397 Alphonsus
817 344 1041 386 Salmeron
1075 347 1119 386 et
1152 342 1486 398 Christophorus
1519 345 1711 394 Madrid,
1751 346 1941 389 eiusdem
1974 347 2030 389 ad

258 410 430 460 tempus
452 407 604 450 vicarii
627 409 867 462 generales,
897 408 1187 462 Hieronymus
1209 408 1385 450 Natalis
1400 409 1581 463 (Nadal)
1599 411 1815 462 visitator,
1844 412 2029 454 Ioannes

259 472 311 513 de
344 472 533 514 Polanco
575 473 836 516 secretarius
870 473 1122 522 Societatis,
1166 473 1322 515 Petrus
1364 474 1417 516 de
1449 474 1738 518 Ribadeneira
1778 476 2028 531 provinciae

259 537 490 580 Societatis
521 542 672 580 tuscae
703 538 1003 592 praepositus,
1037 540 1230 580 rectores
1263 538 1544 592 collegiorum
1582 541 1878 592 bononiensis,
1913 542 2028 584 colo-

258 601 440 653 niensis,
474 603 848 656 ingolstadiensis,
882 603 1120 654 lauretani,
1163 603 1426 657 moguntini,
1460 605 1752 657 monacensis,
1785 607 2026 661 pragensis,

257 668 537 719 treverensis,
571 669 866 723 tyrnaviensis
899 672 980 711 etc.

376 734 429 777 V.
466 734 507 777 1)
531 734 652 783 Quod
675 735 729 776 ad
752 735 1035 788 epistularum
1064 748 1224 787 genus
1256 734 1429 785 attinet,
1459 735 1670 789 imprimis
1691 739 1846 779 notatu
1869 737 2026 790 dignae

256 801 357 841 sunt
376 799 485 841 duae
503 799 750 850 relationes,
776 813 883 853 quas
901 798 1095 841 Canisius
1112 799 1288 841 ineunte
1307 814 1344 842 a.
1368 801 1494 850 1561,
1516 803 1564 842 ut
1582 804 1815 855 praecepto
1833 815 1859 843 a
1875 801 2026 843 Lainio

256 865 504 918 praeposito
527 865 720 918 generali
755 879 792 907 a.
822 867 933 907 1560
962 865 1063 906 dato
1087 864 1211 916 (Can.
1237 865 1345 919 Epp.
1371 865 1424 915 II,
1461 865 1713 919 599—600)
1736 866 2024 918 satisfaceret,

256 930 308 971 de
340 930 469 971 rebus
503 930 761 972 Germaniae
794 931 849 972 ad
883 930 1063 972 eundem
1098 930 1280 971 Romam
1314 930 1453 981 misit,
1497 945 1593 972 cum
1625 945 1791 973 summo
1824 932 2026 986 pontifice

255 995 647 1039 communicandas.
712 996 878 1037 Harum
911 998 1057 1038 autem
1090 995 1273 1045 similes,
1313 995 1443 1037 immo
1476 996 1608 1038 etiam
1639 997 1769 1050 longe
1800 997 2026 1050 graviores

254 1060 355 1102 illae
389 1061 602 1115 epistulae
635 1064 748 1111 sunt,
783 1075 890 1114 quas
922 1060 1118 1103 Canisius
1152 1061 1205 1102 ad
1240 1060 1435 1111 Hosium,
1474 1061 1663 1103 maxime
1694 1064 1924 1116 postquam
1958 1061 2026 1104 hic

255 1126 434 1168 concilio
468 1126 703 1169 tridentino
726 1141 930 1180 praeesse
963 1125 1118 1180 coepit,
1152 1126 1283 1176 misit,
1318 1129 1365 1168 ut
1396 1141 1506 1177 eum,
1542 1127 1642 1180 quid
1675 1126 1889 1177 catholici,
1924 1127 2025 1180 quid

252 1194 549 1245 protestantes
581 1192 855 1241 molirentur,
900 1191 970 1244 qui
1004 1205 1199 1232 rumores
1242 1190 1645 1242 circumferrentur,
1689 1192 1760 1245 qui
1792 1192 1891 1234 libri
1923 1192 2023 1234 novi

253 1257 321 1298 vel
365 1272 389 1298 a
422 1257 647 1299 catholicis
680 1257 749 1298 vel
782 1271 807 1298 a
840 1256 1186 1310 protestantibus
1231 1256 1272 1298 in
1305 1257 1444 1298 lucem
1479 1257 1623 1299 emissi
1657 1260 1825 1307 essent,
1869 1257 2024 1310 quibus

253 1322 492 1364 rationibus
534 1322 718 1364 ecclesia
759 1322 897 1363 iuvari
939 1336 1065 1375 posse
1108 1321 1351 1372 videretur,
1395 1322 1623 1365 certiorem
1665 1322 1844 1365 faceret.
1908 1322 2024 1371 Quas

253 1387 425 1439 quidem
448 1387 619 1430 litteras
652 1388 737 1429 iam
761 1388 811 1430 Ε.
842 1387 882 1429 S.
908 1387 1148 1441 Cyprianus
1175 1386 1216 1428 in
1248 1387 1503 1437 „Tabulario
1527 1387 1749 1430 Ecclesiae
1772 1387 2018 1429 Romanae“

252 1466 289 1495 a.
328 1454 439 1495 1743
474 1453 590 1496 edito
624 1453 740 1506 (vide
773 1453 885 1494 infra
919 1468 959 1506 p.
994 1454 1084 1505 ιη’)
1126 1467 1181 1494 ex
1223 1453 1472 1507 archetypis
1515 1453 1790 1495 excudendas
1830 1452 2020 1503 curavit;

252 1519 328 1559 sed
360 1518 428 1559 hic
460 1518 580 1569 liber,
616 1522 663 1561 ut
686 1522 784 1572 post
812 1519 886 1560 Tse.
911 1519 1048 1561 δίς-Μ
1079 1532 1215 1572 nuper
1237 1519 1409 1560 notavit
1432 1521 1475 1562 S.
1500 1520 1718 1562 Steinherz
1741 1518 2022 1570 (Nuntiatur-

252 1583 444 1626 berichte
478 1598 555 1626 aus
588 1584 885 1626 Doutschland
922 1585 1227 1634 1560—1572,
1263 1584 1281 1624 Ι
1315 1582 1465 1637 [Wien
1502 1582 1649 1638 1897]‚
1683 1583 1773 1637 xi),
1807 1597 1919 1625 nunc
1950 1597 2021 1625 ra-

252 1649 447 1691 rissimus
480 1652 568 1699 est,
604 1653 647 1692 et
680 1664 775 1691 cum
809 1649 863 1691 ad
897 1649 1106 1702 epistulas
1138 1649 1257 1699 illas,
1296 1649 1506 1703 imprimis
1539 1649 1609 1691 ubi
1643 1649 1695 1691 de
1727 1662 1774 1690 re
1806 1648 2023 1691 litteraria

251 1718 364 1764 sunt,
398 1714 716 1768 intellegendas
739 1715 901 1757 mult-ae
924 1713 1236 1768 explicationes
1260 1715 1532 1756 necessariae
1554 1714 1654 1764 sint,
1685 1727 1852 1768 paucae
1874 1716 2021 1756 tamen

251 1794 275 1822 a
309 1781 524 1834 Cypriano
557 1781 725 1834 positae
758 1783 872 1822 sunt.
937 1780 1046 1822 Sunt
1080 1779 1233 1829 etiam,
1278 1794 1389 1833 quae
1429 1779 1685 1829 „relationes
1727 1778 2014 1822 tridentinae“

251 1846 332 1887 dici
365 1846 554 1899 possint:
590 1846 696 1887 duas
730 1845 822 1887 dico
857 1845 1078 1899 epistulas,
1114 1860 1221 1898 quas
1245 1845 1454 1895 Canisius,
1489 1859 1572 1898 quo
1602 1848 1799 1899 tempore
1825 1843 2019 1886 Tridenti

249 1911 499 1965 theologum
533 1912 714 1964 agebat,
758 1911 809 1952 de
843 1910 1009 1952 concilii
1041 1911 1169 1952 rebus
1202 1910 1257 1952 ad
1289 1910 1451 1952 amicos
1492 1910 1662 1952 dedisse
1704 1909 1897 1959 videtur,
1943 1922 2019 1962 po-

248 1976 463 2018 tissimum
495 1979 641 2018 autem
675 1976 887 2030 epistulae
920 1975 1034 2025 illae,
1069 1975 1223 2028 quibus
1256 1975 1440 2017 Ioannes
1474 1975 1526 2016 de
1549 1975 1752 2025 Polanco,
1787 1973 2019 2016 Societatis

249 2042 512 2083 secretarius
546 2044 676 2094 atque
710 2044 753 2083 et
785 2042 877 2095 ipse
910 2040 1078 2082 concilii
1111 2041 1353 2094 theologuS,
1386 2040 1485 2082 inde
1519 2054 1543 2082 a
1575 2055 1630 2082 m.
1658 2039 1859 2093 Augusto
1892 2040 2017 2090 1562,

250 2121 333 2160 quo
367 2107 620 2149 Tridentum
653 2121 748 2148 cum
781 2106 931 2148 Lainio
964 2106 1217 2156 advenerat,
1252 2106 1306 2147 ad
1339 2105 1571 2148 Societatis
1608 2104 1855 2159 praefectos
1888 2107 2019 2157 atque

249 2186 326 2226 per
349 2186 421 2214 eos
444 2173 499 2214 ad
523 2175 691 2214 ceteros
715 2186 884 2225 quoque
908 2171 1139 2214 Societatis
1161 2171 1368 2221 homines,
1404 2184 1514 2224 quae
1536 2171 1579 2212 in
1603 2170 1796 2220 concilio,
1830 2168 2018 2211 maxime

249 2251 326 2292 per
369 2237 663 2292 praepositum
707 2237 956 2291 generalem
1000 2236 1275 2290 reliquosque
1320 2236 1486 2286 Socios,
1532 2238 1804 2289 gererentur,
1853 2234 2018 2276 referre

249 2303 431 2344 solebat.
480 2303 604 2344 Aliae
637 2305 783 2344 autem
816 2303 886 2343 vel
919 2302 973 2344 ad
1006 2301 1235 2344 caritatem
1268 2301 1591 2354 amicitiamque
1623 2303 1714 2343 tum
1748 2313 1843 2341 cum
1868 2298 2016 2349 Sociis,

249 2367 437 2409 maxime
471 2367 800 2417 coloniensibus,
834 2369 926 2409 tum
959 2381 1053 2408 cum
1088 2366 1280 2409 externis
1313 2366 1513 2408 alendam
1544 2365 1776 2420 praecipue
1802 2366 2015 2418 spectant,

248 2433 319 2474 vel
352 2433 404 2474 de
436 2433 727 2486 singularibus
758 2432 1028 2487 potissimum
1062 2431 1248 2486 negotiis
1281 2431 1336 2473 ad
1367 2431 1620 2484 religionem
1652 2430 1885 2471 iuvandam
1918 2443 2016 2483 per-

247 2497 485 2540 tinentibus
518 2498 707 2552 script-ae
740 2500 861 2546 sunt;
896 2500 1027 2550 atque
1059 2497 1174 2539 inter
1195 2496 1320 2538 huius
1343 2495 1516 2550 generis
1543 2495 1752 2550 epistulas
1777 2494 1877 2536 illae
1910 2493 2014 2536 emi-

247 2566 365 2611 nent,
400 2577 507 2616 quas
539 2563 747 2613 Canisius,
780 2562 1030 2617 provinciae
1054 2561 1284 2605 Societatis
1305 2561 1404 2602 Iesu
1436 2560 1718 2611 „Germaniae
1751 2558 2007 2613 superioris“

247 2628 543 2682 praeposituS,
587 2628 641 2670 ad
682 2631 876 2670 rectores
917 2627 1196 2680 collegiorum
1239 2626 1432 2679 aliosque
1473 2625 1669 2668 subditos
1708 2623 1826 2666 dedit
1857 2625 1927 2666 vel
1960 2625 2013 2667 ab

246 2693 399 2734 iisdem
440 2693 629 2747 accepit;
671 2693 914 2747 permultae
956 2692 1139 2745 denique
1170 2691 1295 2734 huius
1327 2690 1557 2733 voluminis
1598 2690 1811 2744 epistulae
1851 2702 2014 2742 eaeque

248 2760 291 2800 et
324 2758 481 2811 longae
514 2761 557 2800 et
589 2758 717 2800 valde
749 2772 907 2811 graves
939 2758 995 2799 ad
1027 2757 1331 2798 commercium
1362 2755 1468 2797 illud
1499 2757 1714 2810 spectant,
1754 2754 1868 2807 quod
1898 2753 2013 2796 inter

247 2823 465 2865 Canisium
496 2823 793 2877 praepositum
825 2822 1135 2877 provincialem
1162 2824 1206 2864 et
1227 2821 1422 2863 Lainium
1444 2820 1741 2875 praepositum
1763 2819 2010 2872 generalem

248 2902 406 2941 eosque
439 2891 546 2938 erat,
581 2888 652 2941 qui
684 2887 833 2929 Lainio
866 2902 921 2930 m.
954 2887 1062 2928 Iulio
1095 2901 1133 2929 a.
1168 2888 1277 2928 1561
1312 2886 1356 2928 in
1390 2885 1575 2928 Galliam
1607 2885 1791 2937 indeque
1823 2884 1878 2925 ad
1910 2897 2010 2925 con-

248 2952 391 2994 cilium
430 2952 714 2995 tridentinum
754 2952 949 3007 profecto
982 2952 1147 2994 Romae
1189 2951 1279 2993 eius
1311 2951 1429 2992 iussu
1463 2949 1694 2992 Societatis
1724 2948 1902 3001 negotia
1933 2948 2010 2990 ad-

246 3017 572 3060 ministrabant:
595 3017 949 3071 Christophorum
966 3016 1238 3067 Madridium,
1256 3016 1525 3070 Alphonsum
1543 3015 1851 3063 Salmeronem‚
1876 3013 2009 3055 Sanc-

247 3084 340 3122 tum
380 3081 659 3126 Franciscum
701 3082 752 3124 de
784 3081 967 3135 Borgia;
1013 3095 1124 3134 quae
1167 3081 1343 3124 litterae
1383 3082 1508 3122 tanto
1549 3079 1684 3133 pluris
1725 3077 2010 3120 aestimentur

249 3148 444 3198 oportet,
479 3150 641 3200 quanto
672 3147 813 3188 rarius
844 3146 1087 3188 huiusmodi
1119 3146 1331 3200 epistulae
1363 3144 1611 3199 praesidum
1644 3142 1874 3185 Societatis
1906 3156 2008 3184 auc-

248 3209 427 3252 toritate
460 3214 627 3252 secreto
661 3212 790 3253 datae
821 3211 865 3252 in
898 3210 1084 3253 archivis
1117 3210 1472 3262 bibliothecisque
1503 3208 1686 3262 publicis
1707 3206 2005 3256 inveniuntur;
