2093 3444
198 195 282 236 810
569 191 726 224 Monuni.
757 190 888 234 (varia)
918 191 998 225 415.
1029 191 1137 240 (Vere
1165 191 1222 225 vel
1249 194 1387 226 aestate
1413 204 1444 227 a.
1474 193 1590 237 1562.)

315 308 413 341 Licet
440 307 549 351 igitur
575 306 847 351 antiquissimis,
875 318 964 350 quas
991 306 1155 350 equidem
1174 307 1299 347 norim,
1326 307 1408 341 libri
1435 308 1648 343 editionibus
1676 329 1718 333 —
1746 309 1964 353 antiquiores

195 373 238 394 ne
265 361 325 394 alii
353 361 496 404 quIdein
522 360 657 394 vidisse
684 360 852 394 videntur
880 380 921 384 ——
950 371 1064 394 annus
1093 360 1182 394 1563
1218 360 1254 393 111
1290 360 1374 394 folio
1409 361 1546 395 titulari
1582 362 1762 407 ascriptus
1792 362 1858 403 sit,
1894 362 1964 396 iam

195 416 276 448 ante
304 425 348 448 m.
376 413 622 458 Septembrem
649 425 679 447 a.
710 413 798 447 1562
827 413 860 446 in
887 413 1003 446 lucem
1031 413 1201 447 emissum
1228 425 1306 447 esse
1333 415 1474 448 constat
1500 414 1649 450 librum:

319 502 692 553 „THEOLOGIAE
730 501 732 551 i
768 501 1175 544 IESVVITARVM
1229 503 1559 546 PRAECIPVA
1589 503 1811 547 CAPITA.
1849 502 1851 549 ἓ
1887 504 1964 545 EX

194 567 443 616 QVADAM
483 567 740 610 IPSORVM
773 567 982 609 CENSV-
1019 567 1020 619 1
1057 581 1128 617 ra,
1176 582 1270 620 quae
1313 568 1498 610 Coloniae
1540 569 1666 611 Anno
1700 571 1767 612 60.
1807 568 1924 611 edita
1959 568 1962 623 l

195 635 273 683 est,
308 634 531 675 Annotata
567 632 569 688 Ι
606 647 682 687 per
708 632 710 676 l
736 632 1055 674 MARTINVM
1109 633 1457 676 KEMNIOIVM.
1496 633 1497 667 l
1533 634 1650 677 Hier.
1674 635 1749 677 ΠΙ.
1787 634 1789 689 l
1826 635 1965 676 Frons

196 701 425 740 meretricis
453 699 572 752 facta
606 704 663 740 est
695 699 782 752 tibi,
818 699 989 739 noluisti
1022 699 1271 740 erubescere.
1306 698 1308 753 1
1344 698 1562 740 NAHVM
1584 700 1658 742 HI.
1737 700 1965 742 Ostendam

196 764 400 806 Gentibus
432 765 739 819 turpitudinem
773 768 903 816 ticam,
937 765 975 805 <O
1006 765 1147 819 refluis
1178 762 1179 771 ¹
1216 766 1489 818 tynoim‘m‘ccm
1523 770 1651 807 ticam.
1680 763 1681 773 ¹
1709 763 1933 807 LIPSIAE
1959 762 1962 818 Ι

195 829 360 870 ANNO
398 827 400 884 4
437 830 493 871 Μ.
528 830 579 871 D.
613 829 792 870 LXIII.“
832 827 948 881 (160;
984 829 1038 870 83
1062 829 1103 871 ff.
1139 843 1223 870 non
1256 829 1380 882 sign,
1415 829 1562 872 addito
1596 829 1696 884 tit).

314 927 485 971 Theologi
522 930 764 972 protestantes
802 927 896 961 hunc
933 927 1144 969 Chemnitii,
1183 939 1289 971 quein
1328 928 1362 961 in
1399 928 1599 972 principum
1638 939 1782 962 suorum
1817 939 1964 961 numero

195 982 339 1023 ducunt,
366 981 495 1015 librum
523 981 738 1025 compluries
764 981 878 1015 denuo
906 981 1112 1022 ediderunt3
1143 992 1234 1024 quas
1261 981 1434 1015 editiones
1459 984 1717 1016 recensuerunt
1741 983 1809 1015 Ed.
1837 982 1966 1015 Prenss

194 1035 229 1068 in
256 1046 350 1068 nova
376 1035 530 1068 editione
560 1034 767 1077 „Examinis
795 1034 943 1068 Concilii
970 1034 1189 1068 T1·identini“
1224 1046 1244 1068 a
1272 1034 1472 1069 Chemnitio
1504 1035 1628 1080 scripti
1657 1035 1828 1079 (Berolini
1857 1034 1962 1078 1861)

195 1101 226 1133 p.
256 1089 323 1123 929
351 1090 387 1122 et
412 1089 459 1122 H.
487 1089 685 1132 Hac-lesem,
720 1088 855 1121 Martin
883 1087 1068 1121 Chemnitz
1099 1087 1261 1133 (Leipzig
1291 1088 1396 1131 1867)
1432 1100 1464 1133 p.
1495 1089 1571 1123 159.
1622 1089 1698 1132 Ego
1734 1088 1790 1122 hic
1824 1090 1965 1122 tantuin

194 1142 354 1176 nomino:
386 1141 622 1185 „Theologiae
641 1141 853 1175 Iesuitaruin
874 1142 1067 1185 praecipua
1086 1141 1215 1186 capita.
1233 1169 1239 1175 .
1257 1170 1262 1174 .
1281 1169 1287 1175 .
1315 1142 1498 1176 Annotata
1517 1142 1599 1175 olim
1614 1154 1677 1187 per
1696 1169 1702 1176 .
1719 1170 1725 1176 .
1743 1170 1749 1176 .
1769 1141 1965 1176 Martinum

196 1194 446 1229 Chemnitium.
589 1195 691 1228 Nunc
726 1206 811 1228 vero
840 1222 846 1228 .
872 1222 878 1228 .
907 1222 913 1228 .
941 1195 1126 1238 recognita
1161 1206 1268 1239 opera
1303 1196 1440 1229 Hele-iet
1478 1197 1625 1229 Gai-thiat
1660 1195 1720 1229 SS.
1747 1194 1964 1238 Theologiae

194 1248 358 1283 Doctoris
393 1250 429 1282 et
455 1247 590 1292 Ossatij
627 1248 662 1281 in
690 1248 834 1293 Mysnia
870 1247 1217 1292 Superattendentis.
1238 1276 1244 1282 .
1267 1276 1271 1281 .
1294 1276 1299 1282 .
1345 1249 1596 1291 Argentorati‘
1628 1249 1732 1293 [1601
1760 1248 1819 1282 vel
1847 1247 1962 1292 16021.

314 1339 364 1380 In
399 1340 549 1380 litteris
583 1340 868 1391 dedicatorits,
910 1339 1220 1394 „Brunsm‘gsaffl
1254 1341 1324 1380 27.
1359 1340 1564 1394 Ianuarij
1596 1374 1604 1381 .
1638 1341 1764 1380 Anno
1789 1339 1965 1380 Domini

196 1404 335 1446 1502“
373 1405 431 1446 (ad
463 1405 649 1445 Ioaclzim
681 1405 741 1446 H.
777 1406 986 1446 electorem
1021 1404 1459 1459 trandent)arpensem
1504 1405 1635 1458 (lam,
1684 1405 1965 1446 Cleemnitz'us:

196 1469 386 1520 Recens,
436 1471 591 1524 inquit,
636 1471 739 1510 ante
771 1483 856 1510 non
890 1469 1049 1511 multos
1082 1483 1230 1520 annos,
1267 1484 1292 1511 a
1323 1469 1518 1511 Romano
1551 1470 1781 1520 Pontifice,
1816 1471 1965 1511 creata

196 1537 263 1577 est
307 1548 421 1576 noua
465 1537 607 1582 secta,
654 1534 966 1584 Iesuuitaruin,
1012 1534 1093 1576 1100
1135 1534 1326 1580 consilio,
1374 1534 1474 1588 quia
1518 1534 1672 1588 reliqui
1713 1533 1963 1587 conductitij

195 1599 448 1642 Pontificiae
480 1599 760 1654 turpitudinis
792 1599 994 1649 Patroni,
1028 1599 1187 1653 partim
1221 1600 1274 1641 ob
1307 1600 1532 1642 literarum
1564 1599 1803 1650 inscitiam,
1836 1599 1879 1640 id
1911 1599 1966 1641 ad

195 1665 308 1718 quod
342 1664 542 1707 conducti
574 1667 688 1715 sunt,
722 1668 950 1719 praestare
992 1679 1077 1706 non
1108 1668 1312 1719 possunt,
1355 1665 1515 1719 partim
1558 1665 1803 1718 languidius
1835 1678 1965 1718 agere

194 1731 408 1781 uidentur,
442 1733 490 1772 ut
522 1729 564 1771 in
597 1744 755 1772 1101111111
788 1731 900 1772 1111110
924 1729 1116 1772 ordinem
1140 1734 1462 1784 cooptarentur,
1498 1731 1569 1784 qui
1599 1745 1624 1773 a
1646 1730 1796 1785 primis
1828 1729 1964 1779 annis,

196 1800 239 1840 et
272 1810 298 1838 a
329 1796 491 1838 teneris
525 1795 648 1848 quasi
680 1795 947 1848 unguiculis,
988 1796 1166 1837 calicem
1199 1796 1554 1847 abominationis,
1597 1797 1732 1850 Apoc.
1770 1797 1836 1838 17.
1869 1794 1966 1836 imis

195 1861 394 1904 medullis
427 1864 471 1903 et
513 1861 751 1903 uisceribus
783 1861 1063 1912 imbiberent,
1107 1863 1151 1903 et
1184 1864 1336 1915 postea
1368 1862 1634 1915 linguarum,
1678 1864 1722 1904 et
1754 1860 1966 1915 politioris

195 1927 473 1970 litteraturae
505 1925 756 1980 praesidijs,
797 1926 1027 1980 gloriosius
1061 1941 1189 1980 quam
1223 1926 1390 1978 uerius,
1424 1927 1647 1978 instructi,
1692 1926 1966 1969 Germaniam

196 1992 466 2047 potissimum
507 1992 786 2041 inuaderent‚
829 1991 865 2033 si
906 1992 1013 2034 haec
1054 1992 1203 2034 forsan
1246 2006 1359 2034 noua
1400 1992 1622 2034 Pontificis
1663 1995 1863 2034 creatura
1906 1990 1966 2044 (id

198 2058 310 2111 quod
343 2072 368 2099 a
400 2057 577 2110 reliquis
599 2057 811 2099 hactenus
833 2071 990 2110 magno
1024 2056 1196 2110 quidem
1219 2060 1390 2108 conatu,
1424 2058 1499 2099 sed
1532 2072 1617 2099 non
1638 2057 1732 2112 pari
1764 2070 1967 2099 successu

197 2125 415 2166 tentatum
457 2122 541 2176 est)
582 2125 732 2176 posset
766 2122 992 2164 Germanis
1037 2122 1101 2164 uel
1145 2137 1223 2176 per
1254 2123 1517 2177 Hypocrisin
1561 2123 1727 2177 eripere
1767 2122 1838 2164 uel
1875 2121 1966 2163 uio-

197 2188 332 2231 lentia
363 2187 478 2229 illius
502 2201 630 2241 quain
663 2187 742 2229 sibi
769 2187 1008 2230 insolenter
1029 2189 1211 2241 arrogat
1234 2187 1500 2239 eruditionis,
1535 2190 1795 2241 extorquere
1817 2201 1966 2229 ueram

198 2253 463 2307 agnitionem
496 2253 735 2295 uoluntatis
767 2252 848 2294 Dei
880 2252 924 2294 in
956 2252 1130 2306 scriptis
1164 2253 1434 2307 Propheticis
1472 2256 1516 2296 et
1548 2252 1811 2308 Apostolicis
1843 2254 1967 2307 pate-

198 2318 343 2360 factae
376 2318 459 2370 (ed.
491 2320 688 2373 princeps
717 2318 752 2371 f.
786 2320 903 2359 A3'‘.
969 2318 1176 2359 Gartlzt'zcs
1206 2319 1240 2371 f.
1276 2317 1385 2371 A5).

317 2416 393 2451 Has
419 2416 559 2451 litteras
577 2419 796 2460 sequuntur:
824 2421 950 2461 poe'ma
968 2428 1148 2460 graecum,
1176 2417 1269 2460 quod
1294 2418 1364 2459 ,εἷς
1382 2418 1463 2455 τοὺς
1481 2419 1543 2450 τοῦ
1557 2415 1726 2458 Ἡυμαίου
1744 2414 1968 2461 Ἀντιχριστοῦ

200 2471 433 2509 νεοπλαστοὼς
458 2472 681 2514 συκοφάντας
697 2470 988 2514 &sedive-ousta&
1013 2470 1212 2514 composuit
1235 2468 1412 2514 „liudpeag
1438 2472 1456 2503 ὁ
1476 2471 1667 2515 πωυχένιος
1685 2469 1968 2515 γαρὸελεβιεύς“,

199 2526 234 2558 01
265 2524 323 2566 „In
350 2523 504 2558 Iesvitas
531 2523 885 2568 Hendecasyllabvm
911 2523 1081 2557 Ioachimi
1107 2523 1302 2557 Lonemani
1329 2522 1673 2565 Soltuuedelensis⁴⁴‚
1704 2523 1797 2567 quod
1823 2521 1967 2568 incipit:

701 2599 844 2644 „vaer
870 2598 1041 2633 Romuleo
1067 2600 1148 2633 sata
1173 2598 1397 2632 Antichristo
1424 2600 1480 2632 est

699 2653 812 2687 Credo
838 2652 1029 2687 concubitu
1055 2652 1180 2695 nigrae
1208 2652 1409 2686 chimaerae

697 2706 801 2740 Vana
826 2708 926 2740 secta
950 2708 1094 2739 tumens
1120 2705 1303 2750 opinione:

700 2758 798 2801 Quae
825 2760 909 2793 dum
934 2771 974 2793 se
1003 2758 1152 2803 (scelus)
1181 2758 1363 2792 aemulare
1391 2758 1536 2792 IESVM

699 2812 884 2854 Mentitur,
910 2815 1018 2847 uocat
1043 2812 1197 2856 hincque
1223 2811 1396 2846 Iesvitas“
1427 2814 1494 2846 etc.

321 2906 503 2947 Iesuc'tae
534 2907 665 2960 iqitur
699 2906 760 2946 illi
791 2906 935 2960 quale-s
968 2909 1113 2957 essent,
1149 2903 1407 2944 Clzeimzitius
1438 2904 1672 2945 Germanos
1706 2903 1871 2945 edocere
1903 2904 1966 2944 in-

204 2971 348 3013 stituit.
391 2973 449 3013 At
480 2972 568 3026 ipse
589 2985 641 3012 ne
663 2971 924 3012 intelleoeerat
956 2970 1137 3025 quidem,
1171 2982 1196 3008 (ι
1220 2982 1311 3022 quo,
1346 2969 1529 3024 quando,
1562 2969 1634 3009 ubi
1657 2969 1840 3010 Societas
1872 2982 1967 3010 con-

205 3036 296 3076 dita
331 3041 454 3077 esset:
494 3034 641 3077 Prima
674 3035 794 3088 origo
836 3034 897 3076 sic
929 3048 976 3076 se
1006 3034 1160 3083 habet,
1201 3032 1415 3075 Iohannes
1448 3033 1603 3075 Petrus
1635 3033 1853 3087 Carapha,
1896 3032 1968 3086 qui

204 3102 357 3152 postea
403 3100 664 3150 Cardinalis,
717 3103 762 3142 et
801 3099 977 3142 tandem
1020 3099 1145 3148 Anno
1184 3096 1356 3140 Domini
1397 3099 1523 3140 1555.
1566 3097 1770 3140 Pontifex
1810 3098 1966 3148 factus,

205 3163 364 3206 Paulus
396 3164 584 3214 Quartus
617 3164 757 3207 dictus
790 3168 870 3215 est,
904 3166 1069 3206 sectam
1101 3163 1213 3205 hanc
1236 3162 1486 3217 priusquam
1520 3162 1574 3204 ad
1606 3162 1830 3216 fastigium
1861 3162 1968 3204 illud
