2093 3444
87 169 166 204 556.
194 168 279 203 Can.
308 168 356 202 Io.
386 167 513 201 Frane.
542 166 818 201 Commendono.
856 165 948 209 Aug.
976 163 1082 198 Vind.
1111 165 1192 208 post
1217 163 1308 196 med.
1336 174 1383 196 m.
1410 163 1547 197 Maium
1570 163 1670 198 1561.
1735 165 1816 206 145

38 285 167 328 facile
200 283 456 335 consentiet,
490 286 539 326 ut
571 286 703 326 antea
733 285 926 326 testatus
959 285 1038 333 est,
1080 295 1176 323 cum
1208 280 1473 335 praeiudicio
1506 280 1820 323 Vniuersitatis

39 349 300 393 Viennensis
331 349 375 391 in
409 349 560 391 eadem
584 349 771 392 Ciuitate
803 362 961 390 nouam
995 346 1118 401 quasi
1140 345 1484 389 Vniuersitatem
1519 345 1640 398 erigi,
1674 345 1820 399 Atque

39 418 88 458 ut
119 414 310 457 maxime
343 413 601 464 consentiat,
635 428 721 456 non
752 414 962 455 habemus
995 412 1146 467 opinor
1174 412 1256 453 hoc
1288 412 1484 464 tempore
1517 410 1694 452 idoneos
1726 414 1820 453 tum

39 480 319 523 Professores
358 482 452 522 tum
492 479 772 521 Promotores
804 479 1025 529 Viennae,
1068 477 1141 531 qui
1179 491 1257 531 pro
1298 476 1534 530 dignitate,
1576 475 1822 517 huiusmodi

40 546 203 600 gradus
246 545 444 588 conferre
477 548 521 587 et
561 545 781 598 integrum
813 543 1118 598 Philosophiae
1161 556 1334 585 cursum
1377 541 1604 584 absoluere
1638 541 1819 595 possint.

40 612 204 665 Jtaque
252 625 347 653 cum
391 610 438 652 P.
481 610 661 664 Lanoyo
706 623 877 664 semper
923 609 1027 651 mihi
1074 607 1330 663 perdifficile
1378 607 1518 649 uisum
1567 609 1658 657 est,
1709 607 1822 659 quod

42 677 89 720 P.
123 675 320 719 Victoria
360 677 593 730 tantopere
633 675 830 725 molitur,
874 678 922 718 ut
963 674 1147 718 studiosi
1188 673 1362 715 scholae
1403 675 1581 714 nostrae
1624 686 1710 713 non
1742 672 1822 713 ali-

44 756 152 796 quas
183 741 228 783 in
259 741 497 784 Academia
529 741 738 784 lectiones
771 740 976 790 audiant,
1020 740 1057 782 si
1088 739 1227 782 uelint
1258 753 1345 780 una
1387 753 1485 780 cum
1527 737 1624 791 alijs
1666 737 1710 778 in
1752 751 1824 779 ar-

43 808 160 851 tibus
192 807 475 861 Baccalaurej
509 808 554 848 et
585 806 787 860 Magistrj
821 805 1081 860 promouerj.
1133 805 1217 847 Sed
1248 803 1453 846 iudicium
1485 803 1535 846 R.
1571 803 1619 845 T.
1654 803 1822 844 saluum

0 895 1 931 }
46 887 141 916 esse
172 873 286 915 uolo.

999 930 1160 972 Seruus
1192 929 1236 970 in
1268 928 1439 971 Christo
1472 928 1518 971 P.
1554 927 1763 970 Canisius.

922 1037 949 1086 †

168 1132 223 1174 Al
267 1132 402 1174 molto
445 1130 702 1173 Reuerendo
746 1129 789 1171 in
832 1129 1003 1171 Christo
1044 1128 1187 1170 Padre
1230 1128 1315 1170 mio
1359 1127 1405 1169 Jl
1445 1127 1588 1170 Padre
1631 1127 1825 1169 Maestro

50 1197 254 1240 Giacomo
300 1197 497 1251 Laynez,
552 1195 810 1250 Praeposito
858 1194 1065 1248 generale
1111 1194 1224 1236 della
1269 1193 1538 1247 Compagnia
1582 1192 1624 1234 di
1670 1192 1825 1235 JESV.

48 1263 106 1306 Jn
138 1263 291 1306 Roma.

170 1350 318 1386 Lainius
345 1349 488 1385 Canisio
515 1361 578 1394 per
603 1348 800 1383 Polancum
827 1348 967 1382 duabus
993 1347 1158 1392 epistulis
1185 1347 1240 1381 24.
1268 1346 1354 1380 Maii
1383 1346 1471 1380 1561
1501 1346 1595 1380 datis
1630 1346 1827 1391 rescripsit.

876 1507 1006 1549 556.

792 1609 1090 1657 CANISIUS

308 1721 571 1765 IOANNI
601 1719 1013 1763 FRANCISCO
1049 1718 1572 1772 CGMMENDONQ

385 1809 552 1854 episcopo
578 1807 780 1853 Zacynthi¹
808 1809 843 1841 et
869 1807 1051 1852 pontificis
1078 1806 1114 1840 in
1141 1806 1336 1842 Germania
1361 1807 1498 1840 nuntio.

354 1902 524 1949 Augusta
550 1900 826 1938 Vindelicorum
853 1902 936 1948 post
962 1899 1119 1936 medium
1146 1910 1193 1936 m.
1219 1899 1352 1935 Maium
1379 1909 1412 1935 a.
1438 1897 1526 1934 1561.

172 1991 229 2026 Ex
255 1994 372 2026 Alteri
397 1991 553 2037 epistula
579 1990 816 2036 autographa.
868 1989 952 2025 Cod.
980 1989 1093 2024 colon.
1124 1989 1234 2034 „Epp.
1262 1989 1306 2023 ad
1332 1989 1437 2024 Kess.
1465 1990 1511 2023 Ι.“ι
1542 1990 1568 2024 f.
1595 1990 1673 2024 992.

172 2088 223 2130 P.
241 2088 494 2130 Lambertus
511 2089 632 2129 Auer
653 2088 697 2130 S.
717 2087 774 2141 J„
802 2087 1100 2129 Commendoni
1122 2086 1165 2127 in
1194 2086 1397 2141 leyatione
1415 2087 1662 2139 yermmzica
1686 2099 1829 2138 comes,

53 2153 288 2208 Antverpia
312 2155 351 2196 6.
374 2152 496 2195 Iunii
519 2155 631 2195 1561
660 2153 871 2194 Coloniam
897 2152 957 2193 ad
979 2152 1027 2194 P.
1051 2151 1328 2192 Leonardum
1351 2151 1500 2192 Kessel
1522 2151 1635 2204 haec,
1659 2155 1832 2205 praeter

54 2219 166 2272 alia,
211 2220 404 2274 scripsit:
449 2219 608 2272 „Pater
650 2218 853 2260 Canisius
890 2218 1041 2272 paucis
1081 2215 1233 2257 abhinc
1275 2216 1422 2257 diebus
1460 2216 1831 2257 Reuerendissimo

55 2283 216 2325 Nuntio
248 2285 439 2340 scripsit,
473 2285 661 2326 miratur
690 2285 729 2325 is
761 2284 808 2325 iii
839 2283 986 2336 literis,
1020 2296 1156 2324 meum
1182 2286 1433 2337 perpetuam
1465 2282 1674 2322 silentium
1688 2297 1705 2334 ;
1741 2281 1831 2335 Eyo

54 2350 182 2391 multo
213 2351 350 2405 maguis
388 2350 461 2391 hoc
491 2351 626 2391 miror
657 2351 796 2405 ipsum
829 2347 1032 2400 scribere,
1076 2347 1188 2402 qaod
1225 2348 1357 2389 sciam
1395 2361 1458 2388 me
1485 2348 1633 2401 plures
1675 2347 1734 2387 ad
1767 2347 1830 2388 di-

55 2429 183 2457 uersa
223 2416 313 2457 loca
354 2416 500 2456 literas
532 2416 577 2457 V.
611 2415 663 2456 R.
698 2413 932 2456 tradidisse
971 2413 1211 2454 mittendas.
1253 2426 1385 2467 neque
1428 2411 1571 2453 dubito
1613 2413 1715 2467 quin
1759 2418 1832 2454 aut

55 2481 143 2522 iam
176 2481 341 2522 dudum
372 2495 512 2522 omnes
543 2481 718 2534 miserit,
754 2483 828 2520 aut
853 2479 1001 2533 prima
1033 2478 1247 2520 occasione
1279 2476 1446 2519 mittet.“

176 2566 346 2601 Fortasse
371 2566 462 2601 haec
489 2566 644 2611 epistula
671 2568 725 2600 est
752 2565 877 2600 eadem
904 2566 1013 2609 atque
1039 2564 1112 2607 illa,
1140 2565 1183 2599 de
1209 2576 1280 2609 qua
1305 2564 1410 2605 infra,
1437 2576 1470 2610 p.
1501 2565 1579 2606 157,
1606 2564 1755 2599 dicetur.

58 2736 232 2771 cardinali
270 2738 473 2780 augustano
511 2735 676 2770 conditae
713 2734 820 2769 huius
856 2735 987 2777 rogatu
1025 2735 1061 2768 et
1095 2733 1208 2768 lulius
1242 2734 1306 2768 III.
1344 2734 1509 2779 pontifex
1546 2734 1679 2768 litteris
1717 2733 1831 2767 Roma

59 2790 91 2825 6.
117 2789 254 2835 Aprilis
282 2789 369 2824 1551
408 2789 502 2823 datis
538 2789 769 2823 concesserat
795 2789 831 2821 et
857 2787 1008 2822 Carolus
1033 2786 1076 2822 V.
1114 2798 1239 2822 caesar
1272 2787 1407 2822 litteris
1443 2787 1625 2822 Bruxellis
1655 2787 1711 2821 30.
1738 2786 1831 2820 Iunii

60 2843 152 2878 1553
171 2843 266 2877 datis
283 2842 561 2876 confirmaverat
581 2841 738 2886 (Braan,
755 2840 925 2875 Bischofe
942 2852 1013 2874 von
1023 2840 1222 2885 Augsburg
1235 2841 1297 2882 III,
1315 2841 1515 2876 411—412.
1556 2842 1676 2875 Thom.
1693 2840 1830 2883 Specht,

58 2896 126 2931 Die
151 2896 374 2940 Privilegien
399 2896 462 2930 der
487 2895 713 2938 ehemaligen
739 2894 967 2929 Universitat
991 2893 1187 2938 Dillingen,
1221 2894 1259 2928 in
1289 2893 1606 2937 „Jahres-Bericht
1631 2893 1694 2927 des
1720 2893 1830 2927 histo—

58 2949 204 2985 rischen
228 2949 382 2984 Vereins
407 2949 610 2992 Dillingen“
642 2948 729 2983 VIII
756 2947 953 2992 [Dillingen
982 2947 1097 2992 1896]‚
1125 2947 1247 2991 2—3).

182 3004 193 3024 ¹
219 3002 505 3037 Commendonus
528 3001 662 3036 litteris
680 3001 910 3046 Aquisgrano
938 3001 968 3035 1.
992 3000 1084 3035 Iunii
1113 3001 1202 3036 1561
1231 3001 1276 3036 ad
1302 3001 1568 3036 Ferdinandum
1593 2999 1619 3033 Ι.
1647 3010 1831 3033 caesarem

61 3056 155 3091 datis
180 3056 258 3102 ipse
275 3055 508 3101 subscripsit:
541 3056 719 3098 „joannes
737 3054 952 3089 Franciscus
978 3054 1167 3100 episcopus
1184 3054 1460 3100 Zaeynthiensis
1485 3053 1651 3087 nuntius“
1686 3051 1830 3096 (sichel,

61 3109 187 3144 'I'rient
221 3121 254 3154 p.
280 3109 380 3154 200).
432 3108 549 3151 Quare
584 3107 835 3151 corrigendum
870 3109 945 3149 est,
984 3108 1078 3151 quod
1117 3109 1204 3143 Cari.
1231 3108 1322 3154 Epp.
1349 3108 1402 3150 II,
1439 3107 1529 3141 772⁴
1564 3105 1711 3150 scripsi:
1749 3116 1830 3139 eum

61 3162 157 3197 hunc
183 3163 431 3208 episcopatum
459 3161 600 3206 (Zante)
629 3173 661 3196 a.
690 3160 782 3195 1560
808 3159 998 3195 dimisisse.

131 3227 154 3252 B
163 3233 179 3251 r
188 3234 231 3252 au
239 3234 259 3252 n
269 3227 308 3252 sb
316 3233 332 3252 e
341 3234 356 3251 r
364 3234 382 3258 g
390 3234 427 3252 er
435 3245 442 3257 ,
462 3227 573 3252 canisii
585 3226 745 3257 Epistulae
758 3226 789 3250 et
802 3226 886 3250 Acta.
909 3225 963 3250 111.
1510 3221 1554 3252 10
