2093 3444
695 184 866 219 Tridento
893 186 949 220 25.
976 185 1064 220 Maii
1093 186 1196 221 1562.
1748 191 1833 231 449

58 303 285 344 hementer
324 304 477 344 auctos
517 301 690 355 mitiget
732 302 949 354 Christus,
994 305 1037 345 et
1080 304 1305 345 confirmet
1346 303 1583 345 catholicos
1624 304 1668 346 in
1709 306 1835 358 graui

58 366 387 422 perturbatione
403 368 432 410 ¹.

177 438 278 480 Non
321 440 540 492 repetam,
590 452 701 491 quae
745 439 929 482 sollicite
977 439 1129 494 scripsi
1176 439 1229 481 de
1274 439 1498 482 mittendis
1543 440 1833 495 Oenipontum

58 503 281 558 operarijs,
317 517 423 557 quos
456 503 622 546 utinam
655 504 777 545 breui
809 505 955 546 saluos
988 504 1268 558 excipiamus.
1324 504 1478 558 Neque
1511 506 1652 547 dicam
1685 507 1737 548 de
1769 507 1836 548 in-

59 568 282 612 stituenda
324 568 599 619 uisitatione,
646 583 756 622 quae
798 584 854 611 ex
895 569 1091 612 Romano
1136 584 1345 624 responso
1387 571 1569 624 pendet,
1611 573 1660 613 ut
1705 586 1836 626 saepe

58 634 204 676 monui
220 635 249 676 2.
314 633 424 684 Quid
457 648 537 687 ego
571 634 766 677 Tridenti
800 649 952 688 agam,
994 635 1108 688 quod
1140 635 1287 688 magni
1320 635 1492 689 quidem
1525 636 1582 678 sit
1613 637 1835 688 momenti,

58 699 217 742 nescio.
262 699 566 742 Adhibuerunt
597 713 665 741 me
691 699 847 742 Patres
879 699 1192 754 Episcoporum
1225 702 1269 742 et
1292 700 1613 755 Theologorum
1646 716 1837 755 quorun-

59 765 158 806 dam
182 764 524 818 congregationi,
559 765 713 818 quibus
746 765 851 807 data
884 779 987 806 cura
1020 768 1088 808 est
1108 765 1326 807 iudicandi
1360 769 1403 809 et
1425 766 1690 809 reformandi
1722 768 1840 810 illius

0 868 1 872 ,
57 828 284 885 indi[cis]‘²
325 844 452 884 quem
495 830 547 872 de
579 830 700 872 libris
732 830 912 884 impuris
946 830 1142 872 Romana
1182 831 1316 874 edidit
1356 831 1577 885 inquisitio
1594 833 1622 875 3.
1688 833 1839 876 Vtitur

59 897 104 938 et
135 909 233 938 mea
266 909 399 950 opera
438 910 747 948 nonnunquam
780 894 1144 950 Archiepiscopus
1185 910 1324 938 nouus
1364 897 1606 951 pragensis.
1671 898 1838 941 Bonam

57 974 163 1003 uero
210 960 420 1015 temporis
462 963 633 1015 partem
682 961 825 1003 tribuo
870 961 1175 1003 Jllustrissimo
1220 962 1272 1004 D.
1315 962 1533 1005 Cardinali
1574 963 1838 1006 Warmiensi

59 1040 156 1080 quo,
190 1028 240 1068 ut
271 1026 438 1081 scripsi,
476 1029 577 1069 utor
608 1026 884 1068 familiariter
916 1029 960 1069 et
993 1026 1064 1080 qui
1096 1041 1165 1069 me
1196 1027 1462 1081 perbenigne
1493 1031 1671 1072 tractat.
1737 1029 1838 1071 Cre-

59 1091 241 1134 diderim
273 1106 359 1134 non
391 1105 486 1134 esse
519 1092 787 1142 consultum,
830 1105 899 1134 me
930 1091 1000 1133 hic
1033 1092 1194 1135 diutius
1234 1093 1416 1144 morari,
1461 1093 1565 1136 sedb
1607 1095 1839 1136 conuenire

59 1157 163 1199 mihi
194 1156 340 1212 potius
362 1171 548 1199 messem
573 1157 886 1208 Germanicam,
921 1157 976 1199 ad
999 1172 1128 1211 quam
1154 1157 1325 1200 facilius
1348 1158 1480 1200 etiam
1502 1159 1644 1201 redire
1675 1160 1836 1211 licebit,

60 1222 97 1264 si
129 1222 370 1265 Cardinalis
401 1222 688 1276 Augustanus
730 1223 1038 1273 admoneatur,
1080 1225 1130 1265 ut
1162 1223 1251 1265 suis
1290 1223 1430 1266 literis
1471 1225 1527 1266 ad
1565 1225 1838 1267 Cardinalem

60 1288 381 1330 Warmiensem
424 1288 538 1331 datis
579 1302 648 1330 me
689 1288 883 1343 postulet
924 1288 1098 1330 restitui
1132 1288 1389 1330 Germaniae
1405 1290 1434 1332 4.
1499 1290 1620 1340 Quod
1661 1294 1711 1333 ut
1752 1291 1837 1333 cito

60 1354 139 1396 fiat
171 1353 322 1404 uelim,
357 1357 490 1407 atque
520 1353 681 1395 idcirco
715 1354 847 1396 etiam
882 1367 990 1408 opus
1023 1368 1117 1396 esse
1149 1357 1277 1408 puto,
1317 1357 1365 1397 ut
1398 1355 1534 1396 adsim
1566 1355 1610 1397 in
1641 1358 1838 1410 tempore

61 1419 244 1470 nostris,
288 1421 333 1461 et
365 1419 695 1473 Oenipontanae
737 1419 924 1462 scholae.
989 1419 1142 1472 Neque
1185 1419 1332 1462 dubito
1377 1420 1479 1473 quin
1511 1421 1563 1464 D.
1597 1421 1837 1473 Salmeron,

62 1499 159 1527 cum
190 1485 274 1527 huc
306 1484 489 1536 uenerit,
522 1484 566 1526 in
600 1485 749 1526 eadem
785 1484 842 1527 sit
865 1499 1032 1527 mecum
1065 1485 1238 1526 futurus
1261 1485 1493 1529 sententia.
1537 1487 1621 1529 Sed
1652 1487 1840 1529 libenter

60 1550 170 1592 haec
201 1550 363 1601 scribo,
406 1552 456 1593 ut
487 1549 603 1592 norit
634 1550 685 1593 R.
720 1550 768 1593 T.
804 1551 1016 1603 quomodo
1060 1550 1118 1593 sit
1148 1550 1277 1593 isthic
1309 1551 1565 1594 tractandus
1598 1552 1839 1595 Cardinalis

182 1680 195 1694 a
225 1674 403 1717 Quicquid
427 1675 467 1707 in
493 1674 560 1707 hac
587 1674 738 1717 epistula
763 1675 867 1708 uncis
893 1674 1084 1717 quadratis
1121 1675 1297 1707 inclusum
1333 1676 1514 1719 cernitur,
1552 1677 1589 1708 ἱη
1615 1677 1691 1719 ipso
1717 1677 1838 1709 arche-

0 1749 3 1753 ·
62 1732 145 1771 typo
172 1728 273 1761 deest.
373 1727 388 1747 b
414 1728 458 1760 In
485 1728 584 1761 arch.
611 1729 772 1771 sequitur
798 1726 928 1771 relicti,
956 1728 1204 1761 oblitteratum.

185 1839 194 1859 ¹
220 1838 355 1873 Notum
373 1841 439 1881 est,
467 1839 706 1883 Hugonottos,
733 1850 950 1883 quamquam
974 1839 1036 1880 eis,
1064 1841 1103 1872 ut
1122 1840 1225 1872 extra
1243 1839 1350 1873 urbes
1369 1839 1671 1882 contionarentur,
1704 1842 1839 1883 „edicto

62 1892 242 1926 ianuario“
276 1891 347 1936 (17.
367 1892 524 1927 Ianuarii
547 1892 654 1936 1562)
683 1904 893 1927 concessum
920 1895 1007 1934 erat,
1035 1903 1066 1926 a.
1088 1892 1178 1926 1562
1206 1894 1330 1927 contra
1348 1893 1545 1928 catholicos
1563 1906 1664 1928 arma
1690 1895 1839 1940 cepisse,

62 1945 230 1991 sepulcra
256 1947 292 1980 et
318 1946 510 1988 ecclesias,
538 1946 695 1980 maxime
721 1946 758 1980 in
785 1945 904 1981 Gallia
929 1945 1174 1988 meridionali,
1212 1948 1401 1988 vastasse,
1436 1947 1473 1980 in
1499 1947 1629 1982 altaria
1655 1950 1691 1982 et
1716 1960 1839 1984 sacras

63 1999 240 2043 imagines
267 2001 376 2043 atque
402 2000 439 2033 in
464 1999 582 2045 ipsam
608 1999 878 2034 sanctissimam
904 1999 1173 2034 Eucharistiam
1199 1999 1381 2042 saevisse,
1420 2000 1554 2036 multos
1580 2001 1777 2037 catholicos
1803 2003 1839 2037 in

62 2052 208 2087 vincula
235 2052 451 2094 coniecisse,
487 2053 695 2093 mutilasse,
732 2053 906 2087 occidisse
937 2053 1165 2097 (Raynaldus
1190 2052 1212 2087 1.
1241 2065 1270 2087 c.
1298 2053 1334 2087 in
1371 2065 1400 2087 a.
1432 2054 1542 2097 1562,
1568 2067 1603 2089 n.
1633 2056 1839 2098 128—181;

62 2107 135 2141 Iac.
163 2108 255 2150 Auq.
287 2107 471 2152 Thuamcs,
496 2106 741 2141 Historiarum
767 2107 823 2140 sui
848 2106 1022 2151 temporis
1047 2106 1070 2140 l.
1098 2106 1161 2147 29;
1200 2107 1316 2140 Lam.
1346 2107 1480 2141 Sam-ms
1507 2107 1548 2142 O.
1576 2108 1709 2151 Carth.⁷
1738 2108 1838 2144 Com-

62 2159 260 2194 mentarius
286 2159 409 2194 brevis
435 2172 556 2194 rerum
581 2160 618 2195 in
645 2160 729 2194 orbe
757 2162 945 2204 gestarum
973 2159 1157 2204 [Coloniae
1186 2159 1291 2204 1586]
1318 2172 1351 2205 p.
1380 2160 1599 2205 571—586).

185 2213 199 2234 ²
224 2213 316 2248 Vide
342 2225 453 2259 supra
478 2226 512 2259 p.
542 2214 620 2249 391.
649 2214 730 2248 443.

184 2267 196 2287 ³
224 2266 313 2301 Cum
340 2266 530 2302 concilium
565 2267 602 2302 in
628 2267 660 2302 2.
691 2267 778 2311 (18.)
809 2266 969 2301 sessione
996 2267 1051 2300 26.
1079 2266 1265 2300 Februarii
1294 2267 1384 2301 1562
1420 2267 1545 2302 habita
1581 2269 1838 2312 constituisset,

62 2323 104 2355 ut
133 2320 301 2363 „delecti“
325 2332 346 2355 a
364 2321 506 2356 conc-ilii
524 2321 657 2365 legatis
688 2321 865 2366 „patres‘,
893 2320 936 2354 de
960 2319 1092 2363 „libris‚
1120 2321 1250 2364 quibus
1277 2321 1439 2355 doctrina
1457 2321 1599 2366 impura
1625 2322 1839 2365 continetur,

64 2375 100 2408 et
125 2374 241 2418 longe,
267 2374 414 2419 lateque
440 2374 687 2416 diffunditur“,
714 2377 751 2409 et
777 2375 819 2408 de
851 2374 1033 2416 „censuris
1058 2373 1096 2408 in
1121 2374 1234 2408 variis
1260 2374 1471 2419 provinciis,
1500 2377 1536 2409 et
1562 2375 1776 2420 praesertim
1802 2377 1839 2411 in

65 2427 160 2463 alma
185 2428 273 2462 urbe
298 2427 431 2462 Roma“
463 2427 498 2472 [a
524 2440 627 2463 sacra
662 2427 894 2473 inquisitione
920 2427 1025 2461 Pauli
1051 2427 1112 2462 IV.
1140 2428 1241 2462 iussu
1275 2428 1369 2462 inter
1405 2439 1436 2462 a.
1465 2428 1555 2463 1557
1584 2431 1620 2463 et
1647 2429 1751 2475 1559]
1780 2431 1839 2464 ad-

63 2493 194 2516 versus
220 2493 281 2516 eos
311 2481 473 2524 „editis“,
505 2482 611 2526 „quid
638 2481 734 2516 facto
762 2492 851 2526 opus
879 2482 996 2522 esset,
1035 2480 1227 2525 diligenter
1254 2481 1543 2516 considerarent“
1574 2485 1611 2517 et
1640 2494 1724 2525 „suo
1750 2486 1840 2518 tem-

63 2535 168 2580 pore¹‘
199 2535 244 2569 ad
270 2535 461 2570 concilium
491 2535 730 2578 „referrent“:
756 2535 780 2569 4
805 2534 1076 2580 archiepiscopi,
1104 2535 1124 2569 9
1152 2535 1322 2580 episcopi,
1349 2535 1530 2570 Minorum
1557 2535 1839 2571 Observantium

65 2590 102 2622 et
126 2587 367 2623 Eremitarum
395 2588 428 2623 S.
456 2589 654 2633 Augustini
680 2588 838 2633 supremi
864 2588 1120 2630 moderatores,
1147 2588 1258 2623 abbas
1285 2588 1431 2633 quidam
1456 2588 1707 2624 benedictinus
1724 2610 1765 2614 —-
1788 2591 1839 2625 ita

65 2641 210 2687 quidem
235 2643 384 2686 Reusch,
410 2643 525 2677 Index
550 2643 576 2685 I,
605 2642 792 2676 312-318
821 2662 864 2666 —
892 2642 936 2676 ad
962 2642 997 2675 id
1025 2641 1155 2676 delecti
1182 2644 1302 2683 erant;
1330 2642 1400 2686 qui,
1429 2654 1580 2687 quorum
1604 2642 1693 2688 ipsis
1719 2645 1839 2679 visum

65 2696 172 2738 esset,
198 2695 448 2739 theologorum
479 2696 692 2738 „minorun1“
725 2706 871 2740 operam
888 2694 1112 2730 adhiberent.
1154 2695 1275 2740 Atque
1293 2695 1330 2729 in
1356 2696 1484 2730 horum
1509 2698 1654 2741 patrum
1678 2709 1838 2740 numero,

65 2750 102 2783 et
126 2748 259 2793 legatis
285 2751 322 2784 et
347 2760 496 2784 caesare
522 2749 739 2789 volentibus,
767 2748 876 2782 etiam
907 2748 1087 2783 Antonius
1112 2748 1206 2783 Brus
1232 2761 1253 2783 a
1278 2749 1442 2792 Muglitz,
1470 2749 1604 2785 ordinis
1631 2749 1839 2794 crucigero-

64 2814 155 2844 rum‚
182 2802 475 2849 archiepiscopus
501 2803 690 2848 pragensis
717 2803 752 2835 et
779 2801 937 2836 caesaris
963 2802 1100 2847 primus
1127 2802 1172 2837 ad
1198 2802 1388 2837 concilium
1413 2802 1578 2847 legatus,
1613 2803 1840 2839 referebatur

67 2856 212 2901 (Sickel,
238 2856 363 2891 Trient
389 2869 422 2902 p.
449 2856 674 2899 271-272);
701 2855 887 2889 secretarii
912 2867 1043 2889 munus
1068 2855 1284 2890 Franciscus
1310 2855 1478 2890 Forerius
1506 2856 1682 2901 (Foreiro)
1712 2857 1753 2892 O.
1778 2858 1838 2893 Pr.

63 2909 244 2944 lusitanus
262 2909 550 2944 administrabat.
585 2910 678 2943 Brus
697 2909 867 2943 Tridento
886 2908 940 2943 28.
960 2909 1097 2953 Aprilis
1119 2909 1208 2943 1562
1227 2909 1254 2943 F
1258 2909 1451 2943 erdinando
1470 2909 1496 2944 I.
1516 2911 1654 2945 caesari
1671 2911 1838 2956 scripsit:

71 2963 197 3008 „Apud
222 2974 280 2997 me
313 2964 351 2997 in
376 2963 525 2998 aedibus
559 2963 650 2996 meis
676 2974 785 3007 saepe
812 2962 1110 3006 congregationes
1146 2962 1238 2997 fiunt
1263 2974 1386 2997 eorum
1411 2965 1574 3008 patrum,
1611 2964 1672 3008 qui
1697 2976 1839 3000 mecum

67 3017 111 3051 ad
145 3016 300 3051 indicem
325 3016 526 3051 Romanum
561 3016 794 3050 revidendum
831 3017 866 3049 et
901 3016 1157 3050 moderandum
1193 3016 1356 3061 deputati
1390 3017 1492 3051 sunt“
1527 3016 1678 3062 (Sickel,
1714 3017 1840 3053 Trient

67 3082 101 3115 p.
128 3070 226 3113 294).

186 3124 199 3143 4
226 3123 428 3157 Cardinalis
445 3122 646 3157 Truchsess
673 3121 916 3167 compluribus
941 3121 1074 3157 litteris
1099 3122 1194 3157 hanc
1218 3123 1484 3158 restitutionem
1511 3123 1556 3158 ab
1578 3123 1690 3159 Hosio
1716 3127 1838 3170 postu—

67 3175 178 3217 lavit;
204 3176 287 3210 vide
313 3177 419 3216 infra,
445 3187 601 3210 monum.
629 3176 708 3210 360.
736 3175 816 3210 364.
844 3176 924 3210 366.

137 3241 161 3265 B
169 3247 185 3265 r
194 3247 237 3265 au
245 3248 266 3265 n
275 3241 314 3265 sb
323 3247 338 3265 e
348 3248 362 3265 r
371 3248 388 3272 g
396 3247 412 3265 e
420 3248 434 3265 r
442 3260 448 3269 ,
469 3241 579 3265 Canisii
593 3240 752 3271 Epistulae
766 3242 796 3265 et
810 3242 893 3266 Acta.
917 3241 970 3265 111.
1517 3240 1560 3271 29
