2093 3444
261 160 429 203 Augusta
454 158 723 193 Vindelicorum
748 171 795 194 m.
822 159 1017 195 Novembri
1046 159 1218 204 (ineunte,
1245 161 1286 193 ut
1310 159 1469 204 videtur)
1498 172 1530 195 a.
1560 161 1661 195 1561.
1761 164 1844 204 279

74 280 119 321 et
149 277 505 332 perspicuitatem
539 291 687 319 eorum
720 292 830 331 quae
863 279 1121 329 scribuntur,
1155 278 1423 332 perpendere
1456 278 1602 321 libeat.
1650 279 1846 322 Secundo

72 343 182 385 libro
216 343 374 384 dantur
396 341 607 396 epistolae
640 342 878 395 grauiores,
914 358 1024 397 quae
1046 343 1257 398 prolixius
1281 346 1324 386 et
1354 344 1599 386 accuratius
1633 345 1685 386 de
1718 345 1846 386 rebus

74 407 223 461 magni
266 407 474 450 momenti
519 407 758 450 disserunt:
804 408 886 450 Hic
928 408 1106 450 mirifice
1148 408 1276 451 docet
1317 408 1610 463 Hieronymus
1652 409 1846 461 clericos,

74 473 331 524 monachos,
374 472 564 527 puellas,
601 472 816 526 virgines,
859 473 1035 523 viduas,
1078 476 1324 525 matronas,
1368 476 1412 515 et
1453 473 1591 515 omnis
1622 474 1714 516 fere
1747 489 1848 516 con-

76 538 271 589 ditionis,
314 552 446 579 sexus
488 540 532 580 et
565 537 725 580 aetatis
758 537 1047 587 Christianos,
1090 538 1291 580 nimirum
1323 539 1448 581 Pauli
1488 539 1628 581 instar
1670 540 1849 582 omnia

74 603 264 646 factus
307 603 578 653 omnibus,
624 606 681 645 vt
723 617 908 645 omnes
949 603 991 645 in
1025 604 1194 646 Christo
1229 604 1610 647 lucrifaciatl.
1674 604 1849 647 Tertius

75 683 204 724 porro
247 668 357 710 liber
400 668 605 711 historias
651 668 864 719 continet,
913 670 1198 724 exemplaque
1238 670 1467 724 praeclara
1508 672 1759 712 sanctorum
1805 673 1850 713 et

76 737 325 776 sanctarum
359 733 571 782 ostendit,
606 733 647 775 in
682 733 835 787 quibus
867 734 1062 787 legendis
1094 735 1243 776 varius
1276 738 1343 778 est
1374 735 1565 786 fructus,
1609 738 1653 778 et
1694 737 1849 777 sancta

77 800 289 853 quaedam
322 799 556 842 oblectatio
573 800 601 843 2.
666 798 837 841 Alicubi
870 800 1080 852 quaedam
1114 800 1391 851 resecuimus,
1425 815 1510 842 non
1543 800 1849 855 quod‘impro-

76 865 278 907 baremus
310 864 385 907 illa
419 879 529 918 quae
562 863 815 915 omittimus,
849 865 924 906 sed
958 865 1070 918 quod
1102 865 1293 908 instituti
1325 865 1464 908 nostri
1502 865 1614 908 ratio
1648 865 1847 917 suaserit,

76 944 129 972 ea
160 944 273 971 nunc
294 929 658 984 praetermittere,
693 943 803 982 quae
836 929 976 971 minus
998 930 1170 983 vulgari
1193 930 1338 985 captui
1371 931 1566 974 seruiunt
1599 932 1651 973 ob
1684 933 1849 985 myste-

75 994 237 1037 riorum
280 997 325 1037 et
356 1009 501 1036 rerum
534 1009 644 1048 quae
677 997 926 1037 tractantur
958 995 1281 1047 difficultatem,
1325 996 1524 1050 quodque
1562 996 1733 1050 longior
1763 1010 1850 1038 non

76 1075 175 1102 raro
209 1074 419 1102 excursus
451 1062 528 1102 fiat
560 1059 756 1102 authoris
789 1062 833 1102 et
866 1074 917 1102 ea
950 1063 1353 1112 commemorentur,
1389 1075 1499 1115 quae
1529 1061 1642 1103 hunc
1676 1061 1849 1115 quidem

75 1125 232 1168 librum
256 1126 489 1168 obscurare
511 1127 665 1179 magis,
695 1139 822 1178 quam
846 1125 1079 1176 illustrare,
1114 1126 1320 1168 lectorem
1344 1141 1530 1180 grauare
1551 1127 1698 1181 potius
1721 1140 1851 1180 quam

75 1191 228 1233 iuuare
258 1205 387 1246 posse
408 1191 653 1234 videantur.
698 1191 827 1233 Petat
858 1190 933 1233 illa
965 1191 1037 1244 qui
1059 1191 1178 1243 velit,
1213 1205 1267 1233 ex
1293 1192 1464 1245 magnis
1498 1195 1541 1234 et
1575 1191 1733 1234 crassis
1764 1191 1850 1233 illis

76 1256 366 1298 voluminibus
407 1271 484 1299 seu
523 1256 676 1307 tomis,
723 1256 793 1310 qui
836 1270 990 1298 nouem
1034 1256 1299 1311 Hieronymo
1341 1257 1536 1312 inscripti
1578 1257 1741 1312 passim
1782 1270 1851 1298 re-

77 1322 306 1377 periuntur
320 1323 349 1365 3.
413 1322 462 1363 In
496 1323 615 1364 calce
648 1321 788 1363 visum
831 1324 899 1363 est
939 1323 1098 1364 addere
1131 1322 1244 1376 quod
1284 1322 1398 1364 idem
1436 1323 1610 1377 scripsit
1642 1323 1852 1364 aduersus

77 1387 365 1441 Vigilantium
381 1388 410 1438 4,
456 1390 505 1430 vt
538 1387 677 1429 nostri
708 1386 903 1429 homines
934 1387 1015 1429 hoc
1047 1387 1168 1429 velut
1199 1387 1419 1442 praesenti
1452 1388 1648 1430 antidoto
1681 1387 1850 1438 muniti,

79 1453 289 1495 aduersus
329 1455 497 1507 pestem
530 1452 875 1506 Vigilantianam
916 1467 1029 1495 nunc
1061 1453 1150 1495 late
1182 1455 1480 1507 grassantem,
1523 1468 1618 1496 sese
1657 1453 1852 1506 aliosque

77 1518 121 1560 in
154 1532 262 1560 sana
304 1521 349 1561 et
381 1518 605 1561 Catholica
647 1518 845 1560 doctrina
887 1511 1217 1561 confirmarent(
1270 1519 1352 1560 Est
1392 1519 1552 1561 etenim
1592 1518 1661 1561 hic
1699 1532 1852 1560 sensus

79 1586 210 1638 atque
243 1598 477 1626 consensus
509 1584 733 1626 Ecclesiae
764 1587 1023 1638 perpetuus,
1067 1584 1299 1627 Christiani
1335 1587 1385 1627 vt
1416 1585 1574 1635 Diues,
1618 1597 1853 1638 eorumque

79 1664 227 1692 sacras
259 1650 482 1703 Reliquias
524 1650 594 1704 pie
627 1651 794 1699 colant,
838 1664 1046 1703 suamque
1079 1650 1289 1704 pietatem
1323 1650 1516 1692 externis
1548 1650 1703 1692 ritibus
1736 1663 1852 1691 com-

78 1716 284 1770 probent,
327 1715 465 1758 velint
505 1715 643 1757 nolint
675 1714 975 1768 Vigilantiani.
1040 1715 1143 1764 Quis
1184 1717 1331 1757 autem
1371 1729 1449 1770 pro
1491 1715 1705 1768 dignitate
1744 1714 1853 1757 satis

79 1780 291 1836 explicet,
335 1783 545 1834 quantum
586 1780 630 1822 in
662 1780 729 1822 his
762 1779 957 1834 epistolis
999 1780 1195 1822 omnibus
1233 1780 1417 1834 ingenij,
1462 1780 1706 1831 doctrinae,
1749 1794 1853 1834 pru-

79 1846 274 1897 dentiae,
317 1846 574 1889 festiuitatis
615 1845 743 1887 simul
785 1848 829 1888 et
866 1845 1044 1900 pietatis
1084 1846 1220 1889 insit}>
1262 1849 1471 1899 quantum
1513 1846 1622 1888 artis
1662 1845 1852 1900 insuper,

77 1915 171 1955 tum
214 1925 446 1954 neruorum
487 1914 532 1954 et
576 1912 825 1953 aculeorum
867 1912 1001 1954 vehat
1041 1926 1187 1954 secum
1228 1911 1369 1965 stylus
1409 1914 1459 1954 vt
1499 1911 1730 1966 plurimum
1776 1925 1852 1953 ex-

77 1980 407 2032 temporaneus,
450 1977 526 2019 sed
568 1977 745 2032 pulchre
787 1991 957 2031 semper
998 1991 1049 2019 ac
1091 1977 1200 2020 citra
1242 1977 1564 2020 affectationem
1602 1977 1852 2031 profluens?

78 2042 113 2084 O
137 2045 336 2085 sanctum
369 2045 414 2085 et
446 2042 732 2096 apostolicum
754 2045 920 2097 pectus,
955 2042 1067 2096 quod
1089 2057 1167 2097 pro
1191 2042 1361 2084 Christo
1385 2042 1630 2095 Christique
1653 2041 1849 2092 ecclesia,

77 2110 169 2150 tam
201 2108 369 2150 solicite
392 2108 561 2162 vigilat,
595 2111 723 2151 tanta
747 2107 1024 2150 contentione
1047 2108 1236 2158 molitur,
1270 2110 1424 2161 totque
1447 2107 1563 2150 subit
1590 2106 1851 2158 discrimina,

79 2173 179 2215 dum
212 2173 280 2215 vir
319 2173 434 2215 idem
474 2173 518 2215 in
561 2188 704 2216 eremo
746 2173 1000 2216 delitescere
1043 2175 1087 2215 et
1126 2177 1221 2216 toto
1263 2173 1354 2215 fere
1396 2173 1554 2215 mundo
1598 2173 1852 2222 discurrere,

79 2238 325 2292 Christique
357 2239 564 2281 ecclesias
597 2254 683 2281 non
709 2239 800 2282 sine
822 2239 1078 2294 Apostolica
1110 2239 1414 2282 solicitudine5
1447 2241 1491 2281 et
1522 2237 1749 2288 industria,
1784 2237 1854 2291 pie

79 2306 124 2346 et
155 2305 379 2358 praeclare
413 2305 678 2348 constituere
711 2305 888 2358 satagit.
938 2305 972 2347 O
1007 2304 1141 2346 foelix
1173 2304 1507 2347 Bethleemitica
1540 2304 1708 2354 cellula,
1743 2316 1854 2356 quae

78 2369 202 2411 nobis
243 2369 485 2412 huiusmodi
527 2371 691 2425 scripta
724 2374 768 2413 et
801 2384 1032 2425 responsa,
1076 2370 1167 2412 fere
1209 2370 1392 2412 dixerim
1435 2370 1631 2420 oracula,
1676 2367 1852 2410 ediditss.

79 2434 180 2476 Non
223 2449 414 2477 eremum
459 2436 534 2478 sed
578 2436 827 2491 paradisum
873 2435 1021 2478 vocari
1064 2449 1145 2490 par
1189 2437 1277 2486 est,
1326 2435 1440 2477 vnde
1488 2435 1542 2477 ad
1586 2433 1854 2487 irrigandum

80 2501 290 2543 ecclesiae
322 2501 518 2553 hortum,
556 2504 684 2544 tanta
715 2501 760 2543 vi
791 2503 1078 2556 prorumpunt
1111 2500 1282 2543 diuinae
1314 2501 1614 2554 humanaeque
1646 2498 1854 2541 scientiae

203 2669 212 2689 ¹
242 2669 258 2702 1
289 2668 367 2702 Cor.
395 2669 427 2709 9,
454 2668 511 2702 22.

199 2722 213 2742 ²
239 2721 406 2756 Canisius
440 2721 476 2755 in
512 2722 749 2767 epistularum
782 2722 1088 2768 hieronymiarum
1123 2722 1282 2756 ordinem
1317 2721 1438 2765 aliqua
1473 2720 1684 2765 Hieronymi
1718 2719 1854 2764 scripta

80 2775 232 2815 rettulit,
260 2787 371 2819 quae,
407 2776 491 2820 quia
516 2787 625 2810 verae
651 2775 828 2821 epistulae
853 2788 923 2810 non
949 2778 1052 2818 sunt,
1088 2777 1214 2820 postea
1250 2787 1290 2809 eo
1316 2786 1463 2808 numero
1499 2773 1648 2809 exclusa
1673 2775 1777 2814 sunt,
1812 2775 1854 2807 ut

80 2829 177 2863 vitas
203 2828 238 2863 S.
264 2828 380 2871 Pauli,
406 2829 441 2864 S.
468 2828 676 2872 Hilarionis,
703 2829 738 2864 S.
764 2829 910 2863 Malchi.
1057 2829 1070 2849 ³
1095 2828 1187 2862 Vide
1213 2839 1323 2873 supra
1348 2840 1381 2873 p.
1410 2827 1490 2869 278,
1517 2827 1636 2861 adnot.
1662 2828 1696 2861 4.

200 2883 214 2902 4
240 2882 473 2926 Vigilantius,
499 2883 668 2917 sacerdos
693 2882 983 2924 barcinonensis,
1019 2882 1085 2916 sub
1112 2882 1254 2916 initium
1280 2880 1415 2915 saeculi
1442 2880 1557 2924 quinti
1585 2880 1766 2922 docuerat,
1792 2891 1852 2914 ne—

80 2947 149 2980 que
174 2938 320 2970 sanctos
337 2937 517 2981 martyres
533 2936 764 2978 invocandos,
790 2947 906 2980 neque
932 2947 1052 2970 eorum
1080 2947 1203 2969 sacras
1229 2934 1401 2979 reliquias
1427 2933 1594 2968 colendas
1621 2945 1710 2975 esse,
1738 2934 1851 2968 vitam

79 3000 166 3023 vero
191 2989 427 3024 monasticam
457 2991 494 3023 et
520 2989 730 3024 clericorum
758 2989 1015 3023 continentiam
1043 2989 1266 3022 damnandas
1293 2999 1383 3022 esse.

201 3043 214 3063 ⁵
242 3042 294 3077 Cf.
322 3043 343 3076 2
371 3043 450 3078 Cor.
480 3043 533 3085 11,
560 3043 617 3077 28.
670 3042 744 3077 Col.
771 3043 803 3083 2,
833 3043 850 3076 1
879 3044 947 3076 etc.

201 3097 214 3116 ⁶
238 3096 483 3142 Hieronymus
504 3097 581 3131 fere
606 3096 651 3131 ab
677 3108 769 3131 anno
795 3096 864 3130 386
890 3096 935 3130 ad
952 3096 1023 3129 420
1053 3094 1137 3140 (quo
1154 3096 1308 3129 mortem
1326 3093 1428 3138 obiit)
1455 3093 1493 3128 in
1518 3093 1618 3128 urbis
1636 3093 1848 3128 Bethlehem

80 3149 299 3184 monasterio
325 3149 398 3192 illo,
426 3150 519 3194 quod
545 3150 622 3195 ipse
649 3150 870 3190 instituerat,
897 3151 1067 3183 versatus
1093 3150 1159 3183 est.
