2093 3444
179 193 234 234 38
761 185 840 219 516.
878 182 1044 218 Canisius
1070 181 1199 216 Iacobo
1226 180 1360 215 Lainio.

178 307 336 350 artium
378 302 588 359 paulatim
623 302 830 346 Societati
872 303 1050 343 nostrae
1090 298 1418 341 nendicandam.
1483 297 1703 340 Resistere
1744 297 1818 340 uix
1851 312 1952 352 pos-

177 386 325 414 sumus
357 369 570 423 Principis
612 371 656 411 et
690 366 914 421 Gymnasij
950 364 1231 408 concordibus
1264 363 1505 417 sententijs.
1568 363 1630 406 At
1668 377 1748 417 ego
1781 377 1950 414 uereor,

177 451 231 479 ne
264 436 319 478 sit
353 448 489 489 graue
522 433 682 476 nostris
715 433 795 474 hoc
828 445 982 473 munus
1015 430 1148 472 semel
1182 432 1430 483 susceptum
1464 428 1692 483 deponere,
1728 430 1773 470 et
1804 428 1951 470 nescio

178 516 307 556 quam
340 501 428 543 sint
459 514 586 554 pares
609 497 830 540 Hermetis
862 496 1041 546 humeri,
1075 495 1117 537 in
1150 496 1230 536 hoc
1265 508 1394 536 onere
1420 493 1684 544 sustinendo,
1718 507 1804 535 non
1836 493 1975 546 quod·

178 567 235 610 sit
274 566 500 620 imperitus
533 563 860 618 Philosophiae,
903 562 979 604 sed
1021 560 1135 614 quod
1177 560 1289 602 sicut
1330 559 1477 601 multis
1511 558 1738 601 Germanis
1779 558 1950 611 accidit,

179 631 319 685 eloqui
353 630 487 674 latine
520 644 605 672 non
637 628 775 684 possit
808 627 938 670 animi
971 640 1121 676 sensa,
1165 639 1250 667 non
1282 638 1446 666 memor
1477 623 1586 666 satis
1619 624 1951 667 Grammatices.

182 697 259 739 His
305 697 454 738 diebus
498 695 683 737 inuisam
727 697 900 736 nostros
941 690 1229 745 Jngolstadij,
1277 693 1322 732 et
1366 703 1495 743 agam
1539 689 1591 731 de
1634 691 1728 732 toto
1769 689 1952 744 negocio

179 765 388 816 quantum
420 761 500 803 Dei
533 760 678 814 gratia
709 758 868 809 licebit,
903 757 1147 809 diligenter.

298 833 443 874 Habet
460 830 863 873 Reuerendissimus
881 828 1121 871 Cardinalis
1140 829 1423 880 Augustanus
1441 826 1752 868 Cancellarium
1769 827 1820 869 D.
1841 826 1953 868 Bru-

178 913 299 949 num,
344 897 415 951 qui
448 897 500 939 de
532 895 729 938 Ecclesia
763 894 976 938 catholica
1017 897 1060 936 et
1094 892 1327 934 Germania
1364 894 1459 934 tota
1500 894 1567 934 est
1607 891 1716 933 bene
1756 891 1952 942 meritus,

178 964 401 1017 multaque
443 962 766 1016 conscripsitw,
809 961 849 1014 js
881 958 1039 1002 litteris
1072 958 1125 999 ad
1161 956 1433 999 Cardinalem
1466 956 1580 998 datis
1614 956 1787 997 domum
1828 969 1950 998 suam

179 1029 380 1082 Dilingae
417 1041 551 1082 prope
584 1026 821 1080 Collegium
855 1024 1039 1080 positam
1084 1026 1132 1065 ut
1165 1021 1396 1064 Societatis
1442 1024 1619 1064 nostrae
1651 1021 1840 1075 Collegio
1885 1020 1952 1062 in-

180 1098 486 1149 corporaretur
533 1092 690 1135 obtulit
735 1094 866 1144 atque
911 1089 1130 1144 promisit,
1181 1088 1288 1129 adeo
1333 1087 1495 1129 nostris
1539 1100 1595 1128 ex
1627 1086 1770 1128 animo
1815 1086 1951 1137 fauet,

180 1160 333 1214 quibus
366 1159 616 1212 Dilingense
650 1156 887 1210 Collegium
920 1169 1097 1210 prorsus
1131 1153 1249 1207 cupit
1282 1153 1521 1205 obtingere.

300 1230 603 1273 Gratissimum
636 1225 883 1277 1111100111,
918 1230 966 1269 ut
997 1226 1088 1281 ipse
1104 1225 1117 1244 ¹¹
1150 1224 1251 1266 mihi
1286 1223 1569 1277 significauit,
1605 1223 1640 1265 si
1673 1223 1833 1266 litteris
1865 1222 1954 1265 illis

180 1295 574 1350 communicatorijs
606 1295 797 1348 gaudere
829 1292 1013 1348 possit⁰,
1054 1290 1413 1345 quemadmodum
1446 1289 1501 1331 ad
1533 1289 1585 1331 D.
1619 1288 1814 1331 Marcum
1847 1288 1953 1330 Vel-

179 1377 322 1405 serum
358 1364 402 1404 et
434 1360 746 1403 Cancellarium
779 1357 1039 1401 Bauaricum
1073 1370 1210 1410 nuper
1242 1355 1400 1396 missae
1432 1354 1608 1397 fuerunt
1622 1354 1653 1397 ².

301 1433 438 1475 Valde
481 1432 658 1486 cupiunt
700 1430 837 1484 nostrj
879 1427 1169 1484 precatorium
1212 1429 1364 1469 extare
1397 1425 1570 1467 Librum
1612 1439 1690 1480 pro
1732 1424 1952 1475 studiosis,

180 1499 253 1552 qui
291 1513 316 1540 3
349 1498 509 1540 nostris
547 1497 834 1540 instituuntur
849 1496 878 1537 3.
942 1494 1104 1547 Jtaque
1137 1492 1323 1534 suadent
1366 1505 1420 1532 ex
1461 1491 1544 1545 pijs
1585 1490 1741 1532 libellis
1783 1490 1952 1532 corradi

179 1564 324 1606 uarias
356 1563 641 1618 precationes,
677 1575 836 1615 easque
870 1560 1075 1602 collectas
1109 1557 1303 1599 Viennae
1336 1557 1499 1598 uellent
1521 1555 1657 1610 Typis
1690 1555 1859 1606 aedere,
1894 1555 1951 1598 Jd

180 1629 215 1672 si
248 1629 392 1683 placet
425 1629 474 1671 R.
510 1628 556 1671 T.
593 1627 738 1681 colligi
781 1641 806 1669 a
839 1624 1000 1668 nostris
1032 1624 1074 1665 in
1108 1624 1219 1665 hunc
1262 1636 1384 1664 usum
1427 1622 1572 1675 aliqua
1604 1623 1831 1676 poterunt,
1875 1621 1953 1663 sed

182 1695 356 1737 mallem
389 1708 469 1748 ego
495 1694 657 1736 Romae
684 1693 764 1735 1100
787 1705 941 1734 munus
974 1689 1138 1743 iniungi
1160 1689 1271 1730 bono
1294 1687 1387 1729 uiro
1418 1690 1495 1729 aut
1516 1687 1735 1740 Theologo
1758 1686 1954 1742 Collegij,

182 1759 438 1815 praesertim
482 1759 594 1813 quod
637 1773 730 1801 cum
774 1757 921 1799 multis
963 1755 1090 1797 isthic
1134 1753 1390 1807 degentibus
1432 1752 1598 1794 utiliter
1638 1752 1724 1794 ista
1765 1752 1952 1794 conferri

181 1839 308 1880 posse
352 1825 595 1868 uideantur.
670 1824 808 1866 Extat
850 1822 1013 1864 Romae
1058 1819 1328 1873 conscriptus
1371 1818 1413 1859 in
1455 1817 1607 1871 logicis
1647 1817 1778 1867 liber,
1825 1831 1953 1870 quem

301 1972 314 1986 ³
341 1967 382 2000 In
411 1966 539 1999 archet.
566 1966 728 2008 sequitur
755 1962 972 2005 aediditque,
1000 1961 1248 1994 oblitteratum.
1347 1957 1361 1977 b
1387 1957 1444 2002 ipe
1471 1957 1570 1991 arch.
1668 1963 1679 1977 ⁰
1705 1958 1829 2001 posset
1855 1957 1897 1990 B.

304 2101 313 2120 ¹
343 2098 526 2133 Conradus
546 2098 665 2131 Braun
688 2096 968 2140 (1491—1563),
987 2093 1287 2129 kirchhemicnsis
1308 2091 1533 2136 (Kirchhcim
1552 2103 1610 2126 am
1628 2090 1800 2134 Neokar)‚
1821 2091 1951 2125 utrius-

182 2165 251 2198 que
287 2153 374 2187 iuris
411 2153 552 2193 doctor,
598 2162 677 2185 eum
715 2149 964 2184 universitatis
1000 2147 1227 2191 tubingensis
1263 2146 1460 2191 professor,
1496 2144 1758 2189 herbipolensis
1794 2144 1952 2189 episcopi

183 2207 410 2242 consiliarius
438 2208 474 2239 et
500 2204 757 2244 cancellarius,
784 2202 906 2237 iudicii
933 2212 1096 2236 camerae
1123 2199 1320 2245 imperialis
1347 2210 1510 2233 assessor
1535 2200 1572 2232 et
1598 2197 1834 2232 cancellariae
1860 2197 1952 2232 eius·

183 2261 262 2295 dem
299 2259 421 2294 iudicii
453 2258 679 2304 praefectus,
716 2256 892 2291 Bavariae
929 2255 1030 2289 ducis
1066 2253 1303 2289 cancellarius
1330 2252 1478 2293 fuisset,
1513 2251 1580 2286 sub
1607 2262 1638 2285 a.
1669 2252 1757 2286 1555
1786 2251 1955 2294 Dilingae

183 2313 434 2349 cancellariam
471 2311 665 2346 cardinalis
693 2310 837 2345 Ottonis
872 2320 997 2352 regere
1034 2308 1160 2352 coepit.
1213 2306 1279 2348 Qui
1316 2308 1352 2340 et
1387 2305 1444 2340 his
1478 2305 1686 2339 muneribus
1720 2306 1866 2338 strenue
1892 2304 1952 2338 ad-

183 2367 398 2402 ministratis
433 2368 469 2400 et
505 2365 629 2399 multis
664 2364 766 2398 libris
801 2362 860 2397 vel
899 2361 1105 2406 germanice
1141 2360 1199 2395 vel
1226 2359 1336 2394 latine
1363 2358 1577 2403 conscriptis
1606 2357 1697 2400 (,De
1723 2357 1952 2398 haereticis‘,

187 2421 260 2463 „De
287 2419 556 2461 caeremoniis“‚
597 2418 668 2460 „De
695 2416 947 2460 imaginibus“,
988 2415 1059 2458 „De
1086 2413 1362 2458 legationibus“,
1403 2412 1474 2454 „De
1501 2411 1754 2446 seditionibus‘
1785 2410 1870 2454 etc.)
1897 2422 1954 2446 ec-

183 2475 331 2510 clesiam
359 2472 504 2517 egregie
531 2471 669 2506 adiuvit
697 2474 732 2505 et
758 2482 788 2505 a.
812 2470 901 2504 1563
920 2468 1121 2513 Oeniponte
1148 2467 1182 2501 in
1210 2466 1356 2501 consilio
1379 2465 1625 2508 theologorum
1645 2475 1666 2498 a
1683 2464 1906 2498 Ferdinando
1924 2464 1953 2499 Ι.

185 2529 381 2563 convocato
408 2538 480 2560 11113
507 2537 588 2560 011111
607 2524 750 2559 Canisio
777 2526 924 2558 sanctae
950 2522 1046 2557 sedis
1072 2521 1151 2555 iura
1177 2520 1319 2555 fortiter
1344 2518 1513 2553 defendit.
1548 2518 1691 2552 Brunus
1716 2517 1812 2551 haud
1839 2517 1954 2552 multo

184 2584 266 2627 post
291 2580 435 2615 comitia
462 2578 604 2624 imperii
630 2590 660 2612 a.
692 2578 781 2612 1559
808 2577 933 2611 habita
958 2576 1002 2610 ob
1037 2574 1258 2619 decrepitam
1293 2575 1450 2607 aetatem
1486 2570 1692 2606 cancellarii
1725 2581 1856 2605 munus
1893 2571 1954 2605 de·

183 2634 323 2680 posuit,
359 2637 399 2668 ut
425 2633 602 2677 reliquum
631 2632 728 2665 vitae
754 2633 898 2675 tempus
924 2630 1132 2673 Augustae,
1168 2627 1228 2661 ubi
1255 2626 1505 2661 canonicatum
1541 2623 1697 2658 habebat
1729 2624 1765 2658 in
1800 2623 1954 2658 ecclesia

184 2687 402 2728 cathedrali,
429 2686 465 2720 in
491 2685 638 2731 pietatis
663 2684 939 2727 litterarumque
966 2680 1285 2716 exercitationibus
1311 2680 1538 2714 consumeret
1566 2677 1680 2721 (Plac.
1706 2678 1857 2721 Braun,
1885 2676 1952 2712 Ge-

184 2741 346 2776 schichte
378 2740 441 2774 der
467 2738 636 2773 Bisch'ofe
672 2749 742 2771 von
768 2736 965 2780 Augsburg
992 2735 1043 2769 ΙΙΙ
1076 2734 1288 2779 [Augsburg
1319 2732 1442 2777 1814]‚
1481 2731 1680 2766 606—612.
1731 2731 1776 2764 N.
1805 2731 1953 2774 Paulus,

184 2794 245 2829 Dr.
272 2793 418 2828 Konrad
445 2793 565 2826 Braun
592 2792 628 2826 in
659 2790 927 2833 „Historisches
953 2787 1160 2823 Jahrbuch“
1190 2786 1286 2827 XIV,
1315 2784 1532 2828 517—548).

305 2847 318 2867 ²
343 2847 489 2880 Marcus
514 2844 688 2879 Velserus
717 2843 891 2887 (Welser)
933 2841 1104 2885 „senior“,
1139 2840 1313 2886 patricius
1339 2841 1585 2883 augustanus,
1622 2839 1658 2872 et
1689 2837 1810 2872 Simon
1836 2836 1955 2871 Thad-

184 2900 295 2935 daeus
320 2899 475 2939 Eckius,
512 2897 650 2932 Alberti
678 2897 722 2931 V.
749 2907 939 2941 supremus
965 2894 1223 2932 cancellarius,
1259 2904 1290 2928 a.
1321 2893 1412 2928 1560
1437 2903 1458 2926 a
1484 2891 1608 2926 Lainio
1643 2891 1815 2925 bonorum
1849 2889 1954 2935 spiri-

184 2953 336 2988 tualium
363 2951 554 2987 Societatis
581 2951 662 2985 Iesu
689 2950 883 2995 participes
909 2948 1028 2983 effecti
1055 2950 1176 2988 erant;
1205 2947 1287 2980 vide
1318 2947 1404 2980 Can.
1433 2945 1521 2990 Epp.
1550 2945 1593 2986 II,
1621 2943 1701 2978 589.
1729 2943 1808 2978 623.

305 3007 318 3027 ³
344 3006 489 3040 Librum
512 3004 759 3050 precationum
778 3002 1022 3047 germanicum
1043 3000 1285 3045 („Betbuch“)
1308 2999 1473 3034 Canisius
1491 3009 1522 3032 a.
1544 2997 1636 3032 1560
1654 2996 1825 3040 vulgarat
1844 2995 1951 3040 (Can.

185 3058 276 3104 Epp.
303 3059 347 3100 11,
374 3058 591 3101 899—901).
642 3057 711 3091 Hic
738 3059 857 3090 autem
883 3055 1037 3090 latinum
1061 3055 1172 3099 petit;
1212 3063 1430 3098 quamquam
1455 3053 1492 3085 et
1516 3051 1593 3096 ipse
1620 3061 1651 3084 a.
1681 3049 1771 3084 1556
1797 3051 1834 3083 et
1862 3049 1952 3083 1557

184 3111 358 3146 eiusmodi
392 3111 553 3146 libellum
590 3110 819 3154 („Lectiones
854 3112 890 3144 et
925 3108 1156 3143 Precationes
1191 3103 1511 3148 Ecclesiasticae“)
1551 3103 1588 3138 in
1625 3103 1742 3137 lucem
1781 3102 1953 3136 emiserat

189 3164 295 3207 (Can.
323 3164 411 3209 Epp.
439 3164 464 3206 I,
492 3164 603 3205 59223
631 3163 674 3204 11,
701 3163 799 3206 889).
