2093 3444
203 181 284 221 136
484 178 563 212 551.
601 179 767 213 Canisius
793 179 922 214 Iacobo
950 179 1082 215 Lainio.
1126 182 1220 226 Aug.
1248 181 1390 216 Vindel.
1418 183 1449 217 3.
1476 183 1563 217 Maii
1592 184 1693 218 1561.

198 294 400 328 versionem
435 294 516 328 libri
561 296 701 338 graeci,
747 308 853 340 quam
899 309 1086 343 reuocare

198 348 372 392 Princeps
390 347 515 389 noluit,
535 347 727 383 liberatum
748 349 798 384 .P.
817 350 1043 385 Theodorum
1059 353 1067 371 ¹
1085 355 1086 359 ’

198 400 393 445 oportuit.)
421 413 489 434 non
518 402 664 436 uacabit
676 403 698 441 2,
735 415 801 437 nec
827 415 908 438 esse
934 403 992 438 hic
1018 395 1086 450 ita}

197 454 351 488 liberum
402 454 495 488 forte
538 456 726 500 expediret
770 457 820 491 .P.
860 457 1069 498 Martinum‚
1167 458 1187 492 6
1214 457 1432 493 Satisfacere
1459 459 1504 493 ad
1529 459 1654 494 literas
1681 461 1832 505 poterit,
1864 461 1973 495 etiam

198 508 340 552 quando
367 507 410 541 ad
430 508 595 542 conuiuia
622 510 777 544 eundum
801 522 908 555 saepe
936 514 1033 545 esset
1045 512 1068 546 3.
1107 511 1137 545 si
1158 512 1346 555 Augustae
1371 524 1441 546 non
1467 513 1525 553 sit,
1552 512 1637 547 licet
1662 514 1789 554 serius,
1815 525 1881 548 nec
1906 513 1975 548 hoc

259 562 279 595 5
313 560 541 596 Commodius
574 562 631 597 hic
659 564 710 598 .P.
738 564 977 599 Prouincialis
1013 568 1069 599 est
1107 577 1176 598 non
1214 564 1384 599 uiderunt
1426 566 1503 600 eius
1540 565 1688 610 regulae
1727 578 1818 611 quae
1855 567 1973 602 locum

198 615 242 649 ad
270 614 512 660 expediendas
539 615 664 651 literas
691 628 783 661 quae
810 618 933 659 Roma,
960 621 998 652 et
1023 630 1069 652 ex
1107 618 1331 652 commodum
1373 621 1414 652 ut
1455 619 1651 664 plurimum
1693 620 1738 654 ad
1781 621 1974 655 communi-

199 667 372 712 Collegiis
415 670 451 702 et
493 668 574 714 alijs
620 670 734 715 uarijs
776 671 864 706 10015
906 672 1068 706 veniunt.
1107 671 1283 706 cationem
1321 671 1508 706 literarum
1543 673 1750 717 requirunt,
1794 673 1858 708 sed
1893 673 1975 709 uisi-

197 721 297 763 Quod
340 722 375 756 in
419 722 529 768 officij
572 724 710 767 regulis
747 724 816 769 ipsi
854 725 1215 769 prouincialiitanda
1243 724 1405 768 Collegia
1430 728 1553 760 tamen
1579 728 1664 760 sunt
1677 727 1700 761 ⁵.

196 775 265 809 1100
291 776 598 811 commendatur-¹.
1086 767 1087 862 ἢ
1167 779 1185 812 7
1214 778 1251 812 Si
1277 779 1321 812 ad
1349 778 1547 814 Concilium
1573 780 1802 825 profecturus
1829 780 1868 814 P.
1890 779 1974 814 Pro-

1105 831 1273 866 uincialis
1291 832 1348 873 sit,
1372 844 1521 867 11000550
1539 833 1683 868 videtur
1701 845 1791 876 esse,
1817 836 1858 868 ut
1875 834 1976 879 prius

1085 874 1087 903 ¹
1107 884 1269 929 Collegia
1295 885 1431 920 visitet.

317 963 357 997 In
384 963 441 997 his
467 963 598 998 litteris
627 967 825 999 memoratu
853 965 961 1009 digua
987 968 1090 1005 511111,
1128 976 1220 1009 quac
1247 965 1289 999 de
1316 965 1409 1000 actis
1436 965 1577 1000 concilii
1609 965 1771 1010 ephesini
1798 965 1975 1000 dicuntur.

197 1016 298 1050 Illius
326 1017 458 1051 aetatis
484 1017 689 1051 homiuibus
715 1018 904 1053 catholicis
930 1018 1078 1052 tertium
1105 1018 1295 1053 concilium
1322 1019 1602 1060 oecumenicum,
1629 1018 1764 1064 Ephesi
1790 1031 1882 1053 anno
1907 1019 1974 1053 431

198 1072 323 1104 contra
348 1070 556 1104 Nestorium
592 1071 775 1111 habitum,
811 1072 1047 1116 singulariter
1082 1084 1205 1106 carum
1232 1074 1328 1113 erat,
1366 1073 1450 1116 quia
1484 1084 1626 1106 summa
1656 1072 1739 1114 „Dei
1767 1071 1973 1115 genitricis“

198 1123 357 1166 dignitas
392 1124 425 1157 in
455 1136 494 1158 eo
527 1125 751 1159 sollemniter
777 1126 1009 1171 pronuntiata
1046 1127 1133 1160 erat.
1185 1126 1240 1160 Ex
1267 1125 1368 1160 cuius
1395 1126 1537 1160 concilii
1562 1126 1803 1160 monumentis
1832 1126 1978 1169 (graece

198 1176 282 1210 olim
318 1177 479 1222 scriptis)
518 1179 626 1212 etiam
664 1179 698 1213 in
734 1179 849 1213 altera
884 1179 1038 1213 editione
1075 1179 1232 1224 corporis
1268 1180 1346 1214 sive
1383 1179 1653 1222 ⁷,Collectionis“
1691 1179 1922 1214 conciliorum
1957 1190 1978 1213 a

198 1231 302 1265 Petro
325 1232 458 1265 Crahbe
476 1231 518 1266 Ο.
537 1232 623 1267 Μ111.
651 1233 779 1275 editae,
807 1245 898 1277 quae
925 1235 1011 1267 tunc
1038 1233 1183 1277 quidem
1210 1233 1368 1267 omnium
1394 1233 1641 1278 copiosissima
1668 1235 1757 1275 erat,
1785 1233 1975 1267 admodum

198 1295 313 1328 pauca
349 1285 543 1319 exstabant
579 1285 833 1329 (Conciliorum
870 1286 1027 1321 omnium
1054 1286 1188 1320 Tomus
1224 1286 1361 1331 primus
1397 1286 1580 1331 [Coloniae
1613 1286 1836 1331 Agrippinae
1873 1285 1978 1330 1551]

199 1350 232 1383 p.
260 1338 478 1382 533—542).
531 1338 582 1374 De
618 1340 756 1374 Alberti
785 1340 827 1374 V.
867 1342 987 1374 autem
1028 1340 1148 1374 codice
1187 1340 1263 1385 ipse
1301 1341 1470 1374 Peltcmns
1506 1340 1542 1374 in
1586 1339 1854 1385 ⁷²Praefati0ne“
1896 1339 1979 1374 libri

203 1391 453 1434 „Sacrosancti
481 1421 488 1427 .
510 1421 543 1426 ..
572 1394 720 1428 Concilii
749 1394 919 1439 Ephesiui
947 1394 1051 1439 primi
1078 1395 1172 1428 Acta
1208 1394 1360 1435 omnia“‚
1397 1393 1611 1437 Ingolstadii
1638 1405 1730 1428 anno
1760 1393 1848 1428 1576
1884 1404 1906 1427 a
1940 1404 1979 1427 se

199 1445 285 1480 editi
315 1446 355 1489 (f.
383 1447 554 1490 c³¹—d*¹):

324 1499 521 1541 ,Α111111111“,
548 1500 674 1545 inquit,
706 1501 853 1544 „abhinc
881 1501 964 1546 plus
990 1501 1108 1535 minus
1134 1501 1299 1545 quintum
1318 1501 1494 1535 decimum
1524 1529 1530 1534 .
1551 1528 1557 1533 .
1579 1528 1585 1534 .
1614 1500 1782 1534 volumen
1801 1499 1979 1544 quoddam

201 1551 399 1594 Graecum,
439 1554 483 1587 ad
511 1554 700 1588 Albertum
730 1554 932 1599 Principem
970 1553 1177 1589 Catholicae
1213 1554 1359 1599 pietatis
1396 1554 1704 1596 amantissimum,
1742 1553 1863 1588 nescio
1899 1553 1979 1598 quis

200 1607 427 1651 apportauit:
456 1619 639 1642 corrosum
667 1607 754 1642 illud
782 1620 870 1642 sane
897 1608 1053 1652 quidem,
1080 1619 1122 1642 ac
1141 1608 1339 1642 vetustatis
1366 1607 1455 1642 vitio
1482 1607 1597 1642 literis
1623 1619 1714 1652 pene
1737 1606 1979 1650 fugientibus:

200 1671 270 1693 non
297 1662 417 1694 tamen
444 1661 495 1695 ita
513 1661 586 1695 situ
605 1665 824 1707 corruptum,
852 1665 959 1706 atque
980 1662 1230 1702 deformatum,
1258 1661 1343 1705 quin
1370 1661 1442 1704 legi
1461 1661 1588 1702 adhuc,
1616 1663 1652 1695 et
1670 1660 1827 1695 exscribi
1846 1662 1979 1705 posset.

200 1712 269 1747 Hic
295 1725 352 1747 me
379 1714 472 1748 forte
499 1715 534 1748 id
561 1716 734 1760 temporis
757 1715 939 1761 Monacliij
968 1717 1260 1755 conunorautcm,
1289 1715 1462 1760 Princeps
1489 1715 1660 1749 accersit:
1687 1726 1739 1756 ac,
1766 1713 1979 1758 ecquidnam

200 1766 289 1801 illud
315 1767 397 1801 libri
424 1770 540 1809 esset,
578 1771 820 1814 percontatur.
873 1769 983 1803 Lecta
1016 1768 1269 1813 inscriptione,
1307 1768 1478 1813 Ephesini
1506 1767 1654 1812 Concilij
1683 1768 1775 1801 Acta
1813 1778 1892 1801 esse
1927 1778 1981 1801 re-

201 1821 370 1865 spondeo.
421 1821 512 1855 Tum
539 1822 619 1857 ille:
647 1822 713 1856 Est
738 1822 806 1857 hoc
833 1834 942 1856 vnum
971 1822 1012 1856 de
1040 1821 1180 1856 illorum
1209 1833 1375 1863 numero,
1411 1821 1545 1867 opinor,
1582 1821 1712 1866 quibus
1739 1821 1847 1864 Greg.
1875 1819 1980 1854 Pont.

199 1873 298 1908 Max.
318 1877 459 1908 tantum
487 1875 658 1910 tribuisse
677 1877 800 1917 fertur,
829 1879 1004 1920 quantum
1023 1879 1178 1920 quatuor
1198 1874 1478 1919 Euangeliorum
1497 1875 1608 1909 libris.
1654 1874 1793 1908 Annuo.
1834 1885 1976 1908 rursum

201 1927 282 1962 ille:
320 1929 397 1970 Age
432 1929 593 1964 vniuersi
629 1929 736 1963 huius
771 1929 909 1975 operis,
951 1929 1010 1963 vbi
1047 1929 1200 1974 primum
1237 1929 1417 1974 potueris,
1455 1928 1634 1973 Synopsin
1668 1927 1755 1961 mihi
1791 1926 1981 1962 conficias:

202 1981 336 2016 Studeo
363 1983 456 2016 enim
483 1984 691 2017 summatim
719 1995 946 2027 cognoscere,
975 1983 1058 2027 quid
1085 1982 1144 2016 hic
1171 1983 1215 2016 ab
1234 1982 1399 2016 Ecclesia
1418 1981 1604 2016 Catholica
1631 1981 1812 2015 doceatur.
1849 1980 1926 2024 Ego
1945 2007 1952 2014 .
1974 2007 1981 2013 .

203 2047 273 2068 non
299 2046 379 2069 sum
406 2047 535 2078 ausus,
574 2048 691 2071 meam
718 2036 1006 2081 qualemcunque
1033 2048 1179 2081 operam
1215 2047 1284 2070 non
1311 2035 1493 2080 polliceri:
1530 2034 1691 2069 Tametsi
1726 2033 1898 2075 verebar,
1936 2045 1981 2067 ne

202 2089 272 2134 ipsi
297 2088 395 2123 haud
421 2089 690 2131 satisfacerem,
730 2090 799 2125 nisi
826 2093 942 2125 totum
969 2101 1057 2135 opus
1084 2101 1228 2124 sursum
1255 2089 1420 2123 deorsum
1448 2089 1548 2134 prius
1575 2087 1798 2122 euoluerem:
1826 2087 1861 2121 id
1887 2086 1981 2131 quod

203 2141 339 2176 homini
365 2143 474 2177 etiam
502 2144 616 2178 otioso
642 2144 749 2189 plane
775 2155 947 2188 magnum
981 2143 1167 2187 negotium
1205 2154 1329 2177 creare
1356 2154 1461 2188 posse
1488 2142 1690 2176 videbatur.
1741 2139 1982 2174 Nihilominus

203 2196 530 2231 beneficentissimo
557 2197 716 2243 Principi
743 2197 810 2231 hoc
837 2198 989 2232 daturus
1016 2208 1123 2231 eram.
1175 2196 1244 2230 Sed
1271 2208 1354 2230 ecce
1381 2196 1605 2230 commodum
1632 2194 1774 2235 accidit⁷
1802 2195 1843 2228 vt
1868 2193 1982 2228 labori

203 2249 274 2283 iam
302 2250 506 2291 accinctus,
544 2251 581 2284 in
615 2251 693 2296 ipso
729 2251 854 2285 statim
891 2250 1010 2292 aditu,
1049 2250 1162 2284 totius
1190 2249 1339 2295 Concilij
1367 2249 1587 2295 hypothesin
1621 2247 1836 2293 reperirem,
1873 2257 1981 2291 quam

328 2375 336 2393 ¹
364 2373 574 2414 Peltanum;
602 2372 685 2408 vide
711 2385 822 2419 supra
847 2385 879 2418 p.
910 2372 1110 2407 131—132.

326 2427 405 2460 2111
441 2427 636 2470 *catalogo
672 2427 813 2471 collegii
848 2427 1094 2467 monacensis,
1129 2437 1175 2459 m.
1212 2424 1307 2459 Maio
1336 2424 1423 2458 1561
1463 2435 1484 2458 a
1518 2423 1557 2458 P.
1589 2424 1806 2457 Theodorico
1836 2423 1982 2457 Canisio

204 2482 343 2514 rectore
369 2481 504 2525 scripto
531 2482 566 2514 et
592 2480 741 2515 Romam
768 2481 894 2522 misso,
936 2479 996 2522 „P.
1026 2480 1186 2514 Joannes
1212 2477 1355 2512 Dirsius
1389 2487 1584 2520 germanus
1619 2476 1802 2522 professor
1835 2475 1981 2519 linguae

206 2535 354 2578 greca&
386 2536 570 2578 comparet
598 2534 660 2578 (ex
687 2533 924 2578 autographo.
967 2532 1050 2567 Cod.
1084 2532 1147 2574 „G.
1174 2531 1239 2576 Ep.
1267 2531 1320 2565 11⁸
1350 2530 1375 2565 f.
1406 2530 1524 2573 153³).

328 2588 340 2607 ³
367 2586 528 2629 Constat,
555 2587 678 2621 Socios
704 2587 739 2620 in
766 2587 910 2621 domum
938 2585 1083 2630 Georgii
1109 2585 1268 2628 Fuggeri
1293 2594 1561 2627 nonnumquam
1587 2582 1762 2617 invitatos
1788 2593 1868 2617 esse
1893 2581 1983 2626 (Ra-

207 2642 325 2685 derus,
354 2640 439 2674 Can.
466 2652 499 2685 p.
527 2640 603 2683 93).

328 2696 340 2715 ⁴
366 2694 408 2728 In
433 2694 583 2738 antiqua
608 2693 671 2727 illa
689 2694 706 2712 *
723 2721 736 2736 ,,
748 2694 885 2727 Tabula
905 2692 1014 2738 officij
1033 2691 1235 2735 Praepositi
1252 2689 1524 2732 Prouincialis“,
1551 2689 1594 2723 de
1613 2700 1684 2734 qua
1701 2699 1811 2734 supra
1828 2699 1862 2733 p.
1883 2687 1949 2722 102
1959 2689 1982 2730 ⁴,

207 2747 297 2782 haec
332 2749 417 2782 sunt
455 2747 548 2792 (cap.
578 2747 631 2782 13.
667 2746 721 2781 De
747 2758 925 2781 commun.
961 2757 995 2779 n.
1025 2745 1083 2789 1):
1126 2743 1350 2788 „Diligenter
1384 2745 1486 2777 curet
1519 2742 1707 2776 literarum
1746 2740 1983 2776 communica-

207 2800 343 2835 tionem
369 2812 451 2834 cum
476 2800 662 2846 superiore
688 2802 725 2834 et
750 2799 1002 2840 inferioribus,
1037 2800 1074 2832 et
1099 2798 1143 2832 ad
1168 2798 1205 2832 id
1231 2797 1397 2831 idoneum
1427 2796 1543 2830 locum
1581 2795 1626 2829 ad
1661 2794 1891 2830 residendum
1926 2793 1984 2828 de·

209 2855 319 2898 ligat,
357 2856 394 2888 et
419 2854 586 2889 obseruet
613 2865 705 2898 quae
731 2860 781 2898 p.⁰
807 2865 884 2898 cap.
912 2853 964 2888 8²²⁹
990 2863 1066 2897 par.
1094 2863 1175 2886 cum
1203 2850 1445 2885 declaratione
1470 2849 1639 2883 dicuntur
1664 2850 1701 2882 et
1726 2847 1771 2887 ab
1807 2847 1889 2893 alijs
1924 2846 1983 2881 ob-

209 2908 349 2942 seruari
383 2907 514 2941 faciat“
547 2906 649 2950 (Cod.
680 2906 779 2950 „XV.
805 2906 856 2940 A‘
896 2906 921 2940 f.
950 2904 1046 2949 741²).
1097 2904 1175 2939 Hoc
1207 2905 1326 2938 autem
1355 2902 1661 2937 Constitutionum
1687 2900 1879 2935 Societatis
1902 2899 1983 2938 >loco

213 2961 269 3005 (P.
298 2961 338 3002 8,
366 2972 395 2995 0.
425 2961 463 3002 1,
488 2972 523 2994 11.
550 2961 569 2994 7
603 2960 696 3003 011)
734 2959 931 3005 praepositi
967 2957 1209 3003 provinciales
1241 2956 1395 3000 collegia
1435 2954 1624 2998 „visitare“
1664 2956 1701 2988 et
1735 2953 1766 2988 si
1802 2964 1871 2998 quo
1906 2952 1984 2987 loco

212 3014 347 3048 diutius
374 3013 463 3058 ipsis
487 3013 704 3047 manendum
730 3013 789 3054 sit,
816 3024 898 3046 eum
923 3012 970 3046 ad
995 3011 1031 3045 id
1057 3011 1176 3045 locum
1202 3009 1362 3054 deligere
1388 3008 1576 3050 iubentur,
1603 3018 1673 3052 quo
1698 3006 1792 3040 inter
1818 3006 1917 3051 ipsos
1942 3016 1984 3040 ac

212 3066 334 3101 Socios
359 3066 403 3100 iis
430 3066 610 3101 subiectos
636 3065 955 3111 praepositumque
981 3064 1187 3108 generalem
1213 3061 1440 3107 frequentius
1466 3073 1509 3096 ac
1535 3059 1753 3095 commodius
1779 3059 1984 3093 litterarum

213 3120 466 3154 commercium
493 3130 572 3153 esse
598 3118 724 3164 possit.

334 3173 347 3192 ⁵
373 3172 465 3206 Vide
491 3172 610 3206 adnot.
636 3172 660 3205 4
685 3171 793 3205 huius
818 3182 901 3216 pag.

2052 531 2063 670 ae:r„-»-x.-1

2052 440 2062 525 -u-m·
2053 373 2061 438 *on
2052 314 2060 361 ‚m‘
