2093 3444
210 209 319 236 XLIV

281 309 369 344 1561

271 446 380 487 1561

284 661 374 696 1561

287 768 374 802 1561

289 875 375 909 1561

290 983 377 1017 1561

292 1143 378 1179 1561

293 1251 380 1285 1561

294 1357 381 1391 1561

295 1495 392 1531 1561

302 1939 390 1972 1562

301 2045 390 2079 1562

301 2152 390 2186 1562

301 2258 391 2293 1562

302 2314 391 2347 1562

291 2451 402 2492 1562

293 2581 404 2622 1562

306 2864 396 2898 1562

309 2969 398 3005 1562

660 191 722 226 ΙΙΙ.
759 191 918 226 Tabulae
946 191 1219 236 chronologicae
1245 191 1344 226 vitae
1371 191 1515 227 Canisii.

571 307 655 342 Dec.
686 307 740 341 17.
848 305 905 348 (Ε.
933 307 993 342 lv.
1030 307 1065 342 in
1101 307 1235 352 templo
1271 307 1305 342 S.
1337 308 1480 342 Ioannis
1515 309 1558 343 de
1594 309 1829 354 indulgentiis
1865 312 1899 344 et
1935 310 1978 345 de

850 412 851 431 χ
933 360 1136 406 „Epistola“
1167 361 1237 395 diei
1264 361 1351 395 dicit
1379 361 1494 404 (622).

555 445 657 486 Dec.
695 444 761 485 17.
870 444 1120 487 Cardinales
1159 445 1325 487 concilii
1359 445 1584 489 tridentini
1615 446 1752 500 legati
1784 461 1810 489 a
1842 447 1978 490 cardi-

851 536 852 549 *
929 510 1027 552 nale
1060 512 1319 563 Augustano
1352 513 1519 565 petunt,
1553 514 1600 554 ut
1633 512 1849 554 Canisium
1883 512 1978 554 Tri-

851 562 853 618 i
931 575 1108 618 dentum
1141 576 1289 618 venire
1323 576 1532 619 concedat
1565 575 1702 631 (725).

576 660 661 695 Dec.
691 661 743 695 19.
852 643 909 694 'R
929 661 990 695 VI.
1014 661 1180 696 Canisius
1207 662 1241 696 in
1267 662 1402 707 templo
1423 662 1455 696 S.
1475 663 1618 698 Ioannis
1643 663 1772 699 iterum
1799 664 1842 698 de
1867 663 1981 698 indul-

854 743 855 753 ,
933 715 1066 758 gentiis
1093 715 1320 750 contionatur
1349 715 1444 759 (622.
1473 716 1571 760 632).

578 768 664 802 Dec.
692 767 748 801 21.
854 768 976 802 *Dom.
1005 768 1064 803 IV.
1091 769 1182 803 Adv.
1210 772 1245 803 et
1272 769 1364 803 festo
1391 770 1424 804 S.
1452 769 1609 805 Thomae
1641 770 1676 805 in
1702 770 1836 816 templo
1862 770 1981 805 cathe-

856 865 857 868 ,
934 821 1024 855 drali
1052 822 1094 856 de
1121 822 1282 857 conciliis
1308 823 1395 857 dicit
1423 824 1518 863 (726.
1546 824 1643 868 622).

579 874 662 909 Dec.
691 875 746 908 22.
856 870 903 909 ἶΕ
930 875 1055 921 templi
1082 875 1116 910 S.
1144 876 1286 910 Ioannis
1312 881 1500 920 suggestu,
1527 889 1617 922 quae
1644 879 1767 912 contra
1793 877 1982 912 concilium

857 971 858 979 ἵ
935 941 954 963 a
982 929 1266 974 protestantibus
1293 931 1534 975 proferuntur,
1561 931 1697 965 refutat
1726 931 1839 975 (622).

580 982 664 1017 Dec.
691 982 748 1016 25.
879 983 982 1017 Festo
1009 983 1223 1018 Nativitatis
1241 983 1383 1018 Domini
1409 984 1451 1018 de
1478 984 1616 1019 ratione
1644 996 1722 1019 eam
1749 985 1807 1030 pie
1834 984 1983 1026 colendi,

936 1036 1101 1081 exemplo
1123 1037 1163 1071 B.
1183 1037 1230 1071 M.
1250 1037 1292 1072 V.
1319 1037 1513 1083 proposito,
1539 1038 1574 1072 in
1601 1039 1689 1073 aede
1715 1037 1872 1073 maxima
1898 1037 1986 1072 dicit

940 1091 1036 1132 (617.
1063 1090 1161 1133 650).

582 1143 666 1178 Dec.
695 1143 750 1178 26.
878 1143 984 1178 Festo
1019 1143 1053 1178 S.
1087 1143 1257 1189 Stephani
1297 1143 1426 1179 ibidem
1466 1145 1508 1179 de
1544 1145 1686 1180 Christo
1724 1157 1834 1190 puero
1873 1147 1909 1179 et
1943 1145 1986 1179 de

860 1192 861 1195 ¹
938 1196 971 1231 S.
999 1196 1182 1242 Stephano
1208 1197 1435 1232 contionatur
1464 1200 1600 1242 (6192).

584 1250 667 1285 Dec.
697 1251 752 1283 27.
860 1249 984 1284 'Festo
1011 1250 1044 1285 S.
1074 1251 1215 1285 Ioannis
1242 1251 1306 1286 Ev.
1343 1252 1472 1286 ibidem
1510 1253 1553 1287 de
1588 1251 1812 1298 praestantia
1839 1251 1986 1296 virgini-

939 1303 1026 1338 tatis
1053 1304 1140 1338 dicit
1168 1305 1302 1347 (6192).

585 1358 669 1392 Dec.
697 1358 752 1391 28.
862 1358 980 1401 ¹Dom.
1008 1360 1088 1403 post
1114 1358 1196 1392 Nat.
1225 1361 1259 1392 et
1296 1359 1389 1393 festo
1417 1358 1476 1394 SS.
1505 1359 1750 1394 Innocentium
1786 1358 1917 1393 ibidem
1945 1358 1986 1392 de

940 1413 1090 1455 utroque
1118 1412 1305 1455 evangelio
1332 1412 1558 1447 contionatur
1588 1413 1700 1456 (632).

501 1496 572 1533 sub
588 1494 680 1532 anni
696 1493 842 1531 exitum
882 1495 1028 1532 Canis-ii
1066 1495 1239 1544 „Parrus
1277 1497 1523 1533 catechismus
1560 1494 1862 1535 CathoHcorsz
1894 1496 1987 1533 Ant-

944 1557 1090 1604 verpiae
1099 1567 1121 1591 α
1134 1555 1260 1603 Sylvio
1274 1561 1306 1593 ec
1320 1556 1500 1593 Plautino
1515 1555 1579 1603 [1‘·
1596 1554 1988 1605 ede'tioplantiniana]

942 1615 1137 1662 erulaatur
1166 1615 1287 1662 (787).

502 1672 738 1713 subinitium
753 1672 845 1710 anni
884 1666 1062 1711 c'anisinss·
1092 1687 1224 1722 preces
1259 1676 1445 1724 quasdam
1476 1674 1543 1721 [tar
1568 1677 1784 1723 {Jermanico
1812 1687 1880 1712 sno
1901 1687 1991 1723 pre-

942 1736 1131 1771 cationum
1161 1733 1305 1780 libro&
1335 1735 1488 1772 selectas
1516 1735 1660 1783 μναῖ-«μα
1691 1733 1813 1780 (785).

649 1814 693 1818 -
885 1794 1031 1831 (incisis
1061 1791 1269 1842 „Summcc‘t
1300 1795 1530 1843 Autem-piac
1560 1799 1614 1841 et,
1650 1795 1842 1843 hispanice
1870 1806 1991 1841 frema,

944 1852 1148 1890 l'ulle'soleti
1176 1854 1373 1902 erulyatm·
1401 1853 1506 1900 (790.
1539 1854 1643 1899 791).

606 1940 679 1974 Ian.
711 1940 739 1973 1.
885 1940 992 1974 Festo
1019 1939 1309 1975 Circumcisionis
1334 1940 1476 1975 Domini
1504 1940 1669 1974 Canisius
1695 1940 1730 1974 in
1757 1939 1909 1974 ecclesia
1935 1950 1991 1974 ca-

945 1993 1098 2027 thedrali
1126 1993 1353 2028 contionatur
1382 1994 1476 2034 (622.
1504 1994 1602 2037 651).

592 2046 756 2081 Ianuario
887 2047 1044 2089 Collegio
1080 2046 1270 2082 societatis
1304 2047 1502 2093 Oeniponte
1540 2047 1722 2082 condendo
1758 2046 1868 2081 libros
1907 2046 1992 2080 emit

948 2101 1059 2144 (702).

608 2148 682 2182 lan.
709 2148 740 2181 4·
887 2154 986 2188 Dom.
1014 2157 1095 2199 post
1122 2154 1329 2188 Circumcis.
1356 2154 1391 2188 in
1426 2154 1559 2200 templo
1594 2153 1791 2189 cathedrali
1818 2153 1860 2188 (le
1887 2164 1993 2188 evan-

946 2207 1039 2251 gelio
1066 2207 1134 2241 diei
1161 2206 1247 2241 dicit
1275 2207 1389 2251 (620).

609 2255 682 2289 Ian·
710 2256 741 2289 5
888 2260 1021 2304 Vigilia
1040 2260 1261 2305 Epiphaniae
1280 2261 1322 2295 (18
1341 2261 1528 2305 evangelio
1546 2260 1616 2295 diei
1634 2260 1860 2295 contionatur
1879 2259 1993 2303 (617).

610 2309 682 2343 Ian·
711 2309 742 2342 G·
888 2315 993 2348 Festo
1019 2314 1241 2359 Epiphaniae
1275 2314 1310 2348 in
1346 2314 1432 2349 aede
1458 2314 1615 2349 maxima
1641 2314 1684 2349 de
1710 2313 1852 2349 Christo
1877 2313 1994 2357 magis

947 2368 1177 2402 manifestato
1204 2367 1289 2402 dicit
1318 2368 1432 2412 (617).

531 2451 629 2501 post
664 2449 701 2490 6.
737 2447 827 2489 Ian.
889 2450 1230 2506 Ingolstadium‚
1273 2465 1299 2493 a
1331 2451 1546 2493 Bavariae
1580 2450 1699 2492 ducis
1740 2449 1995 2492 consiliariis

948 2517 1196 2567 arcessitus,
1230 2516 1517 2571 proficiscitur
1548 2515 1685 2570 (683).

508 2579 586 2620 sub
619 2577 729 2620 med.
759 2577 849 2620 Ian.
889 2582 1144 2636 Ingolstadii
1179 2582 1231 2624 de
1263 2581 1550 2625 universitate
1576 2580 1854 2623 reformanda
1876 2581 1921 2622 et
1943 2579 1995 2621 de

949 2647 1130 2701 collegio
1147 2647 1434 2701 Straubingae
1457 2646 1677 2689 condendo
1695 2645 1788 2700 agit
1805 2659 1855 2688 ac
1872 2644 1995 2686 varia

951 2716 994 2756 et
1025 2727 1103 2767 pro
1137 2712 1272 2755 Sociis
1314 2715 1358 2755 et
1388 2727 1467 2767 pro
1499 2711 1760 2767 pauperibus
1791 2708 1996 2754 studiosis

949 2778 1156 2832 impetrat
1188 2777 1474 2831 (682—684).

601 2860 676 2894 Ian.
706 2861 758 2895 18.
893 2865 992 2899 Dom.
1019 2865 1064 2898 II.
1091 2876 1123 2909 p.
1151 2864 1215 2909 Ep.
1242 2863 1431 2910 Augustae
1463 2865 1505 2899 de
1530 2864 1755 2899 sacramento
1780 2860 1995 2896 matrimonii

951 2917 1091 2961 [contra
1117 2917 1375 2962 protestantes]
1402 2917 1489 2952 dicit
1517 2916 1631 2961 (683).

602 2967 675 3001 Ian.
703 2967 758 3001 25.
896 2972 993 3006 Dom.
1022 2970 1315 3016 Septuagesimae
1351 2973 1386 3004 et
1420 2971 1513 3005 festo
1549 2967 1801 3005 Conversionis
1832 2966 1867 3002 S.
1893 2965 1996 3000 Pauli

953 3035 1056 3058 mane
1081 3024 1117 3058 in
1142 3023 1296 3058 ecclesia
1322 3023 1519 3058 cathedrali
1545 3023 1619 3058 vim
1645 3020 1793 3057 secundi
1814 3019 1998 3065 praecepti

952 3077 1123 3120 Decalogi
1158 3080 1194 3111 et
1224 3077 1452 3121 evangelium
1479 3076 1549 3111 diei
1575 3075 1752 3121 explicat,
1787 3076 1867 3119 post
1893 3084 1996 3118 pran-

954 3130 1050 3164 dium
1068 3130 1252 3175 intemplo
1266 3130 1578 3164 Dominioanorum
1593 3129 1636 3163 de
1650 3127 1882 3163 conversione
1894 3125 1998 3160 Pauli

954 3184 1040 3219 dicit
1068 3185 1163 3228 (619.
1190 3185 1288 3228 621).
