2093 3444
237 220 320 261 616
395 216 552 250 Monum.
581 216 755 259 (august.)
785 216 864 250 248.
894 215 941 259 (A
970 217 999 250 1.
1025 216 1181 251 Ianuarii
1211 218 1299 252 1561
1328 217 1372 251 ad
1398 218 1453 252 31.
1481 217 1687 254 Decembris
1716 219 1832 263 1562.)

234 335 406 389 saepius
439 333 780 377 concionaretur.
825 334 995 376 Placuit
1026 334 1062 376 is
1093 335 1202 376 liber
1223 336 1504 377 vehementer
1536 336 1674 379 doctis
1706 340 1750 379 et
1781 337 1988 379 indoctis“

235 400 352 453 (vide
394 413 523 453 supra
565 414 605 453 p.
641 400 757 451 594).
822 400 966 452 Atque
1007 399 1053 442 P.
1088 401 1317 442 Hurz‘adus
1350 401 1481 442 Perea
1519 400 1720 454 Augusta
1762 403 1799 444 5.
1833 400 1996 456 Aprilis

238 467 347 507 1561
384 465 439 506 ad
471 464 668 505 Lainium
700 464 884 514 rettulit,
918 464 1133 506 Canisium
1166 465 1276 506 feria
1308 465 1361 507 V.
1394 464 1437 506 in
1471 465 1613 507 Coena
1645 466 1817 507 Domini
1850 480 1996 508 coram

235 529 475 572 cathedrali
516 529 705 583 capitulo
738 528 921 571 latinum
953 529 1156 571 habuisse
1197 544 1461 580 sermonem,
1503 530 1558 572 ad
1590 531 1793 585 populum
1835 534 1993 583 autem,

234 595 347 648 quod
379 594 565 637 usitatas
599 594 651 635 de
683 593 884 647 passione
917 593 1138 636 contiones
1171 609 1256 636 non
1278 594 1471 645 haberet,
1507 609 1637 648 aegre
1669 595 1893 647 ferentem,
1929 596 1997 638 die

234 661 501 702 Parasceves
545 661 645 712 post
691 659 918 712 prandium
975 659 1050 708 „de
1093 659 1413 712 frequentanda
1461 660 1779 702 communione“
1834 661 1997 703 dixisse

233 724 384 779 (supra
424 739 464 778 p.
502 724 616 776 109).
682 724 739 766 Et
779 724 872 777 ipse
912 726 1111 766 (lamissus
1154 725 1394 778 Oeniponte
1439 726 1504 768 18.
1539 725 1647 766 Iunii
1694 727 1803 768 1561
1846 726 1996 768 Lainio

234 789 429 843 scripsit:
485 789 579 839 „Me
626 788 741 842 parti
789 789 830 829 di
874 789 1075 842 Augusta
1122 789 1319 831 hauendo
1368 789 1527 832 fornito
1576 790 1660 832 alle
1707 790 1908 844 prediche
1956 791 1998 833 di

233 856 260 897 l’
285 855 438 897 ottaua
481 854 548 895 del
588 853 844 896 Santissimo
884 854 1188 897 Sacrainento“
1238 855 1388 908 (supra
1428 869 1468 908 p.
1507 854 1631 908 165);
1675 869 1785 908 quae
1826 855 1997 909 quidem

235 920 459 962 contiones
491 918 734 960 cotidianae
768 918 901 961 fuisse
933 919 1156 969 videntum
1191 934 1290 961 nam
1324 919 1519 961 Canisius
1554 919 1794 974 Oeniponte
1827 922 1866 963 4.
1894 921 1998 963 Maii

236 986 349 1027 1562
383 984 517 1025 Hosio
551 983 745 1037 scripsit,
781 997 848 1033 se,
884 998 978 1026 cum
1012 983 1212 1038 Augusta
1244 985 1406 1035 abiret,
1441 985 1711 1038 Augustanis
1743 985 1998 1039 promittere

234 1050 432 1092 debuisse
464 1048 703 1102 (promissis
736 1051 853 1091 stare
885 1063 971 1090 11011
1003 1050 1165 1103 potuit;
1199 1064 1239 1092 v,
1268 1064 1399 1104 supra
1421 1065 1461 1104 p.
1486 1052 1585 1092 433.
1610 1049 1728 1103 434),
1763 1064 1808 1092 se
1840 1050 1998 1092 ibidem

235 1115 583 1157 contionaturum
606 1127 702 1155 esse
730 1114 809 1164 „ad
831 1114 968 1156 festos
987 1114 1077 1156 dies
1094 1115 1376 1157 Pentecostes
1399 1118 1442 1157 et
1465 1129 1541 1169 per
1565 1118 1662 1157 octo
1686 1118 1999 1168 consequentes

234 1180 379 1231 ferias,
414 1193 524 1233 quae
557 1179 609 1220 de
642 1179 841 1221 sanctiss.
871 1179 1026 1222 Christi
1061 1194 1241 1234 corporo
1273 1195 1358 1222 non
1391 1180 1483 1222 sine
1516 1180 1767 1233 quotidiana
1800 1181 1999 1223 contione

233 1247 460 1298 Augustae
498 1244 734 1286 solenniter
766 1245 1063 1286 celebrantur“
1103 1244 1253 1299 (supra
1285 1260 1325 1299 p.
1362 1246 1480 1298 427).
1545 1246 1593 1286 Iu
1635 1245 1880 1288 sscontionis
1912 1246 2000 1288 Do-

233 1311 391 1352 minica
422 1310 563 1364 prima
585 1309 952 1362 Quadragesimae
976 1310 1062 1361 (15.
1088 1310 1329 1361 Februarii)
1357 1313 1468 1352 1562
1491 1309 1719 1363 Augustae
1751 1311 1794 1352 in
1817 1311 2000 1353 ecclesia

235 1375 475 1419 cathedrali
516 1375 692 1416 habitae
733 1375 910 1416 exordio
952 1374 1065 1416 idem
1100 1376 1299 1417 Canisius
1339 1376 1522 1429 primum
1566 1375 1736 1428 quidem
1779 1375 2000 1418 auditores

238 1442 292 1484 ad
325 1441 437 1482 sacri
469 1440 585 1482 illius
617 1440 825 1493 temporis
856 1440 1114 1489 .,ordinein“.
1150 1440 1221 1493 qui
1252 1443 1376 1490 „ante
1407 1440 1524 1482 mille
1552 1455 1686 1482 annos
1710 1441 1994 1483 constitutus“

241 1507 378 1557 „haud
401 1506 527 1547 dubie
551 1519 684 1558 usque
708 1505 762 1547 ad
786 1505 931 1547 mundi
954 1506 1082 1547 finem
1105 1506 1448 1555 obseruabitur‘*‚
1485 1505 1715 1559 diligenter
1736 1506 2000 1548 servandum

234 1572 432 1626 graviter
478 1571 701 1620 hortatum
752 1571 904 1612 deinde
953 1574 1099 1613 autem
1143 1571 1204 1612 sic
1251 1571 1416 1625 pergit:
1473 1572 1616 1613 ..Haec
1663 1571 1706 1612 in
1750 1585 1909 1624 genere
1953 1573 2001 1613 ut

234 1637 400 1689 munerj
444 1650 540 1677 meo
585 1635 874 1686 satisfaciam,
933 1650 1030 1677 cum
1075 1636 1255 1678 debeam
1297 1650 1392 1678 esse
1437 1636 1505 1678 ein
1546 1637 1690 1679 fasten
1731 1636 1818 1678 vnd
1869 1649 1999 1690 puess

234 1702 436 1757 prediger
469 1737 476 1744 .
512 1701 571 1742 Et
612 1703 659 1743 ut
700 1701 839 1754 magis
882 1701 1068 1743 excitem
1109 1701 1164 1743 ad
1208 1701 1343 1743 uitam
1387 1702 1711 1752 correctiorem,
1757 1701 1855 1743 uolo
1896 1700 1998 1742 mihi

234 1768 317 1822 ipsi
363 1767 474 1808 hanc
520 1766 805 1820 penitentiam
850 1766 1092 1821 imponere,
1142 1769 1190 1808 ut
1234 1767 1415 1820 posthac
1462 1767 1672 1819 quottidie
1716 1767 1908 1808 laborem
1955 1765 1998 1807 in

234 1833 362 1875 vinea
395 1832 565 1885 Dominj
610 1834 654 1873 et
686 1832 738 1873 de
780 1832 910 1873 uerbo
944 1832 1023 1873 Dei
1065 1831 1226 1884 aliquid
1268 1832 1537 1886 praedicema
1578 1830 1810 1884 (seminare
1840 1832 1999 1873 bonum

235 1897 400 1950 semen)
435 1932 443 1939 .
478 1896 632 1938 Tribus
666 1896 814 1938 diebus
848 1897 900 1938 de
932 1897 1101 1938 ζ1111111310
1134 1899 1331 1938 extremo
1370 1899 1413 1938 et
1446 1898 1611 1938 duobus
1644 1897 1696 1939 de
1729 1896 1999 1939 Catechismo

235 1978 313 2018 pro
354 1962 618 2016 simplicibus
634 1963 661 2010 1,
705 1961 774 2015 qui
816 1963 922 2004 bene
964 1965 1094 2015 egent
1126 1962 1240 2015 fidelj
1285 1962 1337 2003 de
1369 1962 1612 2016 praecipuis
1650 1961 1846 2016 partibus
1878 1961 1999 2003 Chri-

234 2029 404 2071 stianae
446 2027 669 2069 doctrinae
710 2026 1016 2068 informatione
1049 2062 1057 2070 .
1093 2027 1315 2068 Demnach
1356 2027 1559 2081 proposui
1600 2027 1704 2068 mihi
1745 2026 1813 2068 die
1844 2025 2000 2067 Martis

236 2096 280 2136 et
301 2093 424 2135 Jouis
456 2095 556 2146 post
588 2091 815 2146 prandium
839 2093 945 2134 hora
977 2092 1178 2142 secunda,
1213 2092 1416 2146 progredj
1450 2092 1493 2133 in
1526 2106 1574 2134 eo
1599 2091 1711 2145 quod
1745 2091 1863 2145 coepi
1897 2093 1999 2133 ante

235 2173 407 2208 annum,
443 2171 497 2198 ex
530 2156 654 2198 bonis
686 2157 926 2199 rationibus
961 2192 968 2199 .
1003 2156 1149 2198 Solum
1183 2157 1251 2198 die
1275 2157 1452 2212 Sabathj
1487 2157 1730 2210 quiescam“
1768 2156 1842 2210 (ex
1873 2155 2000 2197 huius

236 2222 447 2267 contionis
490 2222 822 2271 commentario,
866 2236 891 2264 a
932 2222 1101 2264 Canisio
1142 2222 1304 2264 dictato
1346 2225 1391 2264 et
1430 2222 1667 2276 recognito.
1731 2221 1831 2264 Cod.
1871 2220 1997 2271 ‚‚Can.

234 2290 286 2331 X.
320 2289 394 2331 T.“
432 2288 460 2329 f.
498 2287 588 2330 87¹³.
624 2286 731 2340 88²).

354 2352 610 2395 Contionum
631 2352 747 2394 inter
769 2354 807 2395 3.
832 2351 1020 2405 Augusti
1046 2353 1155 2394 1561
1191 2354 1234 2394 et
1258 2354 1326 2395 30.
1350 2352 1612 2394 Novembris
1638 2353 1748 2393 1562
1772 2351 1999 2404 Augustae

236 2433 262 2461 a
294 2418 465 2460 Canisio
496 2417 745 2459 habitarum
778 2417 1087 2459 commentaria
1120 2416 1211 2458 fere
1245 2416 1388 2459 omnia
1421 2417 1560 2458 adhuc
1593 2419 1771 2459 exstant
1807 2416 1851 2457 in
1883 2414 1999 2457 codi-

237 2483 356 2526 cibus
394 2483 520 2532 „Can.
555 2482 606 2525 X.
631 2483 745 2530 Aa&
787 2482 912 2530 „Can.
945 2482 996 2526 X.
1021 2482 1098 2531 T“,
1140 2482 1263 2531 „Can
1294 2482 1345 2524 X.
1370 2482 1453 2532 U“,
1495 2482 1619 2532 „Ca-n.
1654 2482 1811 2525 X.V“:
1846 2480 1999 2533 quibus

237 2547 508 2591 contionibus
541 2546 706 2600 aliquot
737 2547 849 2588 aliae
880 2561 935 2589 m.
960 2547 1189 2588 Decembri
1214 2549 1325 2589 1562
1358 2546 1516 2588 ibidem
1545 2546 1720 2588 habitae
1754 2548 1798 2588 et
1829 2545 1872 2587 in
1905 2545 1998 2588 cod.

243 2613 368 2664 „Can.
401 2612 453 2655 X.
488 2611 552 2654 U“
599 2611 768 2666 positae
809 2612 1032 2654 accedunt.
1097 2611 1284 2661 Quorum
1327 2611 1755 2662 commentariorum,
1798 2610 1912 2664 quod
1944 2610 2000 2652 ad

237 2677 448 2720 sermonis
489 2691 649 2730 genus,
695 2677 750 2718 ad
794 2676 1096 2730 scriptionem,
1142 2677 1197 2718 ad
1239 2677 1586 2727 emendationes,
1632 2675 1875 2718 additiones
1916 2676 1997 2716 etc.

238 2743 418 2793 attinet,
461 2742 612 2784 eadem
644 2741 736 2784 fere
769 2745 836 2784 est
873 2741 984 2783 ratio
1017 2744 1148 2794 atque
1181 2742 1588 2784 commentariorum
1630 2741 1683 2783 ad
1725 2755 1762 2783 a.
1801 2741 1912 2782 1559
1955 2742 2000 2782 et

241 2811 354 2851 1560
387 2807 698 2862 spectantium;
733 2807 785 2849 de
817 2807 971 2860 quibus
1002 2806 1102 2848 vide
1136 2808 1238 2849 Can.
1263 2807 1373 2861 Epp.
1401 2806 1455 2858 II,
1490 2807 1737 2848 844—846.
1786 2805 1998 2858 Pleraque

239 2875 292 2916 ab
336 2873 513 2914 Andrea
561 2872 681 2922 Stor,
737 2871 893 2913 iuvene
940 2871 1187 2913 litterarum
1233 2872 1425 2914 studioso
1474 2871 1545 2925 (de
1592 2885 1675 2924 quo
1722 2870 1821 2911 vide
1867 2882 1999 2923 supra

356 3016 369 3031 ³
399 3011 435 3044 C.
461 3021 528 3044 sua
552 3021 663 3043 manu
688 3012 710 3042 3
734 3021 782 3043 vv.
808 3020 880 3052 sqq.
907 3019 1019 3051 supra
1043 3019 1181 3042 versum
1204 3009 1370 3051 scripsi&
1395 3020 1484 3052 quae
1508 3009 1609 3042 uncis
1634 3018 1693 3052 eqo
1717 3007 1859 3041 inclusi.

361 3144 371 3163 ¹
399 3143 580 3177 Canisium
606 3143 641 3177 in
668 3143 735 3177 hac
760 3141 940 3176 sententia
966 3141 1009 3175 de
1034 3139 1106 3174 illis
1131 3122 1363 3174 hebdomadis
1389 3139 1524 3181 diebus,
1551 3139 1612 3183 qui
1637 3138 1805 3173 dominici
1829 3149 1898 3171 non
1916 3137 1998 3178 sint,

239 3196 348 3240 loqui,
375 3198 411 3230 et
436 3198 513 3230 tota
539 3196 616 3230 eius
642 3196 754 3230 oratio
782 3197 818 3229 et
843 3194 940 3229 facta
965 3193 1043 3239 ipsa
1072 3193 1128 3237 (ut
1152 3193 1247 3227 infra
1272 3205 1306 3238 p.
1333 3193 1400 3227 627
1428 3191 1630 3238 apparebit)
1657 3190 1860 3226 ostendunt.
