2093 3444
609 203 652 237 H.
689 203 915 237 Prooemium
942 203 1136 238 voluminis
1162 205 1272 239 tertii.
1726 222 1829 250 XVII

175 321 399 375 Epistulas
441 335 467 363 a
505 321 674 363 Canisio
715 321 796 364 hoc
838 324 1035 376 tempore
1077 322 1225 373 datas,
1269 325 1482 376 quotquot
1524 327 1678 367 nactus
1720 339 1829 374 sum,

56 400 249 441 propono
290 386 507 439 integras,
554 401 640 429 una
684 389 854 429 tantum
901 387 1138 442 particula,
1186 387 1306 429 cuius
1347 389 1466 431 locus
1508 389 1622 432 infra
1663 405 1702 444 p.
1745 392 1830 432 263

57 451 228 506 punctis
260 451 530 506 interpositis
564 452 839 505 designatur,
883 455 1091 507 excepta3
1134 453 1241 494 haec
1274 452 1386 495 enim
1422 454 1474 496 de
1505 454 1557 495 iis
1589 455 1717 497 rebus
1751 457 1832 505 est,

33 518 170 570 'quae
203 531 258 559 ex
290 531 376 559 una
407 520 534 571 parte
566 517 621 559 ad
653 517 904 561 historicam
939 518 1230 571 cognitionem
1263 518 1377 560 haud
1411 519 1639 561 admodum
1668 521 1832 571 valent,

59 596 115 624 ex
147 582 286 625 altera
318 585 465 625 autem
498 582 553 624 ad
585 582 804 625 internum
826 584 998 625 tantum
1030 583 1171 625 forum
1194 583 1416 637 pertinent
1449 587 1492 626 et
1526 599 1620 626 cum
1654 585 1834 627 summis

58 647 411 701 magistratibus,
447 662 530 701 quo
562 647 715 690 melius
748 647 1039 690 conscientiae
1072 649 1125 690 ab
1158 648 1210 690 iis
1242 651 1475 702 regantur,
1514 654 1683 692 secreto
1717 665 1834 693 com-

58 712 335 756 municantur
367 711 439 765 (cf.
467 714 570 755 Can.
596 714 705 767 Epp.
729 713 783 761 II,
818 714 972 766 XXIII).
1016 712 1174 766 Atque,
1209 716 1258 756 ut
1290 715 1422 757 semel
1447 715 1600 765 dicam,
1635 715 1834 768 quamvis

59 777 184 833 parvi
206 778 413 821 momenti
435 778 679 820 huiusmodi
711 792 780 820 res
804 793 900 820 esse
922 779 1166 830 videantur,
1192 780 1423 822 convenire
1445 783 1592 823 tamen
1617 780 1833 831 existimo,

59 846 109 886 ut
141 858 285 886 rerum
319 844 610 886 conscientiae
642 844 861 896 regendae
894 844 1038 897 gratia
1080 844 1175 886 aliis
1209 845 1534 887 commissarum
1571 846 1703 888 etiam
1736 849 1836 900 post

60 912 232 952 tantum
264 909 474 963 temporis
507 909 619 951 ratio
652 909 880 959 habeatur,
914 909 1172 963 praesertim
1196 911 1250 952 ab
1272 911 1444 953 homine
1468 911 1700 954 Societatis
1723 912 1834 961 Iesu,

62 989 173 1028 quae
204 975 248 1016 in
271 975 400 1017 rebus
423 975 477 1016 ad
511 974 802 1017 conscientiae
824 975 1166 1017 moderationem
1197 977 1495 1030 spectantibus
1517 977 1675 1020 secreti
1708 977 1836 1018 fidem

61 1044 153 1083 tam
185 1040 297 1082 serio
331 1054 508 1082 servare
541 1041 665 1082 solet.

181 1105 256 1148 ΙΙΙ.
289 1105 427 1147 Annis
454 1106 563 1148 1561
600 1109 644 1148 et
671 1106 781 1147 1562
816 1105 964 1148 multis
997 1119 1052 1147 ex
1084 1106 1281 1160 partibus
1314 1107 1368 1148 ad
1396 1107 1613 1150 Canisium
1642 1107 1838 1162 „magnis

64 1171 115 1213 de
158 1171 310 1213 rebus“
361 1170 571 1225 scriptum
616 1185 711 1213 esse
755 1171 879 1225 eique
924 1172 979 1213 ad
1022 1186 1225 1226 proceres
1269 1173 1428 1215 multas
1474 1187 1718 1227 gravesque
1765 1173 1839 1215 lit-

62 1241 181 1279 teras
215 1237 380 1279 dandas
412 1236 546 1278 fuisse
579 1251 635 1278 ex
665 1236 792 1278 huius
824 1237 1032 1291 temporis
1056 1237 1345 1280 monumentis
1378 1242 1552 1281 constat
1574 1239 1692 1291 (596.
1719 1237 1837 1291 783).

64 1302 206 1352 Quare
239 1301 465 1356 epistulae,
500 1316 611 1355 quae
643 1302 711 1343 hic
744 1305 976 1356 ponuntur,
1011 1306 1182 1357 partem
1215 1305 1386 1345 tantum
1421 1304 1692 1347 constituunt
1723 1304 1839 1346 illius

62 1368 309 1411 litterarum
344 1367 611 1415 commercii,
654 1368 776 1410 velut
818 1382 925 1421 quas
959 1368 1012 1409 ab
1052 1382 1101 1410 eo
1144 1372 1406 1423 acceperunt
1438 1371 1508 1412 vel
1551 1370 1605 1412 ad
1638 1384 1735 1412 eum
1769 1370 1840 1411 de-

65 1434 220 1476 derunt
253 1433 409 1475 Daniel
442 1433 629 1475 Brendel
662 1433 1012 1487 archiepiscopus
1051 1434 1353 1487 moguntinus,
1396 1435 1581 1477 Ioannes
1623 1436 1677 1477 ab
1710 1436 1840 1489 Hoya

66 1498 292 1554 episcopus
326 1498 677 1552 osnaburgensis,
713 1499 931 1540 Gerardus
954 1499 1284 1541 Kalckbrenner
1306 1500 1693 1554 (Hammontanus)
1723 1501 1842 1555 prior

67 1564 285 1606 cartusiae
312 1564 584 1614 coloniensiS,
617 1563 863 1606 Fridericus
886 1564 1124 1618 Staphylus
1156 1564 1456 1608 universitatis
1487 1566 1842 1620 ingolstadiensis

66 1630 449 1684 superintendens,
496 1629 709 1683 Georgius
751 1630 1051 1683 Sigismundus
1085 1629 1185 1672 Seld
1226 1630 1396 1685 imperii
1441 1631 1840 1683 vicecancellarius,

66 1696 252 1738 Ioannes
285 1695 517 1737 Udalricus
551 1695 703 1737 Zasius
734 1695 997 1737 Ferdinandi
1029 1695 1060 1738 I.
1097 1696 1286 1738 caesaris
1320 1696 1590 1739 consiliarius
1631 1698 1844 1752 epistulas

67 1761 153 1804 iam
195 1760 361 1815 perisse
401 1774 456 1802 ex
488 1760 650 1803 litteris
683 1775 794 1814 quae
827 1764 1061 1815 supersunt
1093 1761 1297 1815 colligere
1329 1762 1431 1804 licet
1464 1763 1581 1815 (263.
1618 1765 1716 1806 273.
1743 1765 1841 1806 551.

70 1828 138 1869 66.
174 1829 273 1869 320.
310 1827 408 1869 772.
445 1827 543 1869 564.
579 1826 697 1880 469).

188 1892 262 1935 IV.
296 1892 342 1933 In
369 1906 433 1940 ea,
468 1906 579 1946 quae
602 1892 741 1934 adhuc
765 1894 926 1943 exstat,
955 1892 1199 1934 commercii
1223 1892 1470 1947 epistularis
1492 1896 1618 1948 parte
1641 1908 1844 1948 suprema

70 1957 334 2000 christianae
366 1957 810 2012 reipublicae'capita
843 1960 1078 2011 apparent:
1121 1958 1250 2000 Pius
1282 1958 1356 2000 IV.
1391 1973 1532 2014 papa
1573 1963 1626 2002 et
1656 1960 1844 2001 Ferdi-

70 2023 282 2066 nandus
314 2022 346 2065 I.
380 2022 701 2077 imperator.
746 2023 972 2065 Accedunt
1005 2023 1086 2064 duo
1115 2023 1210 2073 viri,
1245 2023 1316 2077 qui
1349 2027 1452 2066 tunc
1483 2024 1525 2066 in
1560 2025 1843 2079 cardinalium

70 2088 252 2141 collegio
286 2090 331 2130 et
362 2088 541 2142 pietatis
575 2091 619 2131 et
641 2089 886 2131 litterarum
921 2088 1076 2131 studiis
1109 2089 1380 2132 eminebant:
1416 2090 1660 2133 Stanislaus
1684 2091 1846 2132 Hosius

70 2154 298 2209 episcopus
346 2154 603 2196 varmiensis
650 2154 850 2207 idemque
903 2154 1086 2208 primum
1145 2155 1411 2208 apostolicus
1459 2156 1574 2210 apud
1623 2170 1846 2198 caesarem

70 2218 267 2268 nuntius,
312 2218 465 2260 deinde
507 2233 617 2260 unus
659 2233 714 2260 ex
755 2218 1026 2273 praesidibus
1068 2219 1235 2261 concilii
1277 2220 1524 2272 tridentini,
1568 2224 1701 2275 atque
1740 2222 1846 2264 Otto

71 2284 310 2326 Truchsess
344 2284 396 2325 de
428 2284 694 2337 Waldburg,
738 2283 966 2338 episcopus
1001 2287 1293 2338 augustanus,
1337 2287 1614 2339 germanicae
1656 2287 1847 2329 nationis

70 2350 112 2391 in
147 2349 267 2391 curia
299 2363 480 2391 romana
519 2351 785 2404 „protector“
825 2351 908 2392 etc.
973 2350 1236 2404 Comparent
1278 2351 1411 2394 etiam
1442 2351 1626 2394 Ioannes
1665 2353 1847 2394 Iacobus

73 2415 228 2457 Khuen
276 2415 328 2456 de
371 2415 533 2469 Belasy
581 2415 932 2469 archiepiscopus
979 2415 1336 2469 salisburgensis,
1386 2419 1430 2459 et
1474 2417 1691 2460 Antonius
1736 2418 1848 2459 Brus

74 2480 125 2522 de
166 2480 348 2533 Muglitz
394 2480 621 2535 episcopus
666 2480 850 2535 primum
893 2480 1252 2532 vindobonensis,
1302 2482 1456 2524 deinde
1498 2483 1848 2537 archiepiscopus

72 2545 314 2600 pragensis,
338 2545 473 2587 Iulius
496 2546 548 2587 de
570 2546 697 2599 Pflug
719 2546 947 2600 episcopus
970 2547 1344 2600 naumburgensis,
1369 2547 1614 2590 Fridericus
1637 2549 1689 2590 de
1708 2548 1848 2590 VVirs-

72 2612 181 2664 berg
222 2610 448 2665 episcopus
488 2610 824 2665 herbipolensis,
867 2611 1051 2653 Ioannes
1084 2611 1341 2654 Franciscus
1375 2613 1719 2655 Commendonus
1758 2613 1849 2667 epi-

74 2691 230 2730 scopus
275 2676 488 2729 Zacynthi
536 2679 580 2719 et
623 2675 800 2718 nuntius
844 2676 1131 2730 apostolicus,
1181 2677 1255 2719 alii
1299 2677 1381 2719 viri
1426 2679 1496 2720 vel
1541 2678 1737 2721 doctrina
1778 2679 1849 2720 vel

75 2741 229 2784 officiis
273 2741 510 2795 opibusque
553 2744 854 2795 praestantes,
903 2745 952 2784 ut
995 2742 1210 2784 Martinus
1256 2743 1433 2785 Cromer
1476 2743 1708 2786 canonicus
1753 2758 1850 2785 cra-

76 2806 290 2849 coviensis
323 2809 367 2848 et
388 2806 593 2848 Poloniae
625 2807 741 2860 regis
774 2806 889 2860 apud
912 2820 1133 2848 caesarem
1167 2811 1329 2858 orator,
1364 2809 1578 2850 Henricus
1603 2808 1850 2851 Scribonius

76 2871 440 2925 metropolitanae
485 2871 695 2913 ecclesiae
736 2871 964 2925 pragensis
1009 2872 1306 2927 praepositus,
1354 2873 1576 2915 Cornelius
1619 2874 1782 2915 Herlen
1824 2888 1849 2916 a

76 2936 315 2979 Rosenthal
348 2936 648 2978 universitatis
681 2936 929 2989 dilinganae
961 2939 1118 2987 rector,
1152 2938 1404 2980 Matthaeus
1433 2939 1623 2980 Galenus
1657 2938 1849 2980 eiusdem

76 3001 377 3044 universitatis
418 3001 660 3056 professor,
704 3002 879 3043 Marcus
911 3002 1119 3043 Velserus
1153 3001 1362 3055 (VVelser)
1402 3004 1592 3053 ,‚senior“
1639 3003 1849 3057 patricius

77 3071 360 3120 augustanus,
396 3066 676 3109 Sebastianus
709 3067 811 3109 Zott
842 3066 1113 3109 consiliarius
1147 3081 1389 3113 caesareus,
1430 3069 1619 3110 Thomas
1652 3069 1850 3110 Busaeus

77 3131 308 3174 canonicus
340 3132 646 3185 noviomagus,
681 3145 736 3173 ex
770 3132 1001 3174 Societatis
1033 3135 1179 3175 autem
1213 3133 1456 3174 homiuibus
1490 3134 1676 3176 Sanctus
1709 3134 1848 3175 Fran-

78 3197 217 3239 ciscus
264 3197 316 3239 de
360 3197 542 3251 Borgia.
591 3197 772 3239 Iacobus
816 3197 991 3239 Lainius
1037 3197 1246 3251 (Laynez)
1295 3198 1526 3240 Societatis
1574 3199 1849 3253 praepositus

1525 3269 1570 3301 b*
