2093 3444
179 181 334 214 Monuni.
365 180 538 225 (vindob.)
569 182 648 217 379.
678 183 739 225 (M.
768 183 867 216 Iunio
894 184 952 217 vel
979 183 1068 218 111110
1098 184 1213 227 1561.)
1243 184 1322 219 380.
1352 184 1415 224 (M.
1443 184 1530 218 Iulio
1560 184 1676 227 1561.)
1739 186 1820 226 761

60 297 274 344 futurum„
319 297 408 350 cui,
452 301 553 340 ante
587 313 713 351 quam
747 299 845 340 hinc
879 299 1141 343 discederet.
1184 300 1311 341 finem
1345 299 1561 353 imposuit.
1627 300 1825 354 Suscepit

59 361 165 404 illud
196 362 448 415 Jmperator
487 366 613 415 grato
656 363 796 405 animo
840 368 938 418 post
979 365 1215 406 discessum
1248 365 1294 408 P.
1328 364 1632 415 Prouincialis,
1675 379 1725 407 ac
1760 365 1823 406 ui—

61 426 202 469 cissim
225 426 381 468 librum
404 427 623 469 cuiusdam
643 429 766 481 quasi
788 429 1117 471 haeresiarchae
1136 433 1381 472 nostrorum
1401 443 1609 472 censurae
1627 430 1822 473 subiecit.

178 492 418 542 Caeterum,
453 507 548 534 cum
581 493 719 535 adhuc
751 493 974 536 nobiscum
1003 495 1065 537 R.
1091 495 1136 538 P.
1160 494 1443 537 Prouincialis
1476 498 1640 547 ageret,
1675 509 1824 548 quem-

61 557 159 598 dam
194 557 471 599 Sacerdotem
512 558 833 612 anabaptistam
875 560 988 613 apud
1020 560 1443 601 Reuerendissimum
1475 560 1678 610 Hosium,
1721 563 1824 602 tuuc

60 621 357 676 Apostolicum
390 622 614 673 Nuntium,
649 624 839 674 consilio,
873 623 994 675 iuuit,
1028 627 1159 678 atque
1191 624 1354 675 fauore,
1390 627 1439 666 ut
1471 625 1524 666 ad
1557 625 1823 667 Catholicam

59 687 186 729 fidem
219 687 392 731 rediret.
453 687 507 737 Is,
543 702 639 729 cum
672 689 869 742 deposita
902 689 1148 731 Sacerdotis
1181 690 1408 743 dignitate,
1443 689 1677 732 lanificium
1710 690 1822 744 apud

58 751 156 794 illos
179 752 442 805 aliquamdiu
476 752 626 794 maiori
650 754 776 795 credo
810 754 950 795 studio
974 755 1148 797 uirtutis
1182 753 1302 807 (non
1336 758 1516 797 tamen
1549 755 1822 797 secundum

2 869 3 872 Ἴ
23 813 26 815 ’
60 817 330 859 scientiam
347 817 378 870 1)
404 831 532 871 quam
549 818 666 872 impij
685 818 746 859 illi
769 818 881 861 ferre
904 822 1118 873 poterant,
1144 819 1421 870 exercuisset,
1446 820 1626 874 resipuit
1647 820 1823 862 tandem

60 882 218 924 Diuina
250 882 394 935 gratia
424 883 518 924 ille:
553 886 683 936 atque
715 884 849 934 fucos,
884 884 1158 938 imposturas,
1197 884 1551 939 impietatemque
1582 884 1824 939 Anabapti-

61 950 226 990 starum
249 951 400 1001 aperte
423 947 531 990 satis
554 962 806 1001 agnoscens,
831 953 972 1003 capta,
998 952 1074 991 aut
1091 950 1234 1003 potius
1257 950 1405 992 oblata
1427 964 1452 992 a
1470 951 1560 992 Deo
1585 950 1821 1001 occasione,

61 1026 168 1066 quas
201 1012 361 1055 diutius
394 1027 521 1066 quam
555 1013 773 1056 debuisset
805 1017 1026 1064 traxerat,
1062 1029 1204 1056 moras
1237 1015 1456 1066 dissoluit,
1495 1018 1626 1068 atque
1659 1016 1712 1057 ad
1745 1030 1824 1057 nos

60 1078 255 1131 confugit
290 1113 299 1121 .
332 1078 562 1120 Confessus
596 1082 683 1129 est,
718 1082 765 1121 ut
798 1079 936 1120 uirum
970 1079 1257 1121 Christianum
1291 1081 1435 1131 decet,
1476 1081 1527 1122 de
1559 1080 1748 1135 peccatis
1781 1081 1821 1121 in

61 1143 243 1196 collegio
266 1146 429 1194 nostro,
454 1157 504 1184 ac
528 1143 727 1186 abiurata
749 1144 930 1194 haeresi,
955 1145 1190 1186 humillime
1211 1148 1384 1199 sumpta
1406 1160 1431 1187 a
1448 1145 1823 1187 Reuerendissimo

60 1211 408 1263 praememorato
431 1208 565 1250 Hosio
588 1209 790 1263 imposita
813 1209 1092 1263 poenitentia,
1126 1210 1169 1251 in
1193 1210 1381 1263 gratiam
1414 1211 1543 1264 rediJ't
1565 1210 1822 1259 Seruatoris‚

59 1274 204 1327 rigore
238 1288 449 1316 canonum
490 1274 726 1327 prudenter
766 1277 1008 1328 temperato
1045 1310 1052 1318 .
1086 1275 1317 1328 Aegerimo
1359 1275 1500 1317 animo
1539 1276 1732 1318 tulerant
1762 1276 1825 1317 illi

61 1339 174 1392 quod
206 1339 316 1381 Italo
350 1339 517 1381 cuidam
543 1339 754 1381 catholico
788 1340 842 1381 ad
874 1343 1056 1382 mortem
1081 1340 1350 1382 decumbenti
1380 1355 1502 1395 opem
1534 1341 1718 1384 tulisset.
1745 1376 1752 1383 .
1780 1376 1787 1383 .
1815 1376 1822 1382 .

61 1404 206 1447 Seruit
237 1404 324 1447 iam
356 1404 618 1459 pauperibus
650 1404 694 1446 in
725 1405 1014 1447 Xenodochio.

880 1534 1010 1576 379.

666 1623 783 1660 Mense
809 1623 910 1660 Iunio
937 1623 996 1660 vel
1021 1624 1114 1661 Iulio
1140 1623 1225 1661 1561.

181 1713 236 1747 Ex
262 1713 439 1747 Victoriae
464 1711 596 1746 litteris
623 1711 868 1757 autographis.
920 1712 1004 1746 Cod.
1035 1712 1096 1754 „Gn
1125 1713 1188 1757 Ep.
1217 1713 1266 1746 11“
1298 1713 1322 1747 f.
1349 1712 1428 1747 303.

184 1791 352 1825 Ccmiszfus
377 1791 515 1824 litteras
541 1791 815 1833 qnadrimestres
841 1790 974 1833 colleyc'i
998 1791 1265 1823 vindobonensis
1291 1791 1459 1823 emendat.

180 1874 229 1916 P.
253 1874 436 1915 Ioannes
466 1874 517 1914 de
539 1873 722 1914 Victoria
745 1874 787 1915 S.
811 1873 869 1923 J.,
903 1877 1036 1914 rector
1058 1874 1214 1927 colleyii
1236 1872 1569 1926 vindobonensis,
1610 1873 1822 1928 Tyrum-ia

62 1941 131 1982 30.
165 1939 269 1981 Iulii
302 1941 414 1981 1561
448 1939 627 1980 Romam
660 1939 718 1980 cccl
750 1938 799 1980 P.
837 1938 1178 1992 Christoplzorum
1205 1938 1489 1991 Maclridizcm,
1521 1939 1672 1980 Lama?
1701 1953 1825 1993 prae-

59 2005 186 2060 posita⁸
223 2005 434 2059 967ze7'c1lis
474 2005 704 2057 vit-arama,
749 2004 800 2043 de
834 2003 1005 2044 cfmzisio
1046 2003 1148 2044 haec
1179 2005 1371 2057 scripsit:
1410 2003 1469 2044 Le
1511 2003 1826 2055 quadrimestre

63 2069 141 2111 che
174 2069 240 2113 .V.
274 2069 324 2112 R.
360 2068 574 2110 domanda
614 2068 643 2109 il
685 2068 818 2121 padre
850 2067 1120 2109 Prouinciale
1161 2067 1217 2109 ha
1257 2068 1418 2110 hauuto
1451 2082 1536 2109 vno
1579 2068 1827 2122 exemplare
1858 2069 1859 2072 ’

63 2135 145 2177 ben
190 2134 268 2176 che
309 2148 440 2176 erano
482 2133 582 2176 fatti
629 2133 736 2175 dieci
779 2146 881 2187 pero
923 2146 1008 2174 non
1049 2133 1191 2174 hanno
1230 2133 1414 2184 seruito,
1458 2135 1502 2175 et
1544 2133 1632 2175 cosi
1672 2133 1731 2175 lui
1771 2134 1827 2175 ha

62 2199 243 2254 pigliato
275 2199 306 2241 il
338 2202 561 2253 assumpto
595 2198 636 2240 di
668 2198 924 2240 reformarle
957 2200 1001 2239 et
1031 2197 1143 2239 farle
1175 2198 1412 2252 racopiare.

181 2287 345 2321 Victoria
371 2286 514 2330 collegii
540 2285 817 2319 vindobonensis
842 2284 983 2318 litteras
1010 2284 1292 2328 quadrimestres
1318 2284 1512 2329 significat,
1542 2296 1634 2329 quae
1659 2296 1706 2319 m.
1733 2285 1828 2319 Maio

64 2340 215 2375 Romam
241 2340 336 2374 mitti
363 2340 579 2379 debuerant3
607 2338 689 2372 vide
716 2350 825 2382 supra
851 2350 883 2382 p.
912 2338 967 2371 56.
996 2338 1050 2372 74.
1078 2338 1158 2372 202.

880 2455 1011 2496 380.

809 2538 851 2575 M.
879 2538 970 2575 Iulio
997 2538 1082 2575 1561.

184 2626 238 2660 Ex
265 2626 464 2668 Actrc'fabrc'
488 2622 722 2668 autographO,
749 2622 843 2667 quod
871 2624 925 2656 est
951 2621 1177 2656 Francofurti
1204 2621 1247 2655 ad
1274 2621 1441 2656 Moenum
1467 2621 1504 2655 111
1530 2620 1746 2656 bibliotheca
1772 2633 1828 2655 ur-

66 2679 169 2720 bana,
196 2679 285 2724 Epp.
312 2690 399 2713 mss.
425 2678 470 2712 ad
496 2677 686 2722 Beyerum,
713 2675 836 2710 fascic.
863 2687 941 2720 epp.
968 2674 1162 2709 Aurifabri.

185 2756 359 2789 Rumores
383 2755 424 2787 de
453 2754 597 2788 Canis-2⁸0
622 2753 771 2795 aliisque
796 2752 1040 2785 Vindobonam
1065 2753 1222 2785 evocatis.

184 2840 368 2881 Ioannes
398 2836 638 2890 Aurifccber
668 2835 985 2888 (Goldsclcmid)
1021 2834 1338 2888 „Wuariensiffl
1377 2833 1724 2887 (ww—1575),
1757 2835 1829 2888 qui

67 2905 246 2947 Lutherc'
275 2903 467 2957 famulus
496 2902 640 2956 fuerat
673 2906 709 2943 et
734 2906 878 2957 postea
901 2902 991 2942 eius
1012 2901 1140 2943 libros
1173 2915 1220 2942 ac
1252 2901 1434 2941 maxime
1457 2898 1723 2954 „Colloquiffl'
1763 2912 1828 2940 ea*-

68 2969 265 3012 audenda
297 2969 471 3021 curavit,
505 2968 697 3008 Vimam‘a
721 2965 966 3018 (lVeWzar),
999 2966 1073 3007 ubi
1100 2966 1276 3007 Ioannis
1298 2965 1341 3006 F
1338 2965 1513 3006 riderici
1534 2965 1592 3006 II.
1617 2964 1831 3006 semoniae

69 3036 189 3077 ducis
222 3035 541 3075 contionatorem
576 3032 743 3087 ayebcrt,
790 3032 885 3083 „die
918 3030 1029 3072 Iovis
1067 3035 1158 3085 post
1189 3029 1515 3084 Maryaretlzae“
1551 3029 1641 3081 (17.
1675 3029 1830 3081 Iulii&

191 3158 202 3179 ¹
227 3156 328 3191 Rom.
357 3156 410 3197 10,
436 3154 468 3189 2.
