2093 3444
721 171 835 205 Roma
860 172 892 207 4.
920 171 1057 217 Aprilis
1085 173 1186 207 1562.
1753 179 1835 220 401

63 289 181 343 quali
213 289 250 330 si
281 291 433 343 potese
456 288 599 331 subito
633 289 737 331 dare
770 290 1054 334 sodisfatione
1078 292 1120 333 al
1144 291 1326 345 Signore
1348 293 1471 335 Duca
1498 308 1568 336 ma
1600 309 1681 348 pur
1713 309 1839 338 uerso

60 354 92 396 il
125 354 362 397 settembre
395 353 431 395 si
463 354 624 396 uedera
666 354 708 396 di
739 356 948 398 mandare
982 357 1165 410 qualche
1197 371 1282 399 uno
1320 357 1531 412 piacendo
1565 374 1590 400 3
1622 359 1772 412 Jddio,
1817 364 1840 403 0

61 419 130 462 fra
162 421 316 472 questo
348 433 469 461 mezo
492 419 529 461 si
552 419 729 462 doueria
755 421 963 463 atendere
986 424 1011 464 a
1033 436 1270 476 preparare
1292 423 1335 464 la
1357 422 1640 475 habitatione,
1676 425 1834 476 chiesa,

62 487 107 528 et
138 485 382 539 supeletelli
416 485 624 527 necesari.

178 549 209 592 il
251 551 393 592 rettor
433 549 476 591 di
507 550 715 603 Pragha1
756 551 896 593 scriue
938 565 1059 594 esere
1102 552 1303 594 concluso
1345 552 1375 594 il
1417 553 1593 606 negotio
1632 554 1673 595 di
1707 555 1838 608 oybin

62 614 155 658 asai
176 616 285 658 bene
307 629 379 657 ma
411 615 441 656 il
463 615 604 657 Padre
627 615 798 658 Vitoria
821 619 943 659 sente
967 617 1215 660 altrimente
1231 618 1260 660 2.
1305 617 1357 659 V.
1382 617 1649 661 Reuerentia
1678 620 1839 662 uedera
1879 665 1882 668 Δ

63 680 105 722 di
135 681 179 723 la
211 695 258 723 se
290 681 404 723 altra
438 694 540 722 cosa
572 680 607 722 si
641 681 802 723 douera
834 682 928 724 fare
961 682 1003 724 di
1035 697 1160 725 nouo.

183 745 262 796 Qui
302 745 338 788 si
370 745 533 788 uedera
565 747 664 800 quel
706 746 783 788 che
825 746 861 788 si
901 750 1030 801 potra
1072 747 1166 789 fare
1195 749 1242 801 jn
1274 751 1399 790 torno
1442 749 1483 790 al
1517 749 1776 792 collationar
1808 751 1839 792 il

63 810 242 853 concilio
285 810 434 853 efisino
477 811 555 853 che
595 813 724 866 porta
762 826 860 854 seco
903 815 1056 866 questo
1089 812 1430 855 Ambasciadore
1472 828 1552 856 con
1594 815 1736 868 quello
1770 816 1838 858 del

0 908 1 911 η
61 876 294 919 uatichano
311 878 339 918 3.

181 941 274 984 Jeri
314 941 351 984 si
382 956 487 984 sono
529 941 682 984 riceuti
724 941 754 983 li
790 943 872 985 100
906 942 1027 984 scudi
1069 942 1172 984 doro
1215 943 1339 985 chela
1371 943 1421 986 R.
1455 944 1508 987 V.
1544 944 1611 987 cia
1642 946 1839 989 mandati

61 1021 140 1062 per
179 1007 297 1049 mani
338 1006 441 1049 delli
473 1007 645 1060 Signori
677 1007 849 1049 Velzeri
894 1043 903 1051 .
944 1008 1018 1050 Ma
1058 1007 1119 1061 gli
1156 1009 1211 1050 40
1245 1008 1365 1050 scudi
1406 1023 1492 1051 non
1532 1010 1718 1054 bastano
1759 1026 1838 1066 per

60 1072 223 1115 viatico
256 1072 357 1114 delli
389 1072 462 1125 gia
493 1072 688 1114 mandati
721 1075 765 1114 et
797 1072 838 1114 di
872 1073 1031 1115 oolloro
1065 1073 1143 1114 che
1175 1072 1211 1115 si
1242 1074 1458 1116 mandano
1476 1076 1504 1117 4.

181 1137 289 1187 Quel
321 1137 601 1180 Predicatore
633 1138 854 1180 Thedesco
897 1139 1147 1180 cuiusdama
1177 1138 1389 1193 Principis
1431 1140 1508 1181 che
1549 1140 1595 1182 fu
1629 1143 1836 1184 mandato

62 1205 88 1245 a
119 1203 397 1256 Jngolstadio
430 1217 514 1257 puo
547 1202 695 1245 uenire
728 1205 754 1244 a
787 1218 864 1245 suo
896 1204 1068 1258 piacere
1102 1206 1127 1245 a
1159 1204 1350 1255 Roma5,
1395 1207 1439 1247 et
1476 1219 1557 1247 con
1589 1206 1649 1248 lui
1679 1207 1837 1260 potrab

61 1268 210 1311 uenire
241 1268 409 1311 hanche
432 1269 719 1322 qualchiduno
752 1270 862 1324 peril
889 1269 1071 1323 collegio
1095 1269 1343 1323 germanico
1377 1274 1420 1313 et
1442 1285 1528 1312 non
1549 1271 1608 1313 mi
1629 1274 1836 1315 restando

62 1334 174 1377 altro
208 1334 285 1376 che
316 1348 386 1376 me
419 1334 510 1376 dire
542 1334 586 1377 fo
618 1335 703 1376 fine
735 1335 1153 1377 raccomandandoci
1194 1335 1301 1377 tutti
1333 1336 1466 1378 molto
1504 1337 1617 1378 nelle
1651 1338 1837 1380 orationi

63 1399 103 1441 di
136 1399 190 1443 V.
224 1400 274 1442 R.
309 1402 379 1442 etc
413 1434 421 1442 .
456 1399 498 1441 di
530 1400 669 1442 Roma
701 1400 731 1441 li
764 1402 789 1441 4
824 1399 866 1442 di
899 1400 1035 1455 aprile
1070 1402 1196 1443 1562.

62 1544 240 1579 strissimo
267 1544 349 1578 duci
374 1545 498 1579 statim
524 1544 737 1579 satisfacere
762 1545 963 1590 possimus3
999 1547 1157 1579 attamen
1183 1545 1258 1579 Deo
1284 1546 1437 1590 propitio
1472 1546 1537 1580 sub
1564 1558 1723 1581 mensem
1752 1548 1835 1593 Sep-

61 1598 237 1632 tembrem
264 1609 370 1632 curae
396 1598 498 1632 nobis
525 1598 610 1640 erit,
637 1600 678 1632 ut
704 1598 843 1643 aliquos
869 1599 1070 1640 mittamus3
1100 1601 1208 1643 atque
1234 1599 1371 1633 interea
1398 1599 1588 1634 convenire
1614 1601 1768 1643 videtur,
1795 1604 1836 1636 ut

62 1651 193 1694 domui,
221 1651 404 1694 ecclesiae,
431 1652 659 1686 necessariae
686 1652 904 1697 supellectili
930 1652 1099 1697 parandis
1126 1664 1233 1697 opera
1260 1653 1373 1687 detur.

181 1705 313 1739 Rector
339 1705 483 1749 quidem
518 1705 731 1750 pragensis¹
767 1705 952 1749 negotium
987 1706 1170 1740 oibinense
1205 1706 1295 1740 sat-is
1321 1717 1489 1751 prospere
1516 1707 1719 1741 absolutum
1755 1719 1835 1742 esse

60 1757 206 1799 scribit;
233 1760 271 1792 at
295 1761 399 1804 pater
424 1758 586 1794 Victoria
613 1759 720 1793 aliter
745 1759 856 1793 sentit
868 1760 890 1793 2.
944 1757 1060 1800 Quare
1086 1759 1290 1794 reverentia
1316 1761 1439 1794 vestra
1464 1760 1545 1795 istic
1571 1760 1722 1803 videbit,
1749 1773 1834 1795 num

63 1812 149 1856 quid
175 1812 272 1846 aliud
299 1814 485 1857 praeterea
511 1812 715 1847 faciendum
741 1813 799 1847 sit.

180 1866 249 1900 Hic
284 1866 504 1907 videbimus,
544 1866 629 1910 quid
664 1866 700 1900 in
735 1866 877 1901 concilii
913 1866 1075 1911 ephesini
1110 1866 1295 1911 exemplo,
1334 1867 1426 1911 quod
1462 1869 1582 1902 orator
1618 1867 1676 1902 hie
1711 1880 1834 1903 secum

60 1919 194 1961 attulit,
221 1931 302 1953 oum
329 1919 497 1954 vaticano
523 1919 738 1954 conferendo
765 1920 942 1965 praestari
968 1919 1082 1965 possit
1098 1920 1120 1954 ³.

33 2010 38 2018 ·
180 1972 267 2007 Heri
296 1972 363 2008 100
388 1972 452 2007 1113
477 1975 621 2007 scutata
653 1985 782 2015 aurea,
818 1985 909 2017 quae
936 1972 976 2007 R.
998 1973 1040 2007 V.
1068 1985 1131 2018 per
1157 1973 1319 2007 dominos
1344 1973 1514 2008 Velseros
1546 1974 1648 2009 nobis
1674 1974 1833 2017 miserat,

59 2026 194 2061 tradita
218 2026 320 2061 nobis
354 2028 451 2061 sunt.
501 2028 552 2061 At
576 2027 622 2062 40
648 2027 711 2061 1113
737 2029 880 2061 scutata
906 2039 969 2072 pro
995 2027 1128 2061 viatico
1156 2028 1191 2060 et
1217 2026 1287 2060 iam
1314 2026 1436 2061 missis
1472 2029 1508 2061 et
1533 2027 1741 2062 mittendis4
1775 2041 1834 2063 ne-

61 2079 217 2115 cessario
243 2091 313 2114 non
338 2079 537 2115 sufficiunt.

181 2132 359 2168 Germano
401 2133 455 2167 illi
493 2133 666 2179 principis
709 2134 895 2168 cuiusdam
937 2133 1173 2168 contionatori
1211 2133 1473 2177 Ingolstadium
1511 2134 1646 2169 misso⁵
1683 2135 1834 2169 Romam

59 2186 194 2229 venire,
221 2188 328 2232 prout
351 2186 421 2232 ipsi
438 2186 594 2229 libuerit,
621 2187 724 2228 licet;
751 2187 836 2221 licet
863 2187 972 2221 etiam
991 2198 1071 2221 cum
1098 2187 1175 2232 ipso
1202 2187 1359 2231 aliquem
1384 2187 1420 2221 in
1439 2187 1631 2231 collegium
1657 2189 1835 2231 germani-

26 2266 29 2271 .
60 2251 141 2274 cum
167 2240 301 2275 venire.
353 2240 400 2274 Et
425 2252 507 2275 cum
533 2241 650 2282 aliud,
687 2241 779 2285 quod
807 2241 941 2282 dicam,
978 2252 1048 2275 non
1074 2240 1245 2283 habeam,
1281 2240 1461 2274 scribendi
1486 2241 1593 2275 finem
1620 2241 1733 2283 facio,
1768 2253 1834 2276 nos

60 2305 184 2328 omnes
211 2294 318 2328 valde
345 2294 599 2329 commendans
626 2294 846 2329 orationibus
872 2294 913 2328 R..
933 2294 975 2328 V.
1004 2296 1072 2328 etc.
1122 2293 1238 2328 Roma
1263 2294 1296 2328 4.
1323 2294 1459 2339 Aprilis
1489 2295 1589 2329 1562.

178 2380 291 2416 Nota:
326 2381 381 2415 Ex
406 2381 475 2415 hac
501 2380 657 2426 epistula
682 2380 925 2423 intellegitur,
963 2379 1146 2414 canisium
1180 2379 1328 2423 (litteris
1355 2380 1505 2414 Romam
1532 2381 1563 2415 7.
1590 2380 1714 2415 Martii
1742 2381 1833 2415 1562

60 2434 105 2469 ad
132 2434 376 2469 Salmeronem
401 2434 522 2469 missis
533 2434 568 2478 ‘?)
599 2434 721 2468 Socios
747 2445 912 2468 romanos
937 2444 1106 2476 rogasse,
1133 2435 1174 2467 ut
1199 2433 1243 2467 ad
1271 2433 1412 2468 concilii
1438 2433 1601 2479 ephesini
1627 2434 1833 2479 exemplum

58 2499 284 2530 monacense,
311 2488 405 2532 quod
432 2487 687 2531 Sigismundus
713 2487 923 2528 Viehauser,
951 2487 995 2521 ab
1022 2486 1172 2521 Alberto
1199 2486 1241 2521 V.
1269 2487 1360 2522 duce
1386 2487 1431 2521 ad
1457 2487 1562 2522 Pium
1588 2487 1650 2522 IV.
1678 2487 1833 2531 legatus,

59 2541 210 2577 Romam
236 2553 360 2576 secum
385 2541 570 2583 afferebat,
597 2553 676 2576 cum
695 2541 862 2575 vaticano
890 2539 1145 2575 conferendum
1172 2552 1316 2586 operam
1341 2552 1444 2575 suam
1468 2541 1683 2576 conferrent.
1724 2541 1834 2576 Cuius

179 2672 193 2686 ²
219 2665 295 2700 cuis
322 2665 404 2699 dam
429 2676 488 2709 ap.

178 2719 193 2739 ¹³
220 2720 391 2763 Sequitur
415 2717 459 2752 V.
486 2717 716 2761 Reuerentia,
741 2727 764 2750 (ι
790 2716 870 2750 libr.
898 2716 1148 2749 oblitteratum.

183 2844 192 2863 ¹
219 2842 259 2876 P.
285 2841 465 2876 Henricus
490 2840 714 2876 Blissemius.
815 2839 828 2860 ²
853 2838 944 2873 Vide
970 2849 1079 2883 supra
1105 2850 1137 2883 p.
1165 2837 1245 2872 387.

180 2896 193 2916 ³
219 2894 471 2939 sigismundus
497 2894 698 2928 Viehauser
723 2892 790 2927 hoc
816 2891 1020 2937 exemplum
1046 2903 1168 2926 secum
1194 2891 1380 2926 attulerat.
1430 2891 1541 2934 Vide,
1576 2902 1668 2936 quae
1693 2891 1762 2926 hac
1788 2892 1832 2926 de

59 2960 100 2983 re
125 2949 191 2984 sub
217 2950 334 2994 ipsam
359 2948 453 2983 hanc
478 2947 672 2993 epistulam
698 2945 911 2980 scribentur.

181 3004 193 3022 ⁴
220 3001 342 3037 Socios
367 3002 549 3045 significat
575 3012 621 3034 ex
645 2999 751 3033 Italia
777 2998 1015 3044 Oenipontem
1040 2998 1171 3033 missos
1198 2999 1234 3032 et
1258 2998 1474 3040 mittendos3
1510 2998 1650 3043 de‘qua
1675 3010 1713 3032 re
1747 2997 1832 3033 vide

60 3066 170 3101 supra
180 3055 483 3152 ⁵pl³.3{3l)eorgium
508 3105 767 3141 Rosenhaimer
793 3090 827 3140 S}
848 3105 880 3139 J.
907 3104 1090 3140 novicium
1116 3104 1234 3139 dicere
1260 3104 1423 3145 videtum
1452 3104 1495 3138 de
1521 3115 1591 3149 quo
1618 3105 1711 3148 vide,
1738 3116 1831 3149 quae

59 3162 178 3207 posita
203 3163 288 3197 sunt
312 3172 422 3206 supra
447 3173 481 3206 p.
509 3160 589 3195 390.

129 3226 441 3257 Braunsberger‚
460 3225 570 3250 03111311
587 3223 745 3255 Epistulae
762 3225 791 3248 et
805 3225 889 3249 Acta.
908 3224 961 3248 111.
1510 3219 1553 3252 26
