2093 3444
690 193 796 227 Ulma
823 193 878 227 21.
907 191 1064 236 Augusti
1093 192 1195 226 1561.
1747 194 1828 235 195

51 312 226 356 liberari
268 326 417 367 posse,
462 313 708 365 Augustam
753 326 905 353 uersus
946 311 1031 353 iter
1070 309 1262 359 institui,
1307 323 1403 350 cum
1446 323 1547 350 uero
1586 308 1832 363 Augustam

17 416 18 419 ,
50 379 222 434 appulj,
266 378 422 420 ductus
454 377 618 431 pudore
652 379 696 419 et
728 377 880 418 innata
922 374 1183 418 uerecundia
1224 388 1310 416 non
1352 373 1415 415 fui
1457 389 1587 416 ausus
1628 375 1671 416 in
1709 378 1831 418 tuum

51 443 256 500 progredi
290 445 592 497 conspectum,
636 442 788 484 statim
820 441 968 494 itaque
1001 440 1156 482 relicta
1188 438 1390 493 Augusta
1423 439 1598 481 Vlmam
1631 454 1699 481 me
1733 455 1832 482 con-

52 509 147 563 tulj,
175 508 218 550 in
240 508 436 563 paternis
460 507 638 550 aedibus
662 507 928 560 aliquamdiu
951 506 1055 556 sedi,
1086 505 1157 547 ubi
1178 519 1344 546 mecum
1370 519 1461 546 rem
1486 505 1638 546 melius
1662 520 1832 547 omnem

52 575 378 630 perpenderem,
414 572 502 614 vidi
534 572 662 614 facile
695 587 762 614 me
796 586 1015 625 nunquam
1047 573 1141 613 toto
1165 570 1283 613 uitae
1311 584 1406 612 mee
1429 570 1654 621 curriculo,
1690 571 1832 612 animo

52 642 210 695 pacato
245 641 289 681 et
330 638 478 692 quieta
511 638 721 691 religione
764 637 807 679 in
842 637 1060 679 Societate
1104 635 1374 686 conuersari,
1419 635 1588 685 uiuere,
1632 642 1738 677 neca
1771 634 1832 690 [P]

52 718 337 760 perseuerare
376 717 517 758 posse.
583 702 724 752 Quare
766 702 924 744 obnixe
963 704 1064 756 peto
1108 704 1240 754 atque
1282 701 1495 743 contendo
1529 703 1578 742 vt
1610 700 1658 743 T.
1694 701 1834 742 Reue-

55 771 190 813 renda
224 771 269 814 P.
304 769 408 812 mihi
440 770 510 811 uel
543 768 672 811 aliter
704 768 963 822 prospiciat,
999 768 1065 809 uel
1101 768 1258 809 saltem
1292 781 1317 808 a
1350 766 1535 821 simplici
1568 770 1670 808 uoto
1704 766 1835 820 (quod

54 835 363 890 grauissimum
395 834 499 876 mihi
531 833 765 887 multisque
797 833 930 885 foret)
964 832 1120 874 liberet
1137 834 1163 882 1,
1199 831 1476 873 nihilominus
1509 834 1657 873 tamen
1690 832 1837 874 fautor

55 904 102 944 et
132 901 246 943 filius
280 899 511 943 Societatis
544 901 755 953 perpetuo
790 898 1003 948 existam,
1046 898 1169 951 Rogo
1211 897 1360 950 itaque
1393 900 1442 939 vt
1484 911 1611 950 quam
1651 897 1835 951 primum

55 981 135 1022 per
166 967 338 1009 litteras
361 965 591 1008 liberatum
626 979 694 1006 me
716 964 974 1017 intelligam,
1009 977 1091 1016 quo
1115 962 1252 1005 tutius
1280 966 1323 1005 et
1345 962 1512 1004 minore
1545 977 1641 1004 cum
1674 963 1837 1016 pudore

58 1033 227 1074 vultum
250 1030 539 1084 Cancellarij2
572 1030 841 1083 aliorumque
865 1029 1082 1077 accedam,
1118 1028 1227 1070 Vale
1260 1028 1447 1070 feliciter
1480 1029 1639 1070 multos
1671 1028 1714 1069 in
1747 1028 1838 1069 dies

57 1100 191 1151 atque
225 1111 292 1139 me
325 1096 404 1139 tibi
437 1099 563 1150 pater
595 1095 653 1137 mi
686 1109 857 1149 semper
884 1093 1355 1136 commendatissimum
1377 1093 1501 1143 habe,
1535 1093 1707 1135 Literas
1740 1095 1838 1135 tuas

60 1177 138 1218 per
181 1162 363 1205 fratrem
408 1161 547 1216 patris
591 1161 675 1203 mei
720 1161 790 1202 vel
838 1159 1135 1202 Alexandrum
1180 1161 1382 1213 nepotem
1428 1173 1570 1200 meum
1616 1158 1838 1212 accipiam,

61 1229 224 1271 Datum
255 1227 412 1269 Vlmae
447 1229 498 1268 21
534 1226 721 1280 Augusti
756 1225 882 1267 Anno
918 1227 986 1276 61,

1043 1301 1090 1345 Τ.
1124 1300 1267 1342 Dauid
1300 1300 1475 1355 Wangb
1510 1299 1570 1355 [P]
1605 1301 1779 1343 Echius.

181 1401 208 1453 †
241 1400 496 1442 Reuerendo
528 1399 572 1440 in
605 1398 774 1441 Christo
809 1398 930 1440 Patri
963 1397 1134 1439 domino
1159 1397 1289 1440 Petro
1321 1397 1491 1439 Canisio
1525 1411 1677 1439 sacrae
1700 1396 1841 1438 Theo-

60 1467 204 1520 logiae
239 1464 461 1521 [Doctor]i
494 1479 544 1506 ac
578 1464 810 1506 Societatis
843 1464 985 1505 JESV
1020 1461 1320 1517 [Praepos]ito
1354 1462 1397 1504 in
1431 1461 1685 1511 Germania,
1731 1459 1842 1515 [Au-

59 1530 206 1587 stria],
242 1535 374 1585 atque
406 1530 628 1580 Bohemia,
1539 1528 1780 1580 Augustae.

183 1628 222 1662 P.
250 1627 426 1662 Davidem
458 1626 622 1670 Wanger
659 1625 825 1670 (WVangP
863 1625 984 1667 WVaug
997 1624 1030 1668 P)
1072 1623 1149 1658 sive
1185 1623 1338 1657 Eckium
1374 1643 1417 1647 —
1454 1622 1504 1656 ita
1543 1621 1636 1655 enim
1675 1633 1695 1655 a
1731 1621 1844 1656 Sociis

61 1682 262 1717 vocabatur
286 1701 332 1705 ——-
358 1680 579 1716 avunculum
612 1679 782 1714 habuisse
818 1678 1044 1724 praeclarum
1080 1677 1180 1711 illum
1218 1676 1397 1710 Simonem
1432 1675 1664 1710 Thaddaeum
1692 1675 1845 1709 Eckium

64 1735 214 1780 (Maier,
242 1747 287 1769 ex
312 1734 406 1775 Eck,
433 1734 584 1768 Suebiae
610 1732 803 1768 bavaricae
830 1744 931 1777 pago,
960 1732 1111 1773 ortum),
1140 1730 1316 1765 Bavariae
1343 1741 1551 1775 supremum
1577 1729 1844 1772 cancellarium,

62 1801 107 1824 ac
141 1788 288 1834 proinde
327 1788 435 1822 etiam
472 1787 669 1822 doctissimi
705 1786 802 1820 illius
838 1785 982 1820 Ioannis
1018 1784 1122 1819 Eckii
1161 1784 1196 1828 (†
1226 1784 1353 1827 1543),
1392 1783 1596 1826 theologiae
1631 1783 1846 1828 professoris

63 1841 369 1887 ingolstadiensis,
397 1842 457 1886 qui
477 1840 631 1875 Simonis
650 1840 833 1874 Thaddaei
859 1840 973 1873 frater
1000 1851 1045 1873 ex
1067 1840 1171 1884 patre
1197 1840 1285 1878 erat,
1312 1839 1478 1883 nepotem
1498 1837 1619 1879 fuisse,
1648 1849 1692 1871 ex
1713 1836 1846 1871 Canisii

63 1896 197 1931 litteris
222 1897 252 1930 6.
274 1895 496 1940 Septembris
523 1897 559 1929 et
579 1895 632 1929 15.
652 1894 867 1928 Novembris
890 1893 977 1927 1561
1007 1893 1048 1926 ad
1070 1891 1315 1926 Salmeronem
1342 1891 1436 1926 datis
1463 1891 1696 1934 intellegitur.
1734 1890 1778 1932 Is,
1806 1892 1847 1924 ut

63 1949 219 1990 videtur,
247 1961 339 1984 anno
368 1949 458 1984 1555
487 1961 532 1983 ex
557 1948 797 1982 universitate
816 1946 1087 1987 vindobonensi,
1115 1957 1180 1980 sua
1206 1945 1335 1990 potius,
1363 1956 1471 1989 quam
1491 1944 1625 1979 Canisii
1648 1944 1847 1986 voluntate,

63 2003 172 2038 huius
197 2005 319 2037 tamen
349 2002 481 2037 litteris
508 2001 815 2037 commendaticiis
850 2000 1069 2042 instructus,
1096 1999 1248 2033 Romam
1274 1998 1396 2043 petiit,
1432 1998 1490 2032 ubi
1519 2009 1558 2032 se
1593 1999 1628 2032 in
1655 1997 1847 2041 collegium

65 2057 312 2102 germanicum
337 2058 522 2101 receptum
550 2055 593 2090 iri
619 2055 791 2101 sperabat
819 2054 925 2098 (Can.
953 2053 1042 2098 Epp.
1072 2053 1096 2095 I,
1125 2052 1223 2097 517).
1263 2053 1303 2086 In
1330 2052 1528 2096 *Cataloqo
1554 2051 1698 2095 collegii
1726 2051 1848 2085 vindo-

65 2111 233 2146 bonensis
259 2110 326 2145 sub
352 2110 494 2144 initium
522 2121 553 2144 a.
574 2110 665 2144 1560
692 2109 844 2143 Romam
869 2108 979 2142 misso
1007 2108 1096 2141 haec
1121 2109 1225 2141 sunt:
1258 2106 1317 2149 „R
1337 2105 1452 2140 Dauid
1480 2106 1615 2140 Eckius
1635 2105 1848 2145 Germanus,

63 2165 254 2208 ingressus
289 2165 345 2198 est
372 2163 586 2198 Societatem
623 2175 715 2197 anno
742 2163 819 2206 55„
855 2163 963 2195 natus
1000 2163 1055 2195 est
1090 2172 1146 2194 an.
1173 2161 1230 2195 26.
1280 2159 1433 2204 Reliqua
1468 2171 1573 2201 uero,
1611 2171 1702 2203 quae
1729 2159 1772 2193 de
1808 2169 1849 2192 eo

65 2219 190 2253 essent
216 2217 423 2258 scribenda,
459 2217 649 2262 permultis
675 2216 894 2250 arbitramur
919 2216 1070 2260 pernota
1096 2225 1176 2248 esse
1203 2213 1384 2248 Romanis.
1435 2213 1624 2247 Caeterum
1651 2212 1709 2246 1110
1736 2211 1849 2257 primo

64 2283 161 2307 anno
187 2273 380 2317 postquam
407 2283 452 2305 ex
478 2271 566 2305 vrbe
589 2270 691 2305 venit
716 2269 895 2304 secundae
922 2268 1029 2302 classi
1057 2267 1225 2313 praefuit,
1252 2266 1391 2311 reliquo
1417 2279 1502 2301 uero
1528 2268 1690 2311 tempore
1716 2265 1849 2300 studio-

67 2337 148 2360 rum
175 2326 380 2359 exactorem
407 2324 484 2367 egit
511 2352 517 2358 .
545 2326 622 2358 tum
648 2323 720 2358 alia
747 2324 855 2357 etiam
882 2333 1119 2367 quaecunque
1145 2321 1283 2366 potuit,
1320 2332 1401 2355 011111
1436 2320 1472 2354 111
1497 2320 1605 2354 rebus
1633 2318 1849 2359 domesticis,

66 2381 146 2414 tum
164 2379 201 2413 in
219 2378 470 2420 concionando,
497 2378 757 2422 audiendisque
777 2375 1074 2416 confessionibus,
1103 2377 1211 2419 atque
1230 2374 1311 2420 alijs
1330 2373 1534 2408 huiusmodi
1552 2373 1669 2414 rebus,
1697 2373 1851 2407 libenter

67 2444 112 2468 ac
145 2433 235 2466 bene
271 2432 361 2466 satis
396 2431 591 2477 expediuit.
642 2430 830 2465 Lectiones
866 2429 967 2464 audit
1003 2429 1105 2463 modo
1142 2428 1398 2471 Theologicas,
1435 2439 1526 2472 quas
1561 2427 1674 2461 ferme
1709 2438 1852 2471 semper

69 2488 260 2532 postquam
287 2485 442 2520 classem
469 2485 628 2519 deseruit
660 2483 817 2524 audiuit,
854 2483 997 2527 ingenio
1024 2482 1145 2527 polere
1171 2494 1303 2525 magno
1336 2493 1406 2516 non
1431 2481 1593 2521 uidetur,
1630 2492 1746 2524 neque
1773 2491 1851 2524 pro-

69 2539 279 2585 pensionem
313 2538 422 2573 animi
458 2539 502 2573 ad
530 2538 689 2583 aliquam
714 2549 790 2571 rem
817 2538 952 2571 certam
979 2536 1124 2571 habere.
1176 2535 1281 2579 Legit
1308 2535 1509 2569 doctrinam
1544 2534 1779 2569 christianam
1816 2533 1851 2566 in

69 2593 204 2638 templo
239 2595 371 2627 nostro.
423 2592 502 2626 Non
529 2594 626 2627 esset
660 2592 804 2636 ineptus
840 2590 982 2624 omnino
1019 2589 1267 2630 concionator,
1303 2589 1335 2623 si
1361 2590 1458 2623 esset
1492 2587 1679 2628 audacior,
1714 2587 1852 2620 uiribus

67 2646 230 2692 corporis
257 2648 366 2690 atque
392 2645 541 2691 spiritus
568 2657 638 2680 non
664 2646 719 2679 est
745 2644 903 2679 omnium
929 2643 1092 2683 infimus,
1130 2643 1174 2676 ad
1201 2642 1360 2687 corporis
1387 2653 1471 2676 uero
1497 2641 1687 2682 honestas,
1725 2639 1852 2683 magis,

71 2712 181 2744 quam
206 2700 338 2734 mentis
360 2699 519 2734 actiones
548 2698 720 2743 (maxime
746 2698 776 2732 si
802 2697 885 2731 illae
911 2699 1032 2731 essent
1051 2696 1253 2730 maximaeC
1281 2695 1327 2740 [5³]
1354 2695 1533 2737 intensae)
1562 2695 1680 2739 aptior
1697 2693 1852 2730 uidetur,

70 2753 376 2799 Compendiosiori
412 2753 544 2787 artium
578 2752 716 2792 studio,
753 2752 928 2795 quantum
963 2750 1117 2784 arbitror
1153 2751 1250 2784 esset
1276 2750 1484 2789 contentus,
1521 2759 1601 2782 011111
1636 2757 1853 2791 magnopere

195 2893 209 2908 ²³
235 2888 293 2920 Vel
319 2888 381 2921 aut
391 2899 404 2929 ;
430 2887 574 2920 obscure
598 2886 780 2930 scriptum.
881 2885 894 2905 b
922 2884 1113 2928 Wanger?
1138 2883 1291 2926 Waug?

198 2948 209 2961 ⁰
237 2942 320 2984 Sic,·
346 2939 485 2974 valde?

199 3075 370 3110 ¹Eckius
410 3076 515 3117 ⁷‚vota
551 3073 868 3108 scholasticoru1n“
908 3072 1198 3116 nuncupaverat;
1238 3071 1280 3104 de
1317 3069 1445 3113 quibus
1480 3067 1563 3102 vide
1593 3068 1680 3101 Gan.
1709 3066 1855 3112 Epp.1‚

71 3129 285 3169 653—654;
314 3128 357 3169 Π,
386 3128 454 3163 770
466 3128 489 3162 ³.

197 3183 210 3203 ²
236 3182 391 3216 Simonis
416 3180 601 3216 Thaddaei
627 3180 750 3220 Eckii;
780 3179 862 3213 vide
889 3189 980 3223 quae
1007 3178 1073 3212 sub
1100 3177 1216 3223 ipsam
1241 3177 1336 3211 hanc
1363 3174 1556 3220 epistulam
1583 3173 1762 3208 dicuntur.

1505 3241 1573 3272 13*
