2093 3444
94 214 251 248 Monuni.
280 211 457 257 (august.)
485 212 565 247 249.
595 212 730 256 (Sacris
757 210 936 255 Quadrag.
966 210 1084 256 [Febr.
1110 212 1146 245 et
1171 210 1293 255 Mart]
1320 223 1351 245 a.
1382 211 1469 246 1561
1499 213 1535 246 et
1557 211 1675 256 1562.)
1733 215 1817 255 625

47 331 118 373 uel
149 330 434 373 Concionibus
458 329 726 371 Germanicis
758 329 891 372 Pater
922 331 1084 378 noster,
1118 329 1214 369 Aue
1246 328 1399 378 Maria,
1434 329 1569 371 Credo
1604 332 1647 372 et
1679 331 1820 373 Deca-

47 395 173 449 logus
209 431 216 438 .
251 395 418 437 Deinde
449 395 634 449 populus
675 394 826 436 sedere
863 394 1065 436 iubeatur
1099 428 1106 435 .
1141 392 1381 434 Exordium
1412 393 1611 436 lectionis
1644 396 1697 437 ab
1729 397 1820 438 Ex-

47 460 282 515 plicatione
323 460 570 502 sententiae
602 459 737 512 Regis
769 459 932 511 Dauid,
977 458 1049 512 qui
1092 459 1145 500 ab
1187 458 1268 500 hoc
1310 458 1491 500 docendi
1531 474 1693 512 genere
1734 476 1821 503 non

48 525 294 577 abhorruit,
329 525 527 568 Venite
560 525 736 579 (inquit)
768 525 908 579 filij,
943 524 1136 567 audite
1167 538 1267 573 me,
1302 523 1571 566 Timorem
1604 526 1819 580 Dominj

49 591 255 633 docebo
297 605 394 633 vos
435 590 574 633 PsaL:
609 591 701 633 381
763 590 833 632 Sic
865 589 1024 632 Tobias
1065 588 1198 631 filium
1238 588 1365 630 docet
1397 588 1650 642 diligenter,
1693 605 1822 645 prae-

49 656 201 699 sertim
232 655 434 699 timorem
475 655 741 706 inculcans2‚
785 655 854 698 Sic
887 655 1083 697 Christus
1124 668 1249 696 suum
1291 667 1397 707 erga
1428 668 1586 708 pueros
1619 656 1822 698 affectum

48 721 183 776 varijs
216 721 355 763 modis
387 722 584 764 declarat
617 737 625 764 :
660 721 942 771 Benedicens,
977 720 1271 774 complexans,
1306 720 1507 762 osculans
1521 721 1550 771 3,
1586 720 1822 764 defendens

50 787 261 829 aduersus
293 786 554 829 Pharisaeos
576 787 723 829 Math:
759 787 857 828 214.
893 790 937 829 et
970 789 1124 828 contra
1145 784 1381 839 Apostolos
1413 785 1559 828 Math:
1597 788 1663 829 18.
1710 787 1823 829 Vbi5

48 852 252 907 proponit
284 852 537 907 praemium,
572 855 616 894 et
648 851 957 906 recipientibus
984 865 1154 905 pueros,
1189 853 1234 893 et
1265 849 1457 893 minatur
1489 852 1825 895 scandalizanti-

49 918 141 961 bus.
191 917 300 968 Quid
331 917 500 960 multa?
548 917 728 960 Sinite
761 917 1028 971 paruulos
1060 915 1253 958 venire
1286 916 1348 957 ad
1381 917 1509 967 mess,
1552 917 1741 969 scilicet,
1776 921 1825 961 vt

51 983 311 1034 doceantur,
346 985 391 1026 et
424 983 595 1025 discant
627 982 855 1024 scientiam
888 981 1044 1024 salutis
1079 1016 1086 1024 .
1121 981 1215 1023 Nec
1248 980 1444 1032 dubium,
1488 981 1591 1035 quin
1623 983 1822 1038 Apostoli

50 1048 113 1091 sic
144 1048 350 1098 fecerint,
393 1047 653 1103 praesertim
685 1048 847 1089 Paulus
880 1047 934 1089 ad
967 1046 1232 1097 Corinthios,
1268 1046 1421 1099 quibus
1453 1048 1521 1089 lac
1555 1048 1696 1100 dedit,
1737 1063 1824 1091 non

51 1113 237 1156 solidum
279 1114 420 1155 cibum
455 1115 509 1156 .1.
544 1113 744 1155 Corinth:
779 1113 834 1154 37
869 1148 876 1155 .
911 1112 1022 1153 Ebr:
1057 1112 1081 1153 5
1118 1147 1126 1154 .
1160 1111 1342 1164 loquens
1385 1112 1582 1154 omnibus
1613 1114 1727 1156 male
1759 1114 1825 1156 in-

51 1170 219 1223 stitutis
268 1178 524 1221 Christianis
572 1177 889 1231 quodammodo
936 1212 944 1220 .
990 1177 1315 1219 Imbecilles
1368 1178 1510 1220 facti
1563 1179 1704 1222 estis
1757 1180 1825 1222 ad

52 1244 383 1287 audiendum
419 1279 427 1287 .
461 1243 680 1286 Etenim
713 1257 821 1285 cum
853 1242 1139 1285 deberetis
1171 1242 1432 1295 magistri
1465 1257 1579 1286 esse
1611 1248 1826 1299 propter

51 1311 291 1364 tempus,
334 1323 529 1351 rursus
561 1308 857 1362 indigetis,
901 1312 959 1351 vt
992 1307 1325 1358 doceamini,
1369 1322 1506 1361 quae
1546 1312 1674 1352 sunt
1705 1311 1826 1352 Ele-

51 1379 235 1418 menta
288 1374 507 1429 exordij
562 1388 868 1416 sermonum
922 1373 1050 1419 Dei,
1106 1376 1162 1416 et
1212 1373 1357 1416 facti
1410 1373 1574 1425 estis,
1630 1376 1826 1429 quibus

52 1440 202 1483 lacte
235 1454 368 1495 opus
400 1440 497 1491 sit,
531 1454 635 1481 non
667 1439 848 1481 solido
883 1439 1044 1482 ciboS.
1094 1438 1341 1493 Applicatio
1374 1439 1430 1481 ad
1462 1454 1671 1494 praesens
1696 1441 1828 1484 Insti-

51 1508 209 1556 tutum,
244 1506 478 1547 secundum
513 1505 760 1559 exemplum
792 1505 1046 1559 prophetae,
1081 1504 1240 1546 Christi
1273 1507 1318 1547 et
1349 1504 1661 1559 Apostolorum
1695 1541 1703 1549 .
1739 1507 1827 1549 Do-

53 1571 159 1613 cebo
191 1585 270 1613 vos
301 1585 387 1612 non
419 1570 558 1613 veluti
589 1570 810 1625 sapientes
843 1573 886 1613 et
910 1570 1074 1620 doctos,
1109 1570 1185 1612 sed
1218 1569 1354 1612 ueluti
1386 1571 1593 1625 paruulos
1626 1574 1670 1614 et
1701 1572 1826 1623 filios,

54 1636 202 1679 venite
228 1638 401 1679 tantum
424 1635 672 1678 lubentibus
706 1639 750 1678 et
772 1635 900 1678 laetis
933 1635 1101 1686 animis,
1137 1638 1181 1678 et
1213 1649 1305 1677 rem
1327 1639 1520 1679 vestram
1554 1637 1626 1690 agi
1648 1638 1826 1692 putetis,

52 1704 103 1744 vt
135 1702 291 1745 merito
326 1701 409 1744 dici
441 1704 486 1744 et
519 1715 614 1743 esse
646 1701 721 1756 filij
756 1701 864 1743 Deia
904 1701 1081 1756 possitis
1116 1736 1122 1742 .
1157 1701 1393 1755 Proponite
1425 1702 1549 1744 vobis
1582 1704 1828 1758 exemplum

53 1767 181 1809 Pueri
215 1767 362 1818 IESV,
405 1767 478 1820 qui
518 1767 640 1809 uelut
681 1767 926 1820 exemplum
969 1766 1160 1809 discendi
1193 1766 1453 1808 Catechismi
1493 1768 1716 1822 praebuit,
1760 1783 1829 1811 se-

53 1832 208 1888 positis
241 1832 438 1875 omnibus
476 1834 521 1874 et
552 1832 716 1874 relictis
759 1832 892 1875 etiam
924 1831 1179 1886 parentibus
1210 1831 1372 1874 mansit
1412 1832 1457 1874 in
1488 1834 1674 1888 templo,
1717 1835 1830 1877 sedit

55 1898 213 1952 quiete,
249 1898 428 1940 audiens
461 1901 505 1941 et
526 1898 805 1951 interrogans
826 1898 1054 1949 Doctores,
1088 1912 1175 1939 non
1196 1911 1312 1939 vana
1336 1901 1379 1941 et
1401 1898 1528 1949 leuia,
1563 1900 1639 1941 sed
1661 1903 1828 1952 sancta,

54 1978 216 2017 magna
249 1967 293 2006 et
325 1962 554 2006 salutifera
567 1964 595 2006 9.
645 1962 714 2005 Sic
737 1977 816 2005 vos
849 1963 1000 2006 adeste
1032 1977 1159 2014 nunc,
1194 1967 1239 2005 et
1270 1963 1454 2018 posthac
1487 1967 1682 2019 semper“
1721 1964 1766 2018 (l.
1792 1981 1827 2009 c.

56 2029 86 2071 f.
123 2029 240 2082 230).
303 2029 470 2071 Deinde
503 2028 699 2071 Canisius
733 2028 956 2072 doctrinae
990 2028 1253 2070 christianae
1285 2029 1594 2072 necessitatem
1637 2032 1681 2073 et
1713 2031 1830 2073 utili-

54 2097 209 2145 tatem,
241 2094 417 2147 nomina
437 2094 536 2136 Iesu
568 2097 612 2137 et
634 2093 814 2145 Mariae,
848 2093 1020 2148 signum
1044 2093 1183 2136 crucis
1210 2093 1414 2148 explicat.
1453 2094 1503 2136 In
1526 2095 1831 2139 reontionibus

57 2163 204 2203 autem
229 2160 419 2202 secunda
451 2162 495 2201 et
517 2159 663 2210 tertia,
698 2159 793 2213 quis
826 2159 883 2202 sit
904 2159 1046 2210 homo,
1081 2159 1177 2213 quis
1201 2159 1477 2211 christianus,
1512 2174 1624 2214 quae
1646 2161 1831 2205 hominis

55 2239 161 2267 vere
198 2224 447 2276 „christiani
476 2225 644 2279 signa“,
680 2224 861 2279 exponit
875 2226 910 2253 10
942 2223 990 2278 (f.
1016 2224 1328 2278 233b—2382).
1372 2225 1421 2267 In
1444 2226 1637 2279 *quarta
1660 2229 1828 2271 autem:

176 2348 190 2362 a
216 2343 260 2376 In
287 2353 405 2377 comm.
431 2345 595 2387 sequitur
620 2344 771 2377 alterum
800 2354 890 2377 esse.

57 2453 168 2489 matio
196 2453 260 2498 [et]
286 2453 487 2497 instructio,
514 2454 551 2489 in
577 2454 836 2500 principalibus
855 2457 891 2489 et
907 2455 1065 2489 maxime
1083 2453 1300 2500 necessarijs
1318 2454 1493 2500 partibus,
1519 2458 1666 2490 nostrae
1684 2458 1832 2492 sanctae

58 2510 95 2542 et
121 2507 349 2542 Christianae
373 2507 493 2542 Fidei“
526 2508 564 2553 (l.
592 2520 621 2543 c.
648 2508 673 2542 f.
700 2508 822 2552 230b).

181 2561 190 2581 ¹
218 2560 277 2595 Ps.
305 2561 360 2602 33,
388 2562 441 2596 12.
542 2562 555 2582 2
581 2561 634 2597 Cf.
661 2562 747 2596 Tob.
778 2562 807 2604 1,
835 2562 867 2596 9.
896 2562 959 2602 10;
986 2562 1018 2603 4,
1047 2561 1183 2600 6—23;
1213 2562 1266 2603 14,
1296 2561 1445 2596 10—11.

179 2615 192 2635 ³
219 2614 271 2649 Cf.
298 2614 428 2648 Matth.
458 2615 511 2657 19,
540 2615 690 2650 13—15.
725 2615 839 2650 Marc.
867 2615 921 2658 10,
951 2615 1100 2650 13—16.
1136 2615 1220 2649 Luc.
1249 2615 1304 2658 18,
1333 2615 1387 2650 15.

179 2669 192 2688 ⁴²
219 2667 272 2702 Cf.
299 2667 430 2702 Matth.
458 2669 513 2710 21,
544 2669 597 2703 15.
627 2669 680 2703 16.

180 2719 193 2738 ⁵
219 2720 273 2755 Cf.
301 2720 430 2755 Matth.
460 2722 514 2763 18,
544 2722 677 2760 1—-10;
708 2722 762 2763 19,
792 2721 845 2756 13.
875 2722 930 2756 14.
972 2720 1057 2756 Luc.
1087 2721 1141 2764 18,
1170 2721 1307 2756 15—17
1335 2723 1403 2756 etc.

180 2774 193 2793 ⁶
218 2774 329 2808 Marc.
358 2774 412 2816 10,
441 2775 494 2809 14.
538 2775 593 2810 Cf.
619 2774 748 2810 Matth.
778 2775 833 2814 19,
862 2775 916 2809 14.
959 2775 1045 2809 Luc.
1076 2774 1129 2817 18,
1159 2775 1213 2809 16.

180 2827 193 2847 ⁷
221 2827 274 2861 Cf.
303 2828 319 2861 1
350 2826 429 2862 Cor.
456 2827 487 2869 3,
517 2828 548 2863 1.
575 2828 608 2862 2.
708 2829 720 2849 s
747 2828 856 2862 Hebr.
885 2828 916 2869 5,
945 2829 1001 2862 11.
1029 2828 1083 2862 12.
1184 2829 1197 2848 ⁹
1223 2827 1278 2862 Cf.
1305 2828 1390 2862 Luc.
1417 2828 1449 2869 2,
1476 2828 1533 2862 46.
1560 2829 1616 2862 47.

167 2880 195 2900 ¹⁰
224 2879 336 2922 „Quid
361 2880 393 2915 si
419 2880 541 2915 dicant
566 2880 839 2926 [protestantes]
867 2881 924 2915 die
950 2881 1134 2926 Papisten.
1171 2881 1266 2915 sicut
1300 2880 1409 2915 etiam
1445 2880 1563 2915 dicere
1597 2880 1716 2915 solent
1751 2893 1832 2917 cum

60 2933 142 2978 quis
168 2936 291 2977 gestat
324 2933 512 2968 rosarium.
567 2934 624 2968 1.¹¹¹
658 2934 698 2969 si
733 2934 1007 2969 hominibus
1038 2934 1283 2979 placerem
1315 2933 1503 2968 Christi
1537 2945 1710 2969 seruus
1744 2947 1833 2970 non

60 2998 214 3022 essem
241 2986 336 3031 [Gal.
365 2987 404 3028 1,
434 2987 501 3031 10].
552 2988 745 3022 Amicus
771 2988 912 3023 huius
938 2987 1097 3022 mundi
1131 2987 1359 3022 inimicus
1385 2987 1468 3033 Dej
1504 2988 1833 3024 constituitur

62 3039 146 3085 [Iac.
173 3042 214 3082 4,
240 3040 289 3085 4].
341 3040 457 3082 Quia
496 3041 547 3075 de
585 3041 751 3075 mundo
789 3053 878 3075 non
916 3041 1040 3075 estis
1078 3043 1341 3086 propterea
1376 3041 1478 3075 odit
1514 3053 1597 3076 uos
1633 3043 1833 3079 mundus

61 3093 125 3138 [Io.
154 3094 215 3136 15,
245 3093 314 3138 19].
365 3094 414 3128 2.⁰
438 3093 565 3128 Nonne
589 3094 720 3128 melius
745 3096 801 3128 est
826 3095 971 3139 portare
1002 3094 1199 3136 rosarium,
1235 3105 1343 3138 quam
1378 3094 1516 3139 caligas
1543 3093 1741 3131 Saxonjcas
1774 3097 1834 3132 uel

61 3158 215 3192 pennam
244 3147 308 3192 [in]
334 3147 468 3191 galero.
504 3147 574 3181 Sed
598 3159 714 3181 nouae
739 3146 821 3181 fidei
847 3158 941 3181 noua
965 3147 1080 3182 uestis
1107 3147 1295 3181 conuenit“
1329 3147 1367 3192 (l.
1386 3159 1415 3182 c.
1442 3148 1468 3183 f.
1487 3148 1608 3192 23412).
1647 3149 1833 3185 Eiusmodi

61 3212 199 3246 pennas
225 3203 293 3236 etc.
320 3201 510 3245 Augustae
535 3200 693 3235 ministri
718 3200 1006 3235 Lutheranorum
1031 3202 1198 3245 gestasse
1225 3200 1404 3236 videntur.

132 3265 441 3297 Bra-unsberger,
463 3266 573 3291 Canisii
589 3266 747 3297 Epistulae
763 3267 793 3290 et
807 3267 891 3291 Acta.
910 3266 964 3290 111.
1507 3263 1554 3295 40
