2093 3444
477 219 634 253 Monum.
663 218 898 263 (augustana)
927 218 1007 253 255.
1038 218 1085 262 (2.
1112 219 1297 254 Februarii
1325 219 1442 264 1562.)
1755 221 1839 263 639

73 351 201 391 quam
233 337 276 378 in
308 336 424 378 illius
457 336 670 386 aduentu,
705 335 805 389 quia
837 336 1104 390 promouerit
1136 336 1178 378 in
1210 337 1304 379 uita
1335 352 1516 391 regnum
1551 338 1797 380 Sathanaea
1831 373 1838 379 .

71 401 303 456 praecipue
345 415 395 443 eo
436 401 579 444 tendit
616 401 746 451 liber,
790 403 839 443 ut
870 415 948 455 pro
989 400 1121 442 nihilo
1161 402 1375 445 ducantur
1414 402 1624 444 miracula
1659 438 1666 445 .
1700 403 1841 446 Debet

72 467 230 509 author
270 480 366 508 esse
405 465 633 521 imperitus
675 468 719 508 et
750 465 843 508 fere
884 465 1089 516 infidelis,
1133 466 1270 519 quodb
1309 469 1402 510 toto
1444 468 1552 510 libro
1584 470 1676 510 tam
1717 467 1842 523 parui

73 532 275 574 aestimet
306 531 516 573 miracula
550 545 660 584 quae
692 532 809 573 Deus
842 545 919 585 per
953 531 1135 574 Sanctos
1167 531 1272 574 fecit
1310 535 1354 575 et
1386 532 1514 582 facit,
1557 533 1664 575 haec
1698 533 1841 575 onmia

72 597 164 638 fere
196 597 333 646 ridet,
367 596 467 650 quia
499 610 584 638 non
616 598 718 638 sunt
750 596 914 650 scripta
945 595 989 637 in
1021 596 1276 649 Euangelio.
1325 597 1481 639 Nonne
1511 598 1591 639 hoc
1624 601 1691 640 est
1723 599 1840 640 blas-

71 662 278 717 phemare
311 662 450 703 Deum
483 661 555 714 qui
587 664 743 716 potens
776 663 843 703 est
884 661 927 702 in
961 661 1134 703 Sanctis
1175 664 1218 704 et
1250 664 1341 704 tam
1382 663 1520 706 multa
1553 666 1758 717 operatur
1798 663 1842 705 in

72 727 165 770 uita
199 730 243 770 et
273 729 374 781 post
406 729 590 769 mortem
624 728 672 768 ut
703 727 922 768 Demones
954 725 1160 777 timeant,
1200 726 1395 769 infideles
1428 729 1607 771 credant
1646 731 1690 770 et
1722 729 1842 771 Chri-

73 791 205 834 stiani
237 792 365 834 ualde
397 791 441 833 in
473 792 556 833 fide
590 791 905 834 confortentur.
970 793 1015 833 29
1048 792 1130 834 Est
1162 806 1324 845 negare
1356 793 1643 846 Euangelium
1682 794 1725 835 in
1758 807 1841 847 quo

71 859 190 900 Deus
238 856 356 900 dedit
402 859 669 911 potestatem
715 856 939 911 Apostolis
988 859 1032 899 et
1080 857 1176 911 alijs
1222 857 1408 899 faciendi
1455 858 1664 900 miracula
1682 860 1708 901 1.
1773 859 1843 901 Et

71 922 283 965 maiora
328 921 518 964 horum
561 921 818 965 facient2.
883 921 1038 963 Nonne
1080 922 1275 965 Christus
1320 923 1445 976 plura
1485 923 1590 965 fecit
1633 924 1842 966 miracula

73 1002 202 1042 quam
234 987 399 1042 scripta
431 989 533 1029 sunt
567 1021 574 1029 .
609 987 723 1029 Joan
758 1021 765 1029 .
800 986 952 1029 ultimo
966 988 994 1029 3.
1059 987 1135 1030 Jta
1177 990 1221 1029 et
1253 988 1475 1043 Apostolj,
1519 988 1571 1030 de
1604 989 1758 1042 quibus
1798 989 1842 1030 in

73 1067 234 1106 genere
280 1052 480 1095 Marcus:
529 1052 631 1094 ‚Jlli
681 1054 862 1094 autem
911 1052 1159 1106 profecti
1206 1052 1683 1107 praedicauerunt
1730 1053 1841 1095 ubi-

74 1124 196 1171 quec
231 1116 478 1172 [Domino
512 1119 854 1171 cooperante
895 1120 948 1160 et
980 1131 1283 1160 sermonem
1327 1118 1722 1169 confirmante,
1765 1132 1843 1160 se-

73 1183 377 1237 quentibus
418 1180 618 1237 signis]
634 1183 662 1224 4.
728 1184 774 1224 29
807 1182 909 1232 Quis
951 1197 1036 1224 non
1068 1183 1209 1236 magis
1249 1183 1446 1225 crederet
1480 1184 1519 1226 S.
1554 1183 1757 1226 Patribus
1799 1186 1843 1226 et

74 1247 264 1302 antiquis
315 1247 680 1302 historiographis
727 1247 993 1291 testantibus
1041 1248 1093 1290 de
1139 1248 1359 1290 miraculis
1407 1248 1664 1291 Sanctorum
1714 1263 1843 1302 quam

73 1313 197 1356 nouis
231 1313 370 1356 Sectis
404 1327 514 1366 quae
546 1312 715 1356 faciunt
757 1312 869 1355 sicut
901 1313 1074 1368 Ethnicj
1110 1313 1362 1356 credentesd
1404 1328 1486 1367 que
1524 1313 1608 1355 illis
1641 1313 1844 1356 uidentur

74 1378 297 1421 credibilia
329 1378 627 1421 secundum
671 1379 941 1421 carnemf’:
984 1378 1077 1420 Nos
1109 1378 1403 1421 testimonium
1436 1379 1644 1421 habemus
1677 1382 1843 1421 certum

74 1443 332 1498 Augustinie
374 1444 426 1486 de
458 1443 678 1486 miraculis
711 1443 919 1498 Stephanj
935 1444 962 1494 6,
1008 1445 1053 1486 29
1086 1443 1388 1498 Ambrosijde
1423 1443 1631 1486 Geruasio
1665 1446 1710 1486 et
1740 1444 1843 1485 Pro-

72 1509 215 1552 thasio
229 1510 258 1553 7.
323 1511 369 1552 3?
401 1509 552 1564 Basilij
597 1509 648 1551 de
682 1510 750 1551 40.
785 1509 1082 1563 martyribus-‘³
1122 1511 1168 1551 49
1201 1509 1374 1563 Eusebij
1418 1509 1470 1551 de
1502 1509 1744 1560 miraculis,
1788 1523 1843 1551 an

74 1575 170 1616 dem
214 1574 397 1617 ertzbild
434 1574 592 1617 Christi
634 1589 685 1616 zu
727 1574 964 1625 Cesarea9‚
1007 1574 1093 1616 vnd
1137 1574 1270 1616 durch
1312 1574 1389 1616 das
1429 1573 1565 1627 hailig
1606 1576 1751 1616 creutz
1792 1589 1843 1616 zu

75 1640 364 1694 Hyerusalem
397 1640 616 1694 gefunden
632 1641 679 1682 10.
742 1639 900 1681 Mirum
933 1654 1012 1681 nos
1045 1640 1222 1682 credere
1255 1640 1339 1681 alle
1372 1653 1494 1681 newe
1526 1639 1701 1693 zeitung
1734 1653 1845 1693 quae

194 1765 208 1779 ³
235 1761 255 1792 9
281 1770 329 1793 vv.
356 1770 429 1803 sqq.
457 1770 479 1792 a
509 1759 543 1792 C.
570 1759 647 1802 ipso
674 1759 799 1792 addita
824 1764 917 1792 sunt.
1016 1758 1031 1779 ¹³
1057 1761 1079 1791 2
1104 1770 1153 1792 vv.
1179 1770 1250 1801 sqq.
1279 1769 1301 1791 a
1332 1758 1367 1792 G.
1396 1761 1469 1801 ipso
1496 1759 1619 1791 addita
1646 1762 1738 1792 sunt..

197 1818 208 1832 ⁰
238 1813 274 1846 Ο.
302 1814 341 1845 in>
366 1813 491 1854 irzfima
510 1814 683 1857 payinae,
710 1824 800 1856 quae
825 1813 882 1845 hic
906 1813 1133 1854 terminatur,
1154 1816 1260 1855 parte
1285 1813 1354 1845 sive
1380 1813 1541 1854 margine
1566 1813 1728 1855 scrip-sit,
1756 1822 1845 1854 quae

74 1876 198 1909 supra,
218 1876 259 1908 p.
287 1868 367 1910 638,
394 1866 478 1900 adn.
506 1868 528 1899 '7
546 1870 748 1909 ponuntur.
840 1866 855 1886 d
881 1867 918 1899 V.
946 1866 989 1898 ab
1016 1867 1090 1908 ipso
1120 1864 1156 1898 Ο.
1183 1866 1356 1898 additum.
1454 1870 1466 1884 θ
1493 1864 1737 1906 Augustinum
1763 1864 1843 1897 libr.

197 1977 208 1998 ¹
233 1976 364 2011 Matth.
393 1977 447 2017 10,
476 1977 506 2012 1.
557 1977 669 2011 Marc.
698 1977 729 2019 3,
758 1977 820 2017 153
851 1977 904 2017 16,
934 1977 987 2010 17.
1018 1976 1071 2010 18.
1122 1975 1206 2009 Luc.
1235 1976 1265 2017 9,
1295 1975 1325 2009 1.
1353 1975 1384 2009 2.
1484 1975 1497 1995 ²
1522 1975 1570 2009 Io.
1601 1976 1654 2016 14,
1683 1975 1736 2009 12.

196 2031 209 2051 ³
233 2030 281 2064 Io.
309 2030 365 2071 21,
392 2030 457 2071 25;
484 2031 529 2065 cf.
557 2031 613 2071 20,
642 2031 698 2065 30.
799 2031 811 2050 ⁴
838 2030 949 2064 Marc.
980 2030 1033 2071 16,
1061 2029 1116 2063 20.

196 2084 209 2103 ⁵
236 2083 335 2117 Rom.
362 2083 394 2126 8,
424 2084 454 2118 1.
505 2084 526 2118 2
554 2083 632 2118 Cor.
661 2084 691 2124 1,
720 2083 762 2117 17
791 2084 858 2117 etc.

196 2137 209 2157 ⁶
236 2138 272 2171 S.
309 2138 535 2181 Auqustinus
578 2136 692 2171 multa
736 2136 911 2170 miracula
944 2136 1111 2169 invocato
1146 2135 1180 2169 S.
1213 2134 1394 2180 Stephano
1429 2136 1691 2180 protomartyre
1729 2133 1846 2178 (cuius

75 2189 249 2234 reliquiae
276 2191 452 2234 quaedam
480 2191 547 2225 sub
574 2202 604 2225 a.
624 2191 694 2224 424
721 2190 756 2224 in
780 2190 942 2223 Africam
967 2189 1167 2223 translatae
1193 2188 1292 2231 sunt)
1322 2188 1420 2222 facta
1446 2187 1661 2222 testificatur
1686 2187 1722 2221 in
1748 2187 1770 2222 l.
1789 2188 1845 2222 22.

75 2243 128 2277 De
155 2243 304 2278 civitate
330 2243 396 2278 Dei
422 2255 452 2278 c.
479 2244 520 2285 8,
547 2256 581 2278 n.
611 2244 748 2278 10—22
777 2245 813 2276 et
837 2243 873 2276 in
900 2242 1129 2276 Sermonibus
1157 2242 1223 2276 317
1254 2242 1298 2283 (c.
1328 2240 1374 2284 1),
1402 2241 1470 2275 319
1499 2241 1544 2284 (c.
1571 2240 1629 2284 6),
1657 2240 1846 2275 320—324

79 2297 234 2342 (Miqne,
270 2296 340 2332 ΡΡ.
368 2298 436 2332 LL.
464 2297 546 2331 XLI
573 2296 738 2341 [Parisiis
766 2294 890 2340 1845]‚
929 2295 1131 2336 766-771;
1172 2294 1361 2329 XXXVIII
1389 2293 1552 2339 [Parisiis
1581 2293 1705 2338 1841],
1745 2294 1845 2329 1435.

195 2404 208 2424 ⁷
234 2405 271 2438 S.
291 2405 503 2438 Ambrosius
528 2402 782 2437 miraculorum
801 2402 837 2436 in
854 2401 1062 2436 inventione
1081 2402 1116 2435 et
1133 2400 1372 2435 translatione
1392 2412 1578 2445 corporum
1599 2399 1658 2434 SS.
1680 2399 1847 2435 Gervasii

77 2458 114 2491 et
147 2456 304 2491 Protasii
338 2458 540 2502 martyrum
577 2469 596 2491 a
632 2468 670 2491 se
705 2456 803 2490 facta
838 2455 997 2500 ipsorum
1031 2453 1256 2488 invocatione
1294 2454 1566 2499 impetratorum
1601 2453 1847 2488 testimonium

76 2510 195 2545 reddit
219 2510 255 2544 in
278 2510 441 2555 Epistola
459 2511 515 2544 22.
546 2510 652 2553 (alias
678 2509 749 2552 85.)
780 2509 823 2543 ad
847 2508 1096 2542 Marcellinam
1122 2519 1280 2542 sororem
1306 2507 1400 2550 data,
1426 2519 1460 2542 n.
1480 2508 1511 2541 9.
1533 2507 1670 2541 16—23
1700 2507 1847 2552 (Miqne,

76 2563 149 2598 ΡΡ.
175 2564 243 2598 LL.
270 2563 366 2604 XVI,
395 2564 497 2598 1064.
527 2564 629 2597 1065.
659 2561 922 2605 1067—1069).

198 2618 211 2638 ⁸
237 2617 289 2651 De
314 2618 361 2652 40
387 2617 541 2651 militum
569 2615 661 2661 apud
689 2615 862 2650 Sebasten
888 2614 1080 2648 Armeniae
1105 2614 1228 2648 urbem
1256 2613 1429 2658 martyrio
1460 2613 1561 2648 miris
1587 2612 1701 2657 signis
1727 2624 1748 2647 a
1773 2613 1847 2646 Deo

77 2670 258 2705 illustrato
285 2672 324 2705 S.
350 2671 513 2704 Basilius
538 2670 693 2713 Mctymcs
717 2668 901 2702 homiliam
928 2667 970 2702 ad
998 2667 1168 2712 populum
1194 2667 1320 2701 habuit
1349 2667 1468 2710 (Hom.
1498 2667 1551 2701 19.
1602 2668 1739 2710 Miyne,
1776 2665 1847 2700 ΡΡ.

79 2723 157 2758 GG.
182 2723 314 2765 XXXI,
342 2723 560 2766 507—526).

199 2778 212 2796 ⁹
237 2776 277 2810 In
303 2787 415 2810 aenea
442 2775 574 2810 Christi
602 2777 724 2809 statua
748 2774 946 2809 Caesareae
972 2773 1131 2819 Philippi
1156 2773 1234 2808 sive
1259 2773 1426 2808 Paneade
1451 2773 1569 2818 posita
1596 2774 1632 2806 et
1657 2784 1677 2806 a
1703 2783 1741 2806 se
1767 2771 1848 2806 visa

82 2829 244 2873 (Eusebii
273 2830 520 2864 Caesareensis
545 2827 707 2862 Historia
733 2827 992 2862 Ecclesiastica
1017 2827 1039 2861 1.
1068 2827 1099 2869 7,
1127 2838 1155 2861 c.
1186 2826 1228 2861 18
1255 2825 1400 2871 [Miqne,
1426 2826 1498 2860 ΡΡ.
1527 2825 1602 2861 GG.
1629 2825 1707 2866 XX,
1734 2823 1848 2868 679]).

187 2883 213 2903 ¹⁰
239 2882 334 2917 Num
360 2883 508 2916 Eusebii
536 2882 781 2915 Caesareensis
806 2881 842 2915 in
868 2880 1034 2915 Psalmos
1060 2879 1325 2920 commentarii,
1356 2880 1393 2914 in
1421 2879 1550 2924 quibus
1577 2879 1619 2913 de
1649 2882 1742 2921 ,τοῖς
1766 2875 1847 2911 καθ’

79 2938 175 2982 ἡμᾶς
201 2937 291 2980 ἀμφὶ
317 2937 356 2970 τὸ
380 2939 520 2980 μνῆμα,
557 2935 613 2968 καὶ
640 2936 678 2968 τὸ
708 2935 904 2979 μαρτύριον
929 2937 992 2968 τοῦ
1018 2933 1187 2978 Σωτῆρος
1216 2935 1315 2979 ἡμῶν
1340 2933 1587 2967 ἐπιτελεσθεῖσι
1613 2931 1845 2974 θαυμασιόις“

78 2989 238 3034 loquitur
265 2989 316 3033 (in
335 2989 394 3024 Ps.
414 2988 469 3030 87,
491 2988 545 3023 13.
581 2989 711 3033 Miqne,
738 2987 810 3022 ΡΡ.
838 2987 914 3022 GG.
940 2987 1071 3028 XXlII,
1100 2986 1363 3031 lom—1064),
1390 2998 1432 3021 ea
1458 2987 1577 3021 aetate
1602 2985 1678 3020 noti
1703 2985 1848 3027 fuerint,

79 3042 186 3078 valde
213 3042 358 3077 dubium
386 3043 452 3076 est.
504 3040 620 3083 Quare
648 3052 690 3075 ea
715 3041 834 3084 potius
861 3052 881 3075 a
909 3040 1051 3075 Canisio
1077 3039 1274 3084 significari
1299 3042 1405 3085 puto,
1438 3051 1530 3083 quae
1556 3040 1711 3082 Rufinus
1736 3040 1850 3083 Aqui-

78 3098 220 3130 leiensis
257 3096 300 3130 de
335 3094 540 3141 prodigiosa
575 3105 700 3129 sacrae
738 3093 855 3128 crucis
893 3093 1100 3128 inventione
1137 3093 1250 3127 refert
1285 3092 1322 3127 in
1361 3093 1498 3127 duobus
1535 3091 1608 3126 illis
1648 3091 1850 3134 „Historiae

79 3149 378 3184 Ecclesiasticae⁴⁴
414 3148 534 3189 libris,
574 3148 703 3192 quibus
729 3147 875 3182 Eusebii
901 3147 1099 3182 Historiam
1127 3146 1422 3181 Ecclesiasticam
1456 3145 1568 3180 latine
1594 3157 1615 3179 a
1640 3156 1679 3180 se
1704 3156 1850 3180 versam

79 3205 293 3250 prosecutus
319 3204 394 3244 est,
431 3198 564 3247 qu'ique
590 3204 780 3247 propterea
807 3212 993 3236 commune
1019 3212 1100 3235 cum
1133 3212 1174 3235 ea
1201 3200 1346 3235 Eusebii
1373 3211 1501 3234 nomen
1526 3199 1659 3233 habere
1684 3200 1852 3244 poterant
