2093 3444
219 216 304 257 486
359 213 438 248 710.
475 211 560 247 Can.
585 211 710 246 Ottoni
728 211 927 247 Truchsess
954 212 996 246 de
1014 211 1219 256 Waldburg
1237 211 1296 256 [‘?].
1331 213 1425 257 Aug.
1443 213 1550 249 Viud.
1571 215 1624 249 19.
1644 214 1691 259 [2³]
1711 214 1808 261 Sept.
1829 216 1930 252 1562.

218 330 392 385 posito1
433 333 582 374 nostro
623 330 737 373 tradi
772 329 913 372 uelim.
979 328 1114 383 Spero
1157 331 1201 372 et
1240 328 1362 370 illum
1395 329 1436 372 S.
1472 330 1644 384 Synodo
1685 346 1771 374 non
1812 347 1990 387 prorsus

218 395 416 438 inutilem
449 409 499 438 ac
530 395 751 449 ingratum
785 408 893 436 esse.
956 392 1185 447 Augustae
1220 395 1272 436 19
1307 394 1524 448 Septemb.
1559 396 1684 438 Anno
1721 398 1832 439 1562
1848 404 1873 441 ²².

1141 483 1299 525 Seruus
1331 483 1375 525 in
1407 484 1576 528 Christo
1608 485 1655 528 P.
1690 486 1885 529 Canisius
1919 524 1928 530 .

338 576 715 619 Reuerendissimo
755 575 799 617 in
840 575 1010 619 Christo
1052 576 1173 620 Patri
1215 591 1265 619 ac
1302 576 1485 619 Domino
1518 578 1570 621 D.
1604 578 1822 622 Stanislao
1854 581 1992 624 Hosio

220 641 437 684 Cardinali
479 644 522 684 et
554 641 770 696 Episcopo
804 640 1070 692 Varmiensi‚
1115 641 1156 684 S.
1182 641 1222 685 S.
1257 642 1537 685 Tridentinae
1578 643 1740 698 Synodi
1780 645 1990 698 Praesidi,

220 707 411 750 Patrono
445 706 723 761 amplissimo.
787 706 996 749 Tridenti.

340 799 570 844 inscriptioni
605 810 714 832 manu
740 798 901 833 eiusdem
926 799 1099 844 temporis
1128 798 1291 843 (HosiiP)
1322 799 1533 833 adnotatum
1568 802 1641 835 est:
1682 800 1813 843 „Redd.
1841 801 1886 836 24
1911 813 1991 848 sep·

219 851 369 886 tembris
397 852 498 886 1562.
526 851 633 897 Resp.
661 852 706 887 29
733 852 980 897 septembris.“

339 940 405 974 Die
430 940 542 984 igitur
568 940 623 975 24.
643 939 864 985 Septembris
891 940 958 974 hae
977 940 1131 979 litterae,
1159 940 1288 984 quibus
1309 938 1474 975 Canisius
1501 940 1805 985 reformationem,
1832 943 1991 979 maxime

221 993 451 1035 clericorum,
489 993 602 1028 denuo
630 993 919 1035 commendabat,
956 993 1066 1028 Hosio
1102 993 1257 1027 traditae
1293 995 1395 1034 sunt3
1432 995 1540 1038 atque
1575 994 1697 1028 eodem
1725 995 1781 1030 die
1817 995 1874 1030 hio
1909 1008 1991 1031 cum

221 1046 351 1081 ceteris
378 1046 519 1081 concilii
543 1046 676 1090 legatis
702 1046 746 1081 ad
773 1046 807 1080 S.
836 1046 1002 1081 Carolum
1030 1047 1304 1087 Borromaeum,
1338 1047 1554 1081 cardinalem
1582 1049 1618 1082 et
1644 1047 1699 1082 Pii
1725 1048 1786 1083 IV.
1812 1051 1991 1094 nepotem,

221 1099 362 1134 litteras
400 1100 517 1142 misit,
558 1100 687 1144 quibus
726 1100 819 1134 idem
857 1100 1122 1134 reformationis
1160 1100 1344 1143 negotium
1382 1112 1521 1135 summo
1561 1101 1720 1146 pontifici
1759 1102 1994 1138 vehementer

224 1153 540 1187 commendabatur
575 1158 610 1187 et
637 1165 718 1187 cum
755 1165 799 1187 ex
840 1152 1137 1195 „Reformationis
1172 1153 1311 1187 libello“
1353 1153 1567 1189 Ferdinandi
1592 1155 1618 1189 I.
1657 1156 1815 1190 caesaris
1849 1156 1994 1192 nomine

222 1206 434 1240 Tridentum
461 1206 570 1241 misso
608 1206 666 1250 (de
694 1218 763 1250 quo
789 1206 891 1251 plura
919 1206 1050 1250 infra),
1086 1209 1162 1241 tum
1202 1218 1247 1240 ex
1281 1207 1390 1241 simili
1415 1207 1535 1242 libello
1572 1208 1660 1253 ipsis
1695 1208 1768 1243 illis
1795 1209 1920 1244 diebus
1947 1210 1994 1245 ab

222 1260 424 1294 oratoribus
462 1259 569 1304 gallis
608 1260 738 1294 tradito
773 1260 887 1294 multa
923 1259 1067 1294 concedi
1108 1262 1143 1294 et
1177 1271 1282 1305 posse
1321 1263 1357 1294 et
1394 1261 1522 1296 debere
1559 1261 1842 1306 significabatur.
1894 1262 1994 1305 Quas

221 1313 364 1348 litteras
390 1313 542 1358 primum
570 1313 681 1348 edidit
711 1315 844 1347 Grisar
869 1313 891 1347 l.
920 1325 947 1347 c.
977 1313 1019 1354 ΙΙ,
1047 1313 1245 1348 394-399.

1044 1442 1164 1484 710.

961 1540 1258 1588 CANISIUS

439 1645 713 1688 OTTONI
746 1644 1171 1689 TRUGHSESS
1204 1647 1302 1689 DE
1335 1647 1778 1703 WALDBURG,

562 1733 734 1768 cardinali
762 1735 798 1768 et
823 1733 989 1779 episcopo
1016 1736 1228 1778 augustano,
1254 1735 1389 1770 Romae
1415 1737 1569 1771 moranti
1596 1736 1654 1783 [?].

616 1825 784 1872 Augusta
810 1825 1083 1863 vindelicorum
1110 1827 1157 1863 19.
1186 1826 1230 1874 [Ρ]
1257 1827 1483 1875 Septembris
1509 1828 1599 1865 1562.

344 1914 399 1948 Ex
429 1914 564 1948 Ottonis
589 1914 743 1959 epistula
769 1913 976 1959 archetypa.
1020 1914 1103 1949 Cod.
1131 1915 1229 1959 goth.
1261 1915 1320 1957 „E.
1348 1916 1392 1951 H.
1419 1916 1461 1950 2“
1492 1917 1515 1950 f.
1544 1916 1598 1951 61.
1627 1916 1683 1951 62.

344 1967 463 2002 Etiam
491 1967 583 2012 apud
614 1968 837 2011 Cyprianum
863 1967 886 2002 l.
914 1980 942 2002 c.
970 1980 1003 2013 p.
1031 1968 1099 2003 250
1127 1971 1162 2002 et
1188 1969 1222 2002 in
1249 1970 1401 2013 Poqmni
1426 1969 1598 2015 Epistolis
1624 1970 1685 2012 ΙΙΙ,
1716 1970 1792 2005 148.

348 2058 437 2099 Otto
479 2058 717 2099 cardinalis
757 2058 1035 2112 Aaqustmms
1076 2059 1211 2100 Roma
1254 2062 1293 2101 3.
1330 2059 1517 2101 Octobris
1551 2061 1666 2102 1562
1707 2059 1803 2115 (per
1835 2061 1992 2102 Iulium

225 2123 484 2178 Poqz'anum)
522 2122 769 2164 Tridentum
812 2124 871 2164 ad
911 2124 1173 2165 cardinalem
1207 2124 1385 2165 Hosium
1425 2126 1592 2180 scripsit
1624 2141 1637 2166 .·
1671 2126 1851 2180 „Accepi
1882 2141 1997 2168 nunc

229 2188 397 2243 Canisij
426 2189 587 2230 litteras
620 2187 670 2229 ab
704 2189 998 2244 Amplitmline
1029 2194 1102 2230 tua
1136 2188 1327 2232 missasf‘

344 2284 503 2319 Litterae
529 2286 753 2329 augustanae
772 2285 921 2320 Romam
950 2286 993 2320 14
1020 2286 1144 2320 diebus
1162 2286 1312 2332 perferri
1338 2288 1516 2332 poterant.
1555 2286 1643 2322 Cum
1669 2289 1791 2321 autem
1811 2287 1995 2322 Canisium

228 2338 281 2373 19.
302 2338 522 2383 Septembris
542 2338 633 2372 1562
651 2339 819 2382 Augusta
845 2339 889 2373 ad
908 2339 1058 2373 Hosium
1084 2339 1226 2374 litteras
1253 2339 1394 2374 dedisse
1421 2342 1560 2374 constet
1588 2340 1637 2385 (V.
1665 2352 1774 2386 supra
1799 2352 1832 2386 p.
1851 2341 1922 2375 484
1949 2341 1993 2376 ad

225 2390 324 2434 486),
351 2403 431 2425 eum
458 2402 538 2425 cum
564 2391 620 2426 his
639 2391 771 2426 alteras
790 2403 922 2436 easque
942 2391 1065 2426 Ottoni
1085 2393 1284 2427 destinatas
1302 2393 1510 2427 Tridentum
1530 2393 1673 2429 misisse
1692 2393 1826 2439 opinor,
1853 2396 1894 2428 ut
1911 2394 1996 2429 inde

227 2444 329 2479 Hosii
355 2455 463 2489 opera
497 2444 710 2489 interposita
736 2445 886 2479 Romam
913 2446 1169 2490 perferrentur.
1220 2446 1345 2491 Neque
1372 2446 1505 2481 Hosius
1540 2447 1638 2491 ipsas
1673 2446 1756 2481 illas
1781 2446 1923 2482 litteras
1949 2448 1994 2482 ad

227 2509 266 2532 se
293 2497 396 2531 datas
423 2508 503 2531 cum
530 2496 662 2531 Ottone
689 2498 972 2533 communicasse
998 2499 1142 2533 videtur
1152 2512 1159 2540 ;
1196 2499 1261 2534 has
1288 2499 1381 2533 enim
1418 2499 1511 2545 apud
1538 2500 1688 2534 Hosium
1714 2511 1856 2545 semper
1881 2500 1995 2535 fuisse

228 2562 273 2585 ex
298 2549 448 2584 historia
474 2550 624 2592 codicis,
651 2550 687 2584 in
714 2562 783 2595 quo
809 2563 904 2586 nunc
930 2554 1086 2594 exstant,
1114 2552 1275 2587 conicere
1300 2552 1405 2594 lieet3
1445 2553 1527 2587 vide
1554 2564 1663 2598 supra
1690 2553 1727 2586 in
1754 2553 1994 2598 descriptione

228 2603 406 2644 codicum,
442 2615 476 2637 n.
513 2604 544 2638 6.
596 2603 725 2638 Fateor
758 2606 898 2646 tamen,
942 2605 1020 2639 fieri
1055 2606 1235 2650 potuisse,
1273 2607 1314 2640 ut
1347 2605 1474 2640 harum
1509 2605 1710 2640 litterarum
1747 2605 1993 2651 apographum

228 2657 352 2692 Ottoni
378 2656 599 2698 mitteretur-3
625 2657 771 2701 perinde
797 2669 837 2692 ac
856 2658 962 2703 paulo
981 2661 1063 2693 ante
1082 2658 1284 2693 litterarum
1302 2659 1452 2693 Lindani
1479 2658 1682 2705 exemplum
1703 2658 1826 2694 Ottoni
1844 2659 1994 2694 missum

229 2722 327 2752 esse,
363 2721 408 2744 ex
434 2709 593 2744 eiusdem
619 2710 773 2755 epistula
798 2710 912 2745 Roma
941 2712 994 2746 19.
1022 2711 1243 2757 Septembris
1272 2712 1362 2747 1562
1393 2712 1437 2746 ad
1463 2712 1610 2746 Hosium
1640 2712 1724 2747 data
1749 2712 1993 2757 intellegitur;

228 2764 288 2798 ubi
310 2764 385 2798 Otto
396 2776 407 2797 .·
437 2763 580 2806 „Amo⁴‘,
607 2763 733 2808 inquit,
765 2766 820 2806 „et
838 2764 965 2799 vicarii
983 2765 1036 2799 tui
1062 2767 1098 2800 et
1116 2765 1267 2800 Lindani
1286 2777 1330 2800 ex
1350 2777 1470 2799 eorum
1498 2765 1542 2800 ad
1559 2767 1595 2800 te
1614 2765 1799 2800 literarum
1818 2766 1995 2812 exemplis

228 2817 334 2851 fidem
362 2819 398 2851 et
423 2817 613 2862 pietaten1“
646 2816 815 2861 (Poqe'ani
839 2817 1023 2863 Epistolae
1050 2819 1110 2861 III,
1140 2818 1236 2863 140).

349 2968 363 2982 ²²
393 2963 497 3006 Cypr.
525 2974 590 2996 om.
617 2974 664 2996 vv.
692 2974 764 3007 sqq.

352 3113 361 3132 ¹
388 3112 522 3147 Lainio.

2039 87 2054 119 -’
2031 0 2055 75 ⁵653
