2093 3444
216 167 301 208 306
433 163 514 198 633.
550 163 766 198 Franciscus
792 162 991 197 Petrarcha
1018 161 1173 196 Canisio.
1215 160 1329 195 Roma
1354 161 1411 196 29.
1437 161 1652 196 Novembris
1680 162 1781 197 1561.

214 286 240 326 a
272 281 543 325 dimostrarsi
576 280 836 323 scurichiato
870 294 951 321 con
983 279 1139 332 quella,
1174 278 1245 332 poi
1278 278 1355 320 che
1388 278 1459 320 dal
1492 281 1620 320 canto
1652 281 1802 321 nostro
1835 292 1921 320 non
1952 277 1989 320 si
2054 284 2056 307 1

215 350 237 391 6
269 350 472 391 1116116610
514 346 557 388 (11
597 346 666 388 far
704 345 840 388 anche
881 345 955 399 piu
997 344 1065 386 del
1106 343 1265 386 debito.
1328 343 1378 385 Li
1418 343 1466 385 fu
1506 344 1637 386 etiam
1680 344 1801 387 detto
1843 343 1921 386 che
1953 343 1990 386 si

215 413 397 467 qualche
431 412 471 455 di
504 412 542 454 si
572 414 753 454 trouara
786 410 828 452 di
859 410 1052 453 ritornar
1084 409 1171 451 alla
1194 410 1452 464 compagnia
1477 409 1637 463 uenghi
1660 409 1737 451 che
1769 409 1813 451 in
1846 409 1990 462 quella
2054 423 2057 430 ·

214 482 395 523 trouara
426 477 654 520 humanita
687 480 731 519 et
763 476 882 519 aiuto
914 475 958 517 in
992 474 1174 517 Domino
1192 475 1219 517 ¹.

335 544 415 594 Qui
446 557 503 586 ua
535 557 592 585 un
624 542 736 597 plico
770 541 810 583 di
843 541 1002 583 lettere
1034 554 1112 594 per
1138 539 1167 581 il
1190 539 1236 582 P.
1262 539 1518 582 Ει161611102
1550 539 1628 582 6116
1649 539 1872 594 pensiamo
1905 538 1992 582 stia

214 610 259 652 in
291 608 534 663 Maguntia.
598 608 650 650 V.
685 608 735 650 R.
770 606 882 648 ueda
914 606 956 648 di
989 605 1087 647 farli
1129 605 1265 648 hauer
1296 605 1411 646 buon
1443 605 1659 659 recapito,
1701 604 1991 647 mandandolo

215 689 295 730 per
327 674 429 728 qual
462 674 540 716 che
572 686 759 728 persona
792 674 934 722 certa,
976 684 1056 725 per
1096 670 1174 712 che
1207 672 1229 712 6
1263 670 1305 712 (11
1336 670 1472 712 1110116
1512 670 1784 724 importanza
1799 670 1828 712 3.
1892 669 1990 712 Non

216 740 276 782 mi
320 741 441 782 resta
481 739 596 782 altro
639 738 717 780 che
762 737 828 779 dir
867 737 911 779 in
953 738 1108 790 questa
1151 771 1159 778 .
1203 736 1274 778 all’
1303 735 1488 778 orationi
1523 738 1592 778 etc
1636 770 1643 778 .
1687 734 1742 777 Di
1781 735 1922 777 Roma
1961 734 1992 776 11

219 807 288 848 29.
323 805 366 847 (11
397 804 646 847 Nouembre
682 805 808 846 1561.

218 950 336 985 officio
362 962 433 984 non
459 950 658 990 defuimus,
695 948 802 982 immo
829 947 928 993 plus,
965 958 1072 991 quam
1099 946 1334 987 debebamus,
1370 946 1628 991 praestitimus.
1679 946 1822 980 Dictum
1859 947 1916 980 est
1940 945 1995 980 illi

218 1005 337 1045 etiam,
364 1005 415 1044 ut,
442 1003 473 1038 si
492 1002 634 1047 quando
660 1002 705 1036 ad
724 1001 940 1036 Societatem
967 1000 1083 1034 redire
1101 999 1223 1041 vellet,
1250 999 1413 1041 veniret;
1439 1000 1516 1034 fore
1543 1000 1648 1041 enim,
1674 1001 1715 1033 ut
1741 999 1777 1033 in
1803 1010 1845 1033 ea
1870 998 1993 1034 huma-

219 1058 313 1092 niter
338 1059 558 1092 tractaretur
585 1059 621 1090 et
646 1056 681 1089 in
709 1055 850 1089 domino
877 1054 1144 1088 adiuvaretur¹.

338 1112 427 1146 Cum
462 1110 520 1145 his
551 1109 684 1144 litteris
719 1108 931 1143 fasciculum
967 1107 1205 1152 epistularum
1239 1107 1419 1142 mittimus
1451 1107 1489 1142 P.
1518 1106 1728 1141 Everardo²
1763 1105 1994 1148 destinatum,

219 1177 325 1210 quem
352 1164 561 1208 Moguntiae
588 1175 668 1198 esse
695 1165 873 1208 putamus.
925 1161 966 1195 R.
986 1161 1028 1195 V.
1056 1160 1191 1195 1101111111
1218 1160 1325 1195 6116111
1350 1161 1421 1195 fido
1447 1160 1547 1195 illum
1574 1161 1705 1201 tradat,
1732 1162 1772 1194 ut
1797 1171 1923 1194 secure
1950 1160 1996 1194 ad

219 1230 299 1253 611111
318 1219 542 1264 perferatur;
571 1217 759 1263 permagni
786 1216 879 1250 enim
907 1214 1186 1249 6511110111611113.
1226 1214 1350 1258 Neque
1376 1215 1444 1248 iam
1470 1214 1576 1255 aliud,
1605 1214 1698 1258 quod
1718 1214 1844 1255 dicam,
1870 1213 1995 1248 habeo.

219 1271 452 1307 Orationibus
477 1274 545 1305 etc.
596 1270 706 1305 Roma
735 1270 789 1304 29.
817 1268 1032 1303 Novembris
1060 1268 1162 1302 1561.

339 1351 449 1387 Nota:
488 1352 541 1385 Ex
567 1351 623 1385 his
650 1350 782 1385 litteris
817 1349 1060 1393 intellegitur,
1097 1360 1167 1382 una
1204 1360 1283 1383 cum
1319 1348 1408 1393 ipsis
1444 1348 1488 1382 ad
1516 1348 1699 1382 Canisium
1733 1347 1881 1382 missam
1917 1358 1996 1382 esse

220 1405 441 1452 *epistulam
477 1405 576 1439 illam
612 1403 753 1438 nomine
782 1404 1001 1437 Salvam-<mss
1028 1402 1139 1437 Roma
1172 1402 1228 1437 29.
1256 1401 1472 1436 Novembris
1500 1402 1589 1436 1561
1627 1401 1672 1436 6(1
1706 1401 1746 1436 P.
1773 1400 1997 1436 Everardum

220 1459 499 1500 Mercurianum,
526 1458 739 1493 Germaniae
766 1456 946 1491 inferioris
973 1457 1219 1501 praepositum
1246 1455 1513 1500 provincialem,
1541 1455 1674 1496 datam,
1700 1455 1735 1489 in
1757 1466 1828 1499 qua
1847 1454 1996 1489 dicitur:

224 1513 376 1557 „Mando
403 1524 424 1547 a
453 1512 506 1546 Χ.
534 1512 574 1546 R.
603 1524 649 1546 un
676 1511 784 1546 breue
811 1510 846 1545 di
878 1521 943 1545 sua
969 1510 1104 1544 santita
1131 1509 1337 1544 caldissimo
1371 1511 1408 1544 et
1433 1509 1718 1550 fauerolissimo,
1752 1508 1906 1543 secondo
1932 1507 1998 1542 6116

221 1570 325 1613 potra
353 1567 398 1601 lei
425 1566 536 1601 ueder
562 1578 624 1611 per
649 1565 683 1599 la
710 1564 813 1610 copia
837 1564 872 1598 di
898 1575 978 1599 esso
1006 1563 1071 1598 6116
1090 1565 1160 1608 qua
1186 1563 1217 1597 si
1242 1563 1393 1598 manda:
1421 1565 1458 1597 et
1482 1562 1632 1597 insieme
1658 1562 1727 1596 due
1752 1562 1844 1596 altre
1870 1561 1999 1596 lettere

222 1621 279 1656 del
305 1619 620 1655 Reuerendissimo
650 1619 839 1653 Borromeo
851 1619 875 1659 ⁴,
907 1619 943 1651 et
969 1617 1051 1651 dell'
1067 1617 1321 1651 Ambasciator
1347 1616 1441 1650 della
1467 1616 1621 1650 Maiesta
1647 1615 1705 1650 del
1730 1615 1782 1650 Re
1808 1614 2000 1661 Philippo⁵

220 1674 539 1709 medesimamente
566 1672 692 1707 scritto
712 1672 745 1706 di
765 1672 857 1706 buon
885 1670 1100 1706 inchiostro:
1130 1698 1136 1705 .
1158 1699 1163 1705 .
1185 1698 1191 1704 .
1212 1670 1254 1705 V.
1274 1670 1315 1705 R.
1343 1671 1510 1714 adunque
1538 1698 1543 1704 .
1566 1698 1571 1704 .
1599 1669 1691 1704 ueda
1715 1669 1750 1703 di
1775 1668 1999 1704 transferirsi

221 1729 258 1762 in
284 1728 445 1769 louanio;
473 1739 535 1772 per
558 1729 746 1772 presentar
772 1738 834 1771 per
860 1737 899 1759 se
926 1726 1057 1759 istesso
1083 1724 1115 1758 le
1142 1724 1286 1759 sudette
1311 1724 1450 1765 lettere,
1478 1726 1513 1758 et
1538 1735 1602 1768 per
1623 1734 1794 1769 procurar
1819 1722 1875 1757 col
1901 1722 1999 1757 detto

221 1781 536 1816 Reuerendissimo
570 1781 682 1814 Arras
716 1779 752 1814 la
787 1779 1004 1813 admissione
1039 1778 1134 1812 della
1173 1778 1387 1823 compagnia
1421 1777 1456 1811 111
1493 1777 1669 1819 1101161110,
1717 1778 1754 1811 et
1795 1775 1890 1820 negl’
1914 1775 2000 1810 altri

222 1835 346 1879 luoghi
373 1835 430 1869 del
465 1836 560 1869 stato
587 1833 643 1868 del
671 1833 722 1867 Re
750 1832 954 1867 Catholico“
988 1832 1049 1875 (ex
1081 1832 1288 1877 apographo
1322 1831 1482 1865 eiusdem
1508 1830 1692 1876 temporis.
1743 1829 1826 1864 Cod.
1858 1829 1999 1871 „Germ

225 1889 336 1924 1561“
367 1889 391 1923 f.
420 1887 516 1932 301‘).
558 1888 713 1921 Litteras
739 1889 860 1921 autem
887 1886 968 1920 illas
995 1886 1049 1920 Pii
1078 1886 1138 1920 IV.
1167 1885 1209 1920 ad
1238 1885 1432 1919 Antonium
1459 1883 1677 1919 cardinalem
1704 1883 1998 1925 Granvellanum,

223 1942 429 1987 episcopum
465 1941 732 1976 atrebatensem
766 1939 933 1984 (Am-as),
973 1939 1076 1974 datas
1110 1950 1190 1974 0556
1228 1951 1273 1973 ex
1312 1950 1352 1972 eo
1390 1939 1510 1984 patet,
1549 1937 1642 1982 quod
1680 1937 1716 1971 in
1754 1937 1902 1981 antiquo
1939 1935 2000 1971 illo

223 1997 435 2039 *Inda-ulo,
463 1996 505 2029 de
532 2006 602 2039 quo
628 2006 737 2039 supra
764 2006 797 2039 p.
827 1994 893 2028 159
921 1993 1056 2027 dictum
1085 1995 1159 2034 est,
1186 1992 1339 2036 legitur:
1371 1992 1437 2034 „Jn
1462 1991 1657 2026 nouembre
1685 1991 1787 2025 1561.
1814 1990 1845 2025 si
1871 1989 1999 2025 mando

223 2049 247 2084 il
283 2050 392 2083 breue
431 2049 465 2083 di
502 2048 535 2083 S.
564 2048 705 2083 86111116
743 2059 807 2092 per
844 2047 869 2081 il
906 2046 1074 2081 Cardinal
1110 2046 1145 2080 di
1183 2046 1293 2088 Araz,
1332 2048 1353 2080 a
1387 2045 1539 2080 Francia
1578 2047 1597 2079 a
1634 2044 1678 2080 N.
1705 2044 1744 2078 P.
1771 2043 1926 2078 Fiandra
1964 2045 2001 2078 et

224 2102 458 2146 Alemagna.“
515 2101 616 2144 Quod
649 2102 804 2144 ,111-6νῦ
835 2112 855 2134 6
882 2101 1071 2145 Raynaldo
1100 2100 1138 2143 (l.
1166 2112 1194 2134 c.
1222 2100 1258 2134 in
1285 2111 1316 2134 a.
1339 2099 1425 2133 1561
1455 2111 1489 2134 n.
1517 2098 1578 2142 67)
1606 2110 1651 2132 ex
1677 2097 1830 2141 registro
1857 2097 1912 2131 Pii
1936 2096 1999 2132 IV.

223 2156 259 2190 in
286 2156 402 2190 lucem
430 2155 610 2195 emissum,
639 2154 780 2200 plenius
806 2153 1014 2198 rectiusque
1041 2166 1086 2187 ex
1112 2154 1189 2198 ipso
1216 2152 1413 2198 archetypo
1440 2151 1631 2196 evulgavit
1654 2153 1697 2186 L.
1722 2151 1886 2195 Delplace
1912 2149 1946 2185 S.
1966 2150 1998 2185 J.

226 2209 557 2253 (L’etablissement
592 2208 634 2242 de
665 2208 700 2242 la
737 2207 957 2253 Compagnie
993 2207 1036 2241 (16
1070 2207 1178 2241 Jesus
1214 2206 1304 2240 (lans
1339 2206 1392 2241 les
1427 2205 1615 2251 Pays-Bas
1651 2203 1855 2249 [Bruxelles
1894 2203 1997 2248 1887]

224 2275 257 2308 p.
285 2264 329 2298 63
341 2263 455 2297 *—-64
467 2262 538 2306 *)⁶.
590 2263 710 2306 Atque
746 2261 780 2294 in
817 2261 941 2295 eodem
967 2262 1160 2294 *Inda-nlo
1195 2262 1360 2294 notatum
1396 2261 1472 2294 est:
1517 2259 1626 2301 „1561
1657 2286 1663 2292 .
1693 2285 1699 2292 .
1729 2285 1735 2292 .
1762 2257 1794 2291 A
1820 2256 1855 2291 di
1881 2257 1938 2292 29.
1965 2256 1999 2291 di

224 2316 418 2350 nouembre
456 2315 487 2350 si
524 2315 653 2350 mando
692 2314 727 2348 la
765 2314 871 2348 Bulla
910 2314 995 2348 delli
1033 2314 1137 2358 gradi
1176 2325 1196 2348 a
1235 2313 1376 2347 Vienna
1415 2314 1451 2346 et
1488 2312 1684 2356 Augusta.“
1740 2310 1817 2353 Qua
1859 2309 1996 2353 „bulla“

224 2370 338 2404 Roma
368 2370 421 2404 19.
448 2369 604 2412 Augusti
635 2369 721 2403 1561
760 2367 842 2402 data
871 2367 958 2402 Pius
984 2367 1045 2401 IV.
1073 2369 1109 2401 et
1135 2366 1326 2402 Societatis
1363 2366 1489 2400 domus
1524 2367 1674 2400 cunctas
1709 2364 1872 2399 omnibus
1907 2363 1999 2398 deci-

225 2434 366 2456 marum
405 2425 441 2456 et
477 2422 648 2456 similium
687 2421 904 2455 tributorum
942 2420 1182 2455 solutionibus
1220 2420 1459 2461 liberaverat,
1503 2421 1538 2453 61
1578 2417 1792 2452 facultatem
1829 2416 2000 2452 Societati

224 2476 420 2518 tribuerat,
457 2487 527 2520 qua
563 2475 598 2509 in
635 2475 816 2519 collegiis,
855 2474 891 2508 in
927 2474 1056 2519 quibus
1092 2473 1291 2508 ordinariae
1327 2472 1458 2507 artium
1492 2471 1693 2506 liberalium
1728 2473 1764 2505 et
1796 2470 2000 2515 theologiae

226 2529 371 2564 scholae
389 2529 618 2570 haberentur,
644 2540 714 2562 non
740 2528 857 2562 solum
875 2527 1008 2562 fratres
1034 2539 1118 2562 51105
1136 2526 1382 2568 5611016511605,
1409 2526 1472 2560 sed
1498 2525 1609 2560 etiam
1626 2526 1794 2559 externos
1811 2535 1999 2570 pauperes,

350 2665 361 2684 ¹
388 2665 446 2697 Al.
473 2663 649 2706 Kno'pfler
673 2661 806 2702 refert,
832 2672 863 2695 a.
893 2661 985 2695 1564
1011 2660 1056 2694 ab
1082 2660 1230 2695 Alberto
1256 2659 1299 2694 V.
1327 2660 1416 2694 duce
1443 2659 1638 2704 Georgium
1665 2658 1892 2700 Lauterium,
1919 2669 1999 2693 con-

226 2718 442 2753 tionatorem
469 2716 584 2761 ipsius
610 2715 786 2756 aulicum,
823 2717 859 2748 et
884 2714 982 2758 Mag.
1008 2714 1186 2748 Davidem
1213 2713 1376 2758 Wagner
1412 2713 1639 2759 capellanum
1672 2712 1710 2746 in
1743 2711 2000 2746 monasterium

228 2772 506 2816 alderspacense
533 2768 789 2814 (Alderspach)
818 2768 947 2802 missos
973 2779 1063 2810 esse,
1090 2770 1131 2802 ut
1156 2767 1357 2802 vicinarum
1385 2767 1635 2812 parochiarum
1659 2765 1822 2800 homines
1847 2764 1890 2799 ad
1917 2763 1999 2798 hae-

228 2836 328 2859 reses
354 2823 522 2858 vitandas
549 2822 781 2857 instituerent
810 2820 892 2865 (Die
914 2820 1234 2864 Kelchbewegung
1260 2821 1296 2854 in
1314 2821 1458 2865 Bayern
1483 2822 1589 2854 unter
1606 2819 1748 2862 Herzog
1765 2817 1938 2854 Albrecht
1955 2816 1999 2852 V.

230 2877 425 2923 [Miinchen
454 2876 557 2920 1891]
586 2888 619 2921 p.
649 2875 746 2919 159).

350 2931 363 2951 ²
388 2930 626 2964 Mercuriano.
726 2929 740 2949 ³
764 2927 866 2970 Vide,
893 2939 985 2972 quae
1011 2927 1078 2962 sub
1103 2927 1220 2973 ipsam
1247 2927 1341 2962 hanc
1367 2926 1559 2972 epistulam
1586 2926 1764 2960 dicuntur.

350 2985 364 3005 ⁴
390 2983 512 3018 Sancti
539 2982 657 3017 Caroli
683 2980 900 3022 Borromaei,
928 2979 1121 3015 cardinalis
1147 2980 1289 3026 nepotis
1315 2980 1370 3014 Pii
1396 2979 1458 3014 IV.

351 3038 364 3057 ⁵
389 3035 574 3070 Francisci
600 3036 643 3070 de
668 3034 822 3078 Vargas‚
850 3034 1008 3079 Philippi
1033 3033 1077 3068 II.
1104 3033 1199 3078 apud
1226 3033 1329 3067 Pium
1356 3032 1417 3067 IV.
1444 3032 1608 3067 ora-toris.

352 3091 365 3110 ‘³
390 3090 432 3124 In
456 3088 611 3133 registro
638 3088 714 3123 dies
742 3088 797 3123 30.
825 3087 991 3122 Octobris
1019 3087 1129 3128 1561,
1164 3086 1200 3121 111
1226 3086 1424 3132 archetypo
1452 3085 1505 3121 18.
1533 3083 1746 3120 Novembris
1775 3083 1863 3118 1561
1891 3081 2000 3117 Brevi

231 3143 315 3178 huic
340 3143 521 3188 ascriptus
548 3144 613 3176 est.

2028 0 2059 191 l

2046 211 2057 278 l
