2093 3444
192 219 276 260 590
370 215 526 248 Menum.
558 213 732 258 (august.)
762 214 842 248 229.
872 214 941 257 (Ab
968 214 1113 248 ineunte
1139 225 1171 249 a.
1200 214 1290 248 1560
1316 213 1360 248 ad
1386 226 1432 248 ni.
1459 214 1630 249 Martium
1660 215 1777 259 1561.)

191 334 269 375 sub
303 333 443 375 altera
476 331 639 386 spetiea
671 334 971 385 sumpserunt,
1004 331 1091 373 iam
1125 346 1173 374 eo
1208 331 1332 373 esseb
1364 331 1479 373 illius
1510 332 1593 373 viri
1626 346 1771 386 opera,
1806 334 1850 374 et
1881 345 1959 386 per

192 398 369 452 spiritus
402 396 542 438 sancti
574 396 617 438 in
639 396 732 451 ipso
756 396 1072 450 Cooperantem
1095 397 1283 450 gratiam
1306 396 1553 451 perductos,
1586 399 1636 438 vt
1669 397 1722 438 ad
1745 396 1959 439 vnitatem

193 462 415 505 Ecclesiae
457 461 631 503 Cathol:
674 461 860 511 reuersi,
903 461 1095 515 publice⁰
1137 476 1282 503 coram
1320 461 1478 503 Plebed
1519 461 1735 504 sacerdoti
1779 466 1960 516 peccata

193 542 271 570 sua
316 527 524 577 confessi,
571 529 615 569 et
659 526 822 568 virtute
867 526 1053 568 clauium
1099 526 1322 568 Ecclesiae
1367 527 1421 568 ab
1465 526 1617 581 ijsdem
1660 527 1870 581 absolutj,
1916 526 1961 568 in

192 592 363 648 publico
392 591 523 635 etiam
546 591 735 633 fidelium
760 591 997 641 Conuentu,
1031 591 1334 634 Eucharistiae
1357 594 1691 642 sacramentum,
1726 592 1961 634 secundum

194 657 416 700 Ecclesiae
439 671 602 698 morem
637 660 681 699 et
704 656 1046 699 vetustissimam
1071 657 1428 699 consuetudinem
1445 657 1473 707 1,
1508 656 1636 699 Cuius
1658 656 1830 698 initium
1851 656 1962 698 indi-

195 724 283 778 carj
325 723 369 764 in
410 722 530 764 nulla
561 722 744 764 historia
775 725 922 776 potest
957 757 965 764 .
1001 722 1293 776 sumpserint2
1334 736 1383 764 ac
1424 722 1537 764 tales
1570 722 1741 775 quidem
1783 736 1962 764 conuer-

194 788 337 830 siones
378 787 422 829 in
451 787 535 829 hac
577 790 728 829 nostra
760 787 978 837 Ecclesia,
1023 801 1078 829 ex
1118 787 1233 829 illius
1266 786 1347 828 viri
1387 787 1662 829 concionibus
1704 790 1748 830 et
1779 786 1963 842 priuatis

196 853 451 907 Colloquijs‚
488 852 738 905 quotidiane
772 855 885 895 sunt.
955 853 1083 894 Tanti
1116 858 1251 894 autem
1281 853 1449 906 fructus
1477 853 1786 908 permanebunt
1816 854 1962 907 sotum,

195 921 233 961 si
267 920 465 960 Cauisius
492 919 685 973 Auqusta
720 932 800 959 uon
837 918 978 960 abibit.
1025 919 1111 960 Nee
1148 919 1233 960 (liei
1260 933 1393 973 posse,
1428 919 1594 960 concilii
1625 932 1798 960 causam
1828 919 1963 973 publi-

196 999 285 1027 cam
320 998 418 1035 esse,
455 989 737 1038 auyustanam
767 998 859 1025 vero
889 984 1102 1038 privatam
1139 985 1309 1038 ideoque
1341 985 1404 1025 illi
1432 985 1777 1038 postponendam,
1810 984 1966 1025 multae

199 1051 383 1091 rationes
416 1050 652 1092 ostendunt.
702 1049 842 1101 Quare
864 1050 915 1091 B.
942 1053 976 1090 et
998 1049 1032 1090 I.
1060 1049 1386 1090 dominationem
1422 1054 1596 1090 cestram
1626 1063 1752 1104 quam·
1784 1050 1966 1091 maxime

198 1129 418 1170 roqamus,
462 1119 506 1156 ut
541 1115 659 1169 apud
697 1128 903 1156 s'uuwuum
936 1114 1167 1169 pontificem
1210 1120 1244 1156 et
1277 1115 1495 1157 Societatis
1527 1115 1622 1155 Iesu
1652 1113 1887 1169 praefectos
1918 1115 1966 1155 id

199 1181 366 1234 efficiat,
390 1185 431 1221 ut
451 1180 653 1221 Cauisius
671 1181 729 1221 acl
747 1181 961 1221 concilium
984 1194 1033 1220 ne
1051 1185 1243 1220 avocetur
1263 1214 1270 1221 .
1290 1181 1485 1235 Auyusta
1501 1182 1571 1222 26.
1589 1179 1820 1221 Februarii
1838 1181 1964 1222 1561.

316 1255 519 1300 Epistulam
553 1254 645 1289 hanc
681 1254 888 1300 praeclarus
924 1253 982 1287 ille
1011 1253 1195 1288 conradus
1221 1254 1341 1288 Braun
1376 1254 1633 1300 conscripsisse
1672 1254 1825 1288 videtur.
1875 1253 1967 1288 Vide

197 1321 308 1354 supra
333 1321 366 1354 p.
395 1309 475 1343 588.

1020 1379 1150 1421 229.

659 1463 711 1499 Ab
738 1463 886 1499 ineunte
913 1474 944 1499 a.
972 1463 1056 1500 1560
1083 1462 1128 1499 ad
1154 1473 1200 1499 111.
1228 1463 1399 1499 Martium
1426 1463 1511 1500 1561.

320 1548 374 1582 Ex
410 1548 499 1582 libro
530 1547 736 1589 „Coleccion
773 1547 815 1581 de
851 1547 1083 1582 docunientos
1118 1547 1272 1581 ineditos
1303 1558 1389 1592 para
1424 1547 1459 1581 la
1489 1547 1640 1582 historia
1666 1547 1708 1581 de
1735 1546 1880 1591 Espafia
1906 1558 1969 1592 por

200 1602 232 1637 el
260 1602 430 1646 Marques
456 1603 497 1635 de
521 1602 558 1635 Ia-
584 1602 791 1635 1⁴'uensanta
817 1601 872 1634 del
898 1602 1011 1635 l'alle“
1044 1603 1110 1635 etc.
1139 1600 1289 1635 XCVIII
1318 1600 1474 1645 (Madrid
1505 1600 1632 1644 1891),
1669 1600 1756 1640 202;
1792 1600 1828 1634 in
1864 1611 1970 1644 quem

198 1656 329 1690 librum
356 1657 431 1689 1013
458 1655 579 1688 Lunae
606 1654 761 1699 epistula
787 1654 1005 1699 transcripta
1033 1657 1089 1688 est
1115 1667 1159 1688 ex
1186 1654 1382 1699 archetypo
1409 1654 1658 1699 Septimancae
1689 1653 1905 1698 (Simancas)
1933 1653 1969 1688 in

200 1709 346 1743 archivo
373 1708 472 1751 regio
499 1708 670 1752 deposito.

321 1781 506 1814 Sociorum
540 1790 793 1823 {Jermanorum
829 1779 976 1813 labores.
1028 1779 1184 1812 Plurimi
1218 1783 1450 1822 protestantes
1487 1779 1627 1812 Canisii
1664 1778 1884 1813 contionibus
1921 1779 1969 1812 ad

201 1835 376 1868 ecclesiam
406 1834 552 1867 reducti.

323 1912 529 1954 Claudius
579 1912 823 1965 Quiquouus
872 1910 1129 1963 (Quit‘zones)
1182 1924 1312 1952 comes
1365 1911 1416 1951 cle
1462 1910 1616 1964 Luna,
1671 1910 1860 1965 Philippi
1905 1910 1966 1952 II.

200 1978 444 2032 Hispaniae
487 1978 597 2031 reqis
643 1977 760 2032 apud
806 1976 1133 2017 Ferdiuandum
1177 1975 1211 2017 I.
1258 1990 1468 2017 caesarem
1514 1981 1674 2028 orator,
1720 1975 1969 2017 Vindobona

202 2045 269 2086 18.
295 2043 448 2085 sslartii
481 2044 595 2084 1561
631 2042 689 2083 ad
712 2042 955 2097 Philippum
991 2055 1124 2095 reqem
1158 2042 1350 2095 scripsit:
1382 2040 1466 2082 Los
1492 2039 1686 2082 Jesuitas
1720 2075 1728 2082 .
1755 2075 1763 2082 .
1789 2075 1796 2082 .
1831 2040 1969 2082 hacen

199 2122 308 2161 gran
342 2107 558 2162 provecho
602 2121 652 2148 en
696 2109 814 2148 estas
847 2109 1018 2160 partes,
1061 2120 1090 2159 y
1123 2119 1174 2147 en
1208 2106 1409 2159 Augusta
1450 2119 1496 2147 se
1529 2105 1584 2147 ha
1617 2105 1848 2147 entendido
1889 2104 1968 2148 che

200 2173 251 2215 de
284 2187 341 2214 un
374 2179 456 2214 3110
499 2173 578 2214 303
611 2186 693 2225 que
726 2171 901 2225 predica
942 2171 1018 2213 3111
1050 2170 1242 2221 Canisio,
1276 2184 1322 2212 se
1353 2170 1438 2212 han
1472 2170 1619 2213 vuelto
1653 2171 1678 2212 a
1710 2170 1753 2212 13
1785 2170 1967 2224 religion

200 2238 385 2281 catolica
418 2238 512 2279 mas
546 2237 599 2279 de
633 2237 724 2278 diez
757 2236 831 2278 mil
864 2250 1086 2291 personas.

320 2318 374 2352 Ex
401 2318 513 2362 ipsius
542 2317 675 2352 Canisii
703 2319 737 2351 et
764 2318 939 2351 sociorum
966 2317 1042 2351 eius
1069 2318 1352 2360 augustanorum
1379 2316 1512 2351 litteris
1537 2316 1645 2350 facile
1671 2318 1780 2361 patet,
1808 2328 1879 2358 eos,
1906 2317 1968 2362 qui

199 2373 321 2406 decem
348 2371 446 2405 milia
472 2371 750 2416 protestantium
769 2371 956 2414 Augustae
984 2370 1027 2404 ad
1055 2369 1245 2404 ecclesiam
1269 2369 1406 2404 redisse
1426 2369 1545 2404 Lunae
1564 2370 1768 2412 narrabant,
1795 2370 1846 2405 rei
1865 2372 1967 2405 actae

199 2425 343 2460 modum
369 2425 474 2468 longe
501 2423 713 2458 excessisse.

1017 2491 1148 2533 230.

795 2574 865 2610 Sub
892 2573 1040 2610 initium
1066 2585 1111 2610 nl.
1139 2574 1264 2611 Martii
1289 2574 1374 2611 1561.

320 2653 376 2687 Ex
401 2653 491 2687 libro
522 2652 726 2698 „Epistulae
753 2652 792 2686 P.
819 2653 1035 2696 Hieronymi
1059 2653 1199 2686 Nadal“
1232 2654 1246 2687 I
1275 2653 1428 2697 (Mau-iti
1458 2653 1576 2697 1898),
1602 2653 1682 2688 406.

319 2731 408 2764 Pius
425 2731 503 2774 111,
530 2741 608 2763 eum
634 2730 910 2763 contionatorem
930 2734 1183 2772 protestantem
1211 2732 1393 2774 Achustae
1422 2730 1560 2764 Canisii
1586 2740 1693 2773 opera
1719 2730 1767 2763 ad
1792 2730 1968 2763 ecclesiam

200 2784 383 2817 reductum
411 2794 479 2817 esse
505 2784 672 2827 audisset,
697 2793 846 2826 maynas
869 2794 905 2816 se
931 2783 1100 2816 Societati
1121 2786 1261 2827 qratias
1284 2784 1490 2827 spirituales
1515 2785 1683 2817 daturum
1711 2794 1780 2817 esse
1804 2783 1907 2817 dixit.

320 2889 334 2903 ὃ
359 2883 499 2927 spetiae
526 2884 571 2917 Α.
669 2882 684 2903 ¹³
711 2883 772 2916 Sic
797 2883 854 2925 B;
879 2893 962 2916 ecce
988 2883 1073 2916 AC.
1171 2888 1183 2902 θ
1209 2881 1374 2926 publicae
1402 2883 1446 2916 A.

320 2935 335 2956 d
360 2938 437 2969 tota
463 2935 566 2980 plebe
592 2936 673 2981 BC,
702 2937 804 2979 idque
828 2937 981 2978 fortasse
1007 2937 1146 2969 rectius.

325 3035 335 3054 ¹
361 3034 386 3068 Ι.
415 3045 443 3068 e.
471 3034 536 3068 sub
562 3045 633 3067 una
658 3033 762 3079 panis
788 3033 918 3078 specie.

323 3087 336 3107 ²
363 3086 567 3132 Capitulum
602 3086 776 3132 imprimis
803 3086 977 3131 Sibyllam
1004 3085 1208 3130 Fuggeram
1244 3088 1280 3120 01
1306 3085 1473 3120 Iacobum
1508 3085 1672 3120 comitem
1709 3085 1751 3120 de
1781 3084 1966 3126 Montfort,

203 3151 224 3174 a
242 3139 384 3174 Canisio
410 3140 523 3174 sacris
542 3139 576 3174 S.
596 3140 727 3183 Ignatii
754 3139 936 3174 exercitiis
963 3139 1136 3180 excultos,
1163 3139 1366 3182 significare
1391 3139 1554 3180 videtur;
1581 3139 1626 3173 cf.
1653 3149 1763 3184 supra
1787 3150 1821 3183 p.
1845 3138 1902 3173 20.
1922 3137 1966 3172 72

204 3195 241 3227 et
265 3193 369 3235 infra,
395 3205 550 3228 monum.
579 3193 776 3228 269—271.
