2093 3444
187 164 271 205 ‘238
757 159 836 193 603.
874 158 1041 193 Oanisius
1068 157 1248 193 Stanislao
1274 158 1396 193 Hosio.

185 293 297 321 nunc
320 278 468 320 videre
492 276 701 327 uidemur,
736 277 788 318 de
822 290 906 329 qua
939 276 1324 318 discessioue1
1356 277 1559 329 loquatur
1581 276 1829 330 Apostolus,
1865 292 1960 320 cum

187 359 241 387 ex
274 358 326 386 ea
357 345 484 385 finem
508 342 655 384 mundi
689 341 866 395 colligit.
913 341 996 383 Sed
1029 356 1102 383 sus
1135 355 1215 395 ego
1239 341 1481 383 Mineruam
1497 342 1527 392 2,
1562 345 1606 384 et
1628 341 1961 396 intempestiuus

186 410 405 464 Propheta
438 409 599 450 luctum
634 421 786 460 augeo,
822 406 893 447 vbi
926 407 1084 449 solatia
1115 406 1260 461 potius
1293 409 1570 461 expetuntur.

307 480 532 533 Augustae
565 493 635 520 res
677 478 847 531 quidem
882 478 1103 520 Catholica
1137 477 1197 519 sic
1238 477 1510 530 gubernante
1551 492 1630 519 nos
1662 478 1831 520 Christo
1865 493 1961 521 suc-

188 545 314 595 cedit,
350 547 399 586 vt
431 543 694 598 aduersarijs
726 545 938 585 terrorem
973 542 1147 585 adferat
1179 556 1383 584 numerus
1419 545 1573 584 auctus
1607 543 1914 586 electorum
1930 545 1960 588 3.

187 612 279 661 Qua
313 610 365 652 de
398 624 443 651 re
477 624 621 651 coram
655 611 846 663 exponet
877 608 934 659 is,
980 608 1051 661 qui
1092 607 1259 662 perfert
1290 607 1441 650 literas
1474 608 1540 649 vir
1577 607 1649 650 ille
1682 608 1885 651 colendus
1919 611 1963 652 et

188 676 395 726 eruditus,
430 677 639 728 quantum
674 689 728 716 ex
762 688 845 715 uno
879 687 1115 727 congressu
1149 673 1353 726 colligere
1386 673 1520 716 licuit.
1576 673 1660 715 Per
1691 673 1804 716 hunc
1836 674 1961 717 mitto

189 742 401 796 quaedam
435 756 489 782 ex
522 743 718 782 mercatu
750 754 901 781 recens
934 739 1124 790 allata4,
1168 753 1247 781 nec
1281 742 1348 781 est
1380 753 1487 793 opus
1525 739 1690 782 remitti
1722 739 1961 794 pecuniam,

189 822 299 861 quae
322 806 425 848 mihi
448 820 578 860 saepe
600 805 845 848 immerenti
869 804 1086 847 cumulate
1109 807 1337 847 numerata
1359 804 1455 847 fuit.
1500 804 1755 858 Catalogum
1779 807 1962 860 expecto

189 873 370 915 aliorum
405 885 574 925 quoquc
597 871 825 913 librorum:
861 875 905 912 et
937 870 973 912 si
995 870 1122 912 modo
1146 870 1260 912 haud
1289 869 1449 921 licebit,
1482 870 1605 912 breui
1636 873 1785 913 tamen
1817 872 1963 913 trans-

190 938 447 980 mittendum
481 937 638 979 curabo
656 937 684 978 5.

309 1009 429 1059 Quod
452 1009 646 1050 scribunt
664 1008 851 1061 quidam,
876 1007 1158 1060 Augustanos
1177 1006 1443 1049 Confessioni
1466 1006 1623 1061 impiae
1642 1006 1960 1062 subscripsisse,

189 1076 443 1128 figmentum
477 1077 544 1116 est
559 1076 587 1116 6.
622 1073 686 1114 bis
720 1073 889 1126 quidem
925 1087 974 1114 eo
1008 1072 1178 1114 nomine
1212 1073 1419 1115 admoniti
1454 1086 1504 1114 ac
1536 1072 1702 1126 rogati,
1745 1072 1963 1127 subscrip-

190 1141 352 1184 tionem
385 1140 596 1183 hactenus
629 1142 885 1181 recusarunt
902 1139 929 1181 ⁷.
975 1138 1058 1180 Sed
1091 1152 1230 1192 neque
1254 1138 1656 1192 Nurembergenses
1684 1138 1794 1181 citra
1827 1152 1963 1192 quan-

191 1207 289 1248 dam
325 1205 621 1260 exceptionem
657 1204 1007 1258 subscripserunt
1022 1204 1050 1247 S.
1096 1203 1306 1245 Audimus
1338 1218 1497 1257 graues
1529 1204 1572 1245 in
1595 1204 1787 1246 Saxonia
1819 1207 1963 1246 motus

190 1272 318 1313 facile
364 1271 631 1320 exem-ituros,
678 1274 722 1312 et
765 1270 807 1311 in
853 1270 950 1323 alijs
993 1283 1161 1323 quoque
1203 1269 1430 1323 prouintijs
1475 1283 1559 1311 non
1602 1270 1754 1311 abesse
1799 1269 1962 1324 procul,

191 1339 423 1391 propterea
456 1336 568 1390 quod
602 1335 815 1389 equestris
840 1335 943 1376 ordo
976 1350 1088 1376 nunc
1123 1335 1290 1376 demum
1325 1334 1499 1385 sentiat,
1535 1334 1635 1388 quid
1659 1334 1740 1376 sibi
1773 1337 1817 1377 et
1839 1334 1961 1389 Reip.

316 1491 324 1510 ¹
351 1490 371 1523 2
399 1489 524 1523 Thess.
553 1490 584 1531 2,
612 1489 643 1523 3.

312 1544 324 1564 2
355 1543 453 1585 „Etsi
479 1555 548 1577 11011
575 1555 637 1577 5115
664 1542 876 1583 Minervam,
916 1546 955 1575 111
982 1542 1092 1580 aiunt,
1120 1543 1241 1575 tamen
1267 1540 1406 1585 inepte,
1443 1540 1606 1585 quisquis
1633 1540 1768 1586 [inepte
1794 1540 1960 1586 quisque]

192 1598 392 1632 Minervam
422 1597 566 1631 doccff:
598 1598 731 1639 (J'icero,
758 1595 1056 1630 Academicorum
1083 1594 1319 1639 posteriorum
1347 1594 1370 1628 l.
1401 1595 1429 1636 1,
1458 1605 1486 1629 c.
1513 1595 1545 1636 4,
1573 1606 1606 1629 n.
1635 1595 1666 1628 5).

313 1651 326 1670 ³
352 1650 480 1684 Matth.
509 1651 563 1685 20.
594 1650 646 1684 16.
698 1649 799 1683 Rom.
827 1650 858 1685 8,
887 1649 942 1683 33.
994 1649 1014 1681 2
1041 1648 1130 1682 Tim.
1159 1649 1190 1688 2,
1220 1648 1262 1682 10
1289 1650 1355 1681 etc.

312 1706 322 1724 ⁴
351 1704 515 1737 Dubitari
556 1703 618 1736 vix
657 1705 795 1748 potest,
835 1703 920 1747 quin
949 1702 1114 1736 Canisins
1150 1701 1260 1735 libros
1295 1701 1478 1744 significet
1513 1713 1558 1735 ex
1593 1701 1762 1736 librorum
1803 1703 1962 1736 mercatu

196 1757 449 1801 „autumnali“,
478 1757 536 1801 qui
564 1756 789 1790 Francofurti
817 1756 859 1790 ad
890 1756 1055 1789 Moenum
1082 1767 1204 1789 11101150
1232 1755 1432 1799 Septembri
1460 1755 1584 1789 haberi
1610 1755 1758 1797 solebat,
1787 1755 1916 1790 allatos
1943 1767 1963 1790 a

192 1811 347 1855 Georgio
376 1810 514 1847 Willer,
542 1810 735 1854 bibliopola
762 1811 975 1853 augustano,
1004 1809 1062 1853 qui
1091 1820 1232 1854 semper
1259 1808 1303 1842 ad
1331 1820 1392 1843 eas
1419 1808 1596 1843 nundinas
1623 1808 1755 1842 adibat.

313 1866 325 1884 5
353 1864 513 1904 Constat,
541 1863 732 1898 WVillerum
761 1863 841 1897 inde
869 1863 913 1897 ab
940 1875 971 1897 a.
1002 1863 1092 1897 1564
1124 1863 1349 1905 „cataffigos‘
1380 1861 1553 1906 evulgare
1589 1861 1822 1896 consuevisse
1857 1862 1962 1897 libro-

190 1930 269 1953 rum
295 1929 489 1958 novorum,
526 1917 561 1951 111
597 1917 765 1951 nundinis
801 1916 1150 1951 francofurtensibus
1185 1927 1205 1949 a
1241 1927 1279 1950 50
1306 1918 1549 1961 000111Ρ10111111
1577 1917 1686 1959 atque
1713 1916 1901 1960 Augustae
1926 1916 1962 1950 in

191 1972 335 2006 officina
353 1971 466 2016 ipsius
485 1970 630 2005 libraria
650 1970 830 2004 venalium
852 1970 1012 2013 (Friedr.
1032 1971 1153 2013 Kapp,
1173 1969 1389 2004 Geschichte
1409 1969 1471 2003 des
1491 1969 1689 2003 deutschen
1708 1969 1962 2004 Buchhandels

190 2025 246 2059 bis
272 2025 306 2058 111
335 2025 398 2058 das
424 2024 632 2058 siebzehnte
661 2023 907 2058 Jahrhundert
934 2023 1096 2068 [Leipzig
1126 2022 1229 2067 1886]
1258 2034 1290 2068 p.
1318 2022 1517 2057 479—480.
1546 2022 1642 2066 836).
1691 2023 1807 2067 Atque
1835 2035 1879 2057 ex
1905 2023 1962 2058 his

191 2078 324 2113 Canisii
362 2077 482 2112 verbis
518 2078 672 2112 fortasse
699 2077 869 2121 colligere
896 2077 1000 2118 licet,
1036 2076 1227 2110 Willerum
1264 2076 1334 2110 iam
1361 2087 1391 2110 a.
1423 2076 1509 2110 1561
1547 2076 1721 2110 eiusmodi
1756 2077 1960 2120 catalogum

190 2132 225 2166 in
252 2132 368 2166 lucem
396 2132 570 2166 0111151550.

311 2186 324 2205 ⁶
350 2184 538 2230 Principes
563 2187 826 2230 protestantes,
862 2183 1087 2227 Naumburgi
1123 2183 1268 2218 ineunte
1295 2194 1326 2217 a.
1356 2183 1443 2218 1561
1473 2183 1682 2227 congregati
1719 2183 1818 2226 (vide
1852 2195 1962 2229 supra

190 2251 222 2284 p.
250 2238 428 2282 84-86),
467 2238 764 2283 „praefationem“
797 2237 976 2281 quandam
1004 2237 1048 2271 ad
1080 2236 1370 2278 „confessionem
1397 2237 1656 2280 augustanam⁴⁴
1687 2239 1961 2282 composuerant

190 2294 226 2326 et
251 2292 552 2337 subscripserant,
580 2303 731 2335 eamque
757 2291 847 2325 satis
874 2291 1063 2325 obscuram
1091 2292 1127 2324 et
1153 2289 1358 2335 ancipitem,
1384 2290 1419 2323 in
1447 2301 1517 2334 qua
1543 2301 1666 2324 omnes
1695 2289 1961 2332 „Confessionis

189 2346 433 2389 augustanae‘
464 2345 639 2380 editiones
668 2344 850 2389 (quamvis
877 2356 938 2379 eas
974 2344 1009 2378 in
1045 2344 1151 2378 rebus
1188 2343 1362 2388 gravibus
1396 2343 1490 2377 inter
1524 2355 1563 2378 se
1599 2343 1802 2388 discrepare
1836 2346 1959 2378 notum

191 2398 302 2441 esset)
331 2399 624 2443 approbabantur
651 2401 687 2432 et
712 2398 747 2432 in
774 2410 812 2432 re
839 2397 1078 2432 eucharistica
1105 2397 1285 2431 sententia
1311 2396 1622 2438 Melanchthonis,
1662 2408 1752 2440 quae
1780 2397 1814 2430 in
1843 2396 1960 2432 Calvi-

188 2452 345 2486 nismum
372 2452 635 2497 propendebat,
671 2451 936 2496 proponebatur
965 2451 1026 2494 (H.
1056 2452 1196 2494 Heppe,
1224 2450 1289 2484 Die
1316 2449 1588 2484 confessionelle
1615 2449 1872 2494 Entwicklung
1898 2451 1961 2485 der

190 2505 573 2550 altprotestantischen
600 2505 734 2539 Kirche
760 2503 1028 2539 Deutschlands
1056 2503 1244 2547 [Marburg
1272 2502 1375 2547 1854]
1403 2514 1435 2548 p.
1466 2503 1662 2537 166—171.
1715 2505 1758 2538 Α.
1793 2504 1960 2549 Tholuck,

190 2558 469 2602 Lebenszeugen
497 2559 559 2593 der
585 2558 832 2592 lutherischen
859 2557 991 2592 Kirche
1018 2557 1154 2601 [Berlin
1183 2555 1288 2600 1859]
1315 2568 1347 2601 p.
1378 2557 1431 2590 14.
1466 2557 1768 2591 Janssen-Pastor
1792 2557 1815 2591 l.
1843 2569 1872 2592 0.
1898 2557 1959 2599 IV,

193 2611 408 2655 141—144).
444 2613 644 2656 Delphinus
669 2611 816 2645 nuntius
842 2610 1054 2645 Vindobona
1083 2611 1136 2645 14.
1156 2609 1377 2655 Septembris
1406 2610 1492 2644 1561
1523 2612 1559 2644 et
1577 2610 1726 2644 Romam
1753 2611 1790 2644 et
1815 2610 1960 2645 Triden-

189 2668 268 2699 tum
303 2665 519 2710 scripserat,
555 2665 788 2708 Augustanos
823 2664 1040 2709 praefationi
1075 2663 1127 2697 illi
1163 2662 1422 2708 subscripsisse
1460 2662 1661 2706 (Steinherz
1685 2663 1708 2697 l.
1736 2675 1765 2698 0.
1802 2676 1835 2709 p.
1862 2663 1960 2708 309).

191 2717 287 2760 Quos
313 2730 383 2752 non
409 2718 669 2764 subscripsisse
704 2721 840 2752 certum
877 2719 933 2751 est
961 2717 1071 2761 (Paul
1097 2728 1159 2751 ron
1188 2718 1339 2760 Stetten,
1375 2716 1591 2751 Geschichte
1626 2716 1688 2751 der
1714 2716 1819 2751 Stadt
1843 2717 1960 2761 Augs-

190 2783 284 2817 purg
311 2771 544 2815 [Franckfurt
568 2784 602 2806 u.
629 2771 776 2817 Leipzig
804 2771 908 2815 1743]
935 2783 968 2816 p.
997 2771 1094 2814 542).

311 2826 323 2846 ⁷
353 2824 459 2867 „Sind
485 2826 551 2859 wir
577 2825 668 2860 auch
696 2836 823 2859 ausser
841 2824 995 2859 Standes
1022 2823 1241 2868 anzugeben,
1268 2823 1311 2858 ob
1337 2823 1408 2857 und
1433 2822 1595 2857 welchen
1621 2822 1767 2857 Antheil
1794 2822 1960 2858 Canisius

190 2878 425 2912 unmittelbar
451 2890 495 2912 an
523 2879 585 2913 der
611 2878 774 2922 Haltung
800 2878 861 2912 des
888 2878 1124 2921 Magistrates
1151 2889 1193 2911 zu
1222 2876 1386 2911 Gunsten
1412 2876 1475 2910 der
1500 2875 1643 2910 Paritat
1666 2875 1777 2918 hatte,
1804 2888 1844 2911 so
1870 2876 1960 2911 wird

189 2941 273 2964 man
296 2930 493 2976 jedenfalls
519 2931 643 2965 seinen
669 2931 899 2965 mittelbaren
918 2931 1065 2964 Antheil
1093 2930 1206 2965 durch
1225 2929 1493 2973 Ermuthigung
1520 2929 1807 2964 eiuflussreicher
1831 2929 1958 2964 katho-

190 2983 329 3018 lischen
355 2985 517 3026 Mannen
543 2985 615 3019 und
643 2984 754 3018 durch
782 2984 846 3018 das
871 2983 1052 3025 Ansehen,
1079 2983 1143 3018 das
1170 2995 1208 3017 er
1233 2983 1296 3017 der
1321 2982 1573 3016 katholischen
1593 2981 1707 3016 Sache
1732 2983 1789 3017 bei
1814 2982 1959 3026 billiger

192 3036 405 3071 denkenden
431 3038 688 3072 Protestanten
715 3037 864 3079 erwarb‚
890 3036 993 3071 nicht
1018 3037 1053 3071 in
1072 3036 1214 3071 Abrede
1241 3036 1365 3070 ziehen
1391 3035 1576 3070 konneffl:
1602 3037 1705 3070 Riess
1729 3035 1752 3070 l.
1779 3047 1808 3070 0.
1835 3047 1868 3081 p.
1889 3035 1957 3071 286

192 3089 235 3124 ad
263 3089 342 3125 287.

312 3144 325 3163 ⁸
350 3143 402 3178 De
420 3144 488 3179 hac
511 3144 759 3190 „exceptione“
790 3143 850 3178 vel
875 3144 995 3188 potius
1014 3142 1247 3177 excusatione
1266 3141 1412 3186 scripsit
1433 3142 1594 3176 Calinich
1614 3141 1637 3176 l.
1657 3153 1686 3176 c.
1704 3153 1738 3186 p.
1757 3142 1956 3177 243—244.

2082 3175 2093 3222 ᾖ,

2082 3227 2088 3250 J

2065 3253 2093 3444 1
