2093 3444
465 175 622 210 Monum.
652 176 863 222 (oenipont.)
893 177 972 212 336.
1003 176 1183 220 (Exeunte
1209 176 1299 211 Iulio
1327 176 1445 220 1562.)
1750 179 1833 219 713

70 291 213 326 Ioannis
230 290 336 325 Isacii
349 290 508 331 Levitae,
528 303 546 325 e
565 291 738 327 iudaismo
757 293 931 334 conversi,
952 293 1165 338 professoris
1180 293 1428 327 universitatis
1447 292 1661 327 coloniensis
1679 291 1714 335 (†
1731 293 1836 335 1577)

75 344 295 390 „Opuscula“
328 343 589 387 (Grammatica
615 345 792 387 hebraica,
821 346 987 380 Coloniae
1011 347 1101 380 1557
1130 348 1216 387 etc.;
1245 346 1401 390 Physica
1420 345 1586 379 Hebraea
1604 345 1718 379 Rabbi
1738 346 1839 380 Aben

71 398 247 443 Tybbon¹
274 396 370 440 etc.).
405 397 566 431 Durandi
592 409 612 431 a
639 398 673 432 S.
700 399 902 433 Poroiano2
929 399 969 434 Ο.
997 399 1055 434 Pr.
1086 399 1121 443 (†
1147 399 1213 433 sub
1240 398 1346 443 1333)
1376 399 1653 433 commentarius
1679 398 1714 432 in
1742 398 1840 433 Petri

71 450 261 485 Lombardi
286 449 490 484 Sententias
519 450 685 494 (Parisiis
714 452 804 487 1508
831 451 927 496 etc)
976 452 1225 498 Chrysostomi
1252 452 1385 487 Javelli
1412 452 1453 486 O.
1480 452 1537 486 Pr.
1569 452 1604 495 (†
1630 454 1711 496 post
1733 452 1838 495 1537)

76 503 213 549 „Opera
237 503 273 537 in
304 503 521 546 theologia“.
572 505 714 538 Ioannis
751 505 793 539 de
819 505 1094 540 Turrecremata
1121 504 1161 539 O.
1188 505 1245 540 Pr.
1274 505 1466 539 cardinalis
1495 505 1531 548 (†
1560 506 1665 549 1468)
1696 505 1840 539 Summa

75 558 138 600 „de
164 556 336 591 ecclesia“
368 556 518 600 (Romae
540 557 640 598 1489,
669 557 829 592 Venetiis
851 559 970 601 1561).
1005 559 1162 593 Thomae
1184 559 1313 593 Netter
1339 559 1415 593 sive
1433 558 1642 593 Waldensis
1662 558 1702 593 O.
1724 558 1839 592 Carm.

73 611 110 653 (†
129 610 234 653 1430)
256 609 337 643 libri
360 612 503 651 „contra
521 609 709 645 haereses‘
734 611 998 654 („Doctrinale“
1029 617 1154 646 contra
1173 612 1369 653 Viclefitas,
1396 612 1546 646 Husitas
1565 611 1662 655 etc)
1698 612 1840 645 Ioannis

71 663 259 698 Driedonis
285 663 499 703 brabantini,
532 664 678 707 parochi
704 664 923 698 lovaniensis
954 665 988 707 (†
1017 664 1123 708 1535)
1158 665 1313 710 „Opera“
1348 665 1568 708 (dogmatica
1595 668 1631 699 et
1656 665 1840 710 polemica,

71 716 220 751 Lovanii
249 715 369 759 1533).
409 716 535 750 Jacobi
562 716 701 750 Latomi
728 717 855 760 belgae
886 719 920 761 (†
950 719 1069 762 1544),
1096 719 1310 763 professoris
1335 718 1585 752 universitatis
1611 718 1840 759 lovaniensis,

76 769 232 814 „Opera“
266 769 406 813 (contra
431 769 639 810 Lutherum,
668 769 992 815 Oecolampadium,
1020 771 1208 805 Erasmum
1235 774 1302 806 etc.
1330 772 1495 816 scripta).
1531 772 1665 805 Ruardi
1687 771 1840 817 Tapperi

71 823 229 858 hollandi
257 823 293 866 (†
321 822 448 865 1559),
485 823 690 856 cancellarii
716 824 966 858 universitatis
996 825 1237 867 lovaniensis,
1276 825 1591 867 „Controversiae“
1625 825 1663 869 (i.
1690 837 1720 859 e.
1751 825 1842 867 „Ex-

71 876 304 922 plicationes“
333 877 400 910 etc.
453 875 602 909 Lovauii
632 877 722 910 1555
749 877 896 920 editae).

189 935 230 969 In
264 934 489 980 philosophia
524 934 637 979 primo
672 935 749 969 loco
785 939 963 980 ponuntur
993 936 1274 978 „Commentaria
1301 937 1576 971 Lovaniensium
1611 937 1645 971 in
1673 937 1842 980 Logicam

71 988 297 1022 Aristotelis“
328 992 363 1022 et
394 988 680 1030 „Commentaria
706 989 748 1023 D.
775 989 932 1023 Thomae
958 990 994 1023 in
1020 993 1136 1024 totum
1162 990 1430 1024 Aristotelem⁴⁴.
1478 989 1576 1031 Quae
1602 990 1764 1035 proxime
1790 1002 1842 1025 se-

73 1044 229 1086 quuntur
266 1041 405 1086 „Opera
432 1042 565 1076 Javelli
600 1041 637 1075 in
675 1042 934 1087 pliilosopliia“‚
973 1045 1082 1087 atque
1117 1043 1299 1087 aliquanto
1335 1044 1429 1077 infra
1463 1043 1673 1077 nominatim
1708 1044 1844 1088 petitur

75 1095 223 1138 „Iavelli
258 1095 431 1139 epitom&
451 1095 474 1128 3.
526 1095 704 1129 Petuntur
739 1096 866 1131 etiam:
906 1097 1040 1139 „Boetii
1076 1098 1218 1141 ope1·a“.
1273 1096 1582 1141 „Theophrastus“
1621 1097 1844 1140 (Aristotelis

73 1147 298 1193 discipulus).
358 1148 552 1182 Praeterea
588 1160 633 1182 ex
668 1148 876 1183 Aristotelis
912 1150 1272 1184 commentatoribus:
1315 1150 1540 1192 „Alexander
1575 1150 1837 1195 Aphrodiseus“

74 1202 183 1246 (saec.
210 1202 253 1236 ΙΙ.
281 1201 485 1245 exeuntis),
526 1201 786 1244 ‚‚Themistius“
829 1202 1074 1247 (Euphrades,
1111 1215 1203 1237 saec.
1235 1203 1335 1247 IV),
1371 1203 1576 1248 Simplicius
1614 1204 1723 1247 (saec.
1751 1203 1842 1247 VI.)‚

71 1255 282 1289 Ammonius
312 1254 508 1298 (Hermiae,
535 1266 629 1289 saec.
649 1254 739 1298 VI.)‚
766 1256 953 1290 Avicenna
983 1256 1091 1298 (saec.
1110 1256 1152 1291 X.
1176 1256 1361 1299 ineuntis),
1388 1257 1568 1291 Averroes
1597 1257 1706 1301 (saec.
1734 1257 1843 1300 XII),

76 1309 327 1352 „Eustracius“
356 1308 586 1354 metropolita
620 1309 793 1344 nicaenus
830 1310 940 1353 (saec.
966 1309 1061 1354 XII.)
1100 1310 1153 1353 „in
1181 1310 1347 1344 Ethicam
1372 1310 1620 1351 Aristotelis‘⁴,
1656 1310 1843 1344 Walterus

76 1363 268 1405 „Burleus“
306 1362 417 1406 (saec.
444 1362 540 1397 XIV.
575 1363 770 1406 ineuntis),
810 1363 976 1398 Offredus
1016 1364 1274 1408 „Apollinaris“
1313 1364 1554 1398 cremonensis
1591 1363 1701 1407 (saec.
1735 1363 1841 1407 XV),

71 1416 285 1451 Franciscus
309 1416 539 1450 Vimercatus
568 1416 915 1459 („Vicomercatus“,
951 1429 1044 1451 saec.
1072 1417 1205 1460 XVI),
1238 1417 1479 1451 Bernardinus
1510 1416 1710 1459 „Donatus“
1742 1429 1842 1451 vero—

71 1469 193 1504 nensis
221 1469 257 1513 (†
283 1470 349 1504 sub
376 1481 407 1504 a.
436 1470 542 1513 1530)
578 1470 632 1512 „in
659 1470 806 1504 Ethica“
838 1471 1053 1505 Aristotelis.
1097 1472 1216 1515 Atque
1243 1471 1369 1504 etiam:
1402 1470 1561 1513 ⁷,Alberti
1585 1470 1708 1514 magni
1734 1481 1842 1515 opera

71 1522 352 1568 philosophica“.
407 1522 563 1566 „Catena
598 1535 707 1557 aurea
742 1524 777 1557 in
805 1524 1011 1567 Logicanff.
1065 1524 1336 1566 „Titelma1111i“,
1373 1524 1416 1558 de
1452 1535 1520 1567 quo
1557 1535 1664 1567 supra
1700 1535 1733 1568 p.
1762 1523 1841 1564 712,

76 1576 296 1620 „Dialectica
339 1578 376 1611 et
418 1576 610 1622 Physica“.
670 1577 865 1620 Augustini
905 1577 1050 1622 „Niphi“
1091 1577 1187 1618 itali,
1224 1576 1446 1611 averroistae
1480 1577 1637 1620 mitigati
1670 1576 1706 1620 (†
1734 1576 1841 1621 1546)

76 1631 222 1675 „opera“
269 1631 306 1664 in
339 1630 594 1671 Aristotelem,
639 1630 835 1664 Averroem
871 1634 937 1664 etc.
987 1630 1122 1675 scripta
1159 1630 1338 1670 (Venetiis
1373 1630 1474 1664 1535.
1510 1630 1629 1673 1559).
1686 1630 1842 1664 Ioachim

76 1683 270 1726 „Perionii“
307 1683 348 1718 O.
375 1683 409 1718 S.
436 1684 478 1718 B.
512 1683 549 1727 (†
575 1685 641 1719 sub
674 1696 704 1718 a.
735 1684 841 1727 1560)
875 1684 1126 1726 „Dialectica“.
1179 1684 1327 1718 Gerardi
1363 1683 1525 1717 Mathisii
1565 1683 1842 1725 „Geldriensis“,

72 1737 319 1783 philosophiae
353 1738 390 1771 in
425 1738 665 1772 universitate
702 1737 895 1772 coloniensi
931 1737 1144 1782 professoris
1180 1739 1215 1770 et
1245 1737 1443 1780 „regentiff
1474 1737 1654 1782 gymnasii
1682 1736 1844 1771 montani

76 1791 111 1835 (†
138 1791 244 1835 1574)
273 1791 521 1825 commentarii
553 1792 607 1832 „in
636 1791 876 1836 Porphyrium
903 1794 939 1824 et
966 1791 1272 1835 praeclicainenta“
1303 1790 1521 1824 Aristotelis.

191 1851 231 1884 In
256 1862 295 1884 re
321 1850 578 1885 mathematica
614 1853 650 1885 et
675 1851 846 1895 physica:
882 1850 1030 1884 Praeter
1061 1849 1324 1892 „Arcliimedis“
1356 1851 1392 1883 et
1422 1849 1617 1892 „Ptolomei
1644 1851 1770 1894 opera“
1802 1860 1843 1883 ac

72 1905 215 1938 veteres
249 1903 330 1938 illos
366 1906 402 1938 et
436 1904 636 1949 antiquitus
671 1904 707 1938 in
742 1904 875 1938 scholis
910 1903 1069 1937 adhiberi
1106 1903 1229 1937 solitos
1264 1903 1393 1937 libros:
1435 1903 1670 1947 „Sphaeranff
1701 1903 1844 1936 Ioannis

73 1957 220 1991 Halifax
238 1957 281 1992 de
299 1957 406 1992 Sacro
425 1958 538 1992 Bosco
561 1958 597 2002 (†
619 1958 723 2001 1256)
749 1970 848 2000 „cum
868 1957 1169 1995 commentariis“,
1194 1956 1405 1998 „Theoricas
1424 1956 1669 2001 planetarum“
1694 1955 1844 1990 Gerardi

74 2010 324 2045 Cremonensis
359 2011 396 2054 (†
424 2011 552 2055 1184),
594 2011 867 2056 „Perspectivas
904 2010 1136 2044 Communes‘
1176 2010 1253 2044 sive
1292 2010 1447 2054 opticam
1482 2009 1625 2043 Ioannis
1660 2009 1843 2043 Peckham

74 2063 115 2099 Ο.
140 2064 227 2099 Min.
257 2064 293 2108 (†
321 2064 426 2109 1292)
457 2067 493 2099 et
526 2065 776 2110 perspectivas
807 2064 1037 2107 „Vitelionis“
1068 2063 1229 2106 thuringi
1260 2063 1367 2106 (saec.
1396 2063 1491 2097 XIII.
1519 2061 1701 2106 exeuntis)
1734 2062 1844 2096 nomi-

73 2120 222 2153 nantur:
253 2118 406 2163 „Mappa
430 2119 554 2152 mundi
580 2130 662 2153 cum
688 2118 960 2152 a1·ithrneticis“.
1001 2117 1139 2162 „Opera
1159 2116 1308 2151 Joannis
1327 2116 1370 2150 de
1389 2116 1510 2150 Monte
1528 2116 1660 2159 Regio“
1687 2116 1844 2159 (Ioannis

73 2171 205 2205 Muller
229 2171 524 2215 Regiomontani,
551 2173 572 2214 †
599 2172 720 2215 1476).
770 2171 939 2214 „Joannis
966 2170 1113 2204 Stofler“
1147 2169 1322 2213 (Stoffler,
1358 2169 1572 2214 professoris
1597 2169 1846 2204 universitatis

73 2225 311 2268 tubingensis,
337 2226 359 2268 ’ὖ-
380 2224 484 2269 1531)
510 2225 810 2268 „Astrolabium“.
846 2224 945 2258 Petri
968 2224 1161 2268 „Appiani“
1186 2223 1406 2266 (Bienewitz,
1432 2223 1645 2267 professoris
1671 2222 1846 2257 universi-

74 2278 161 2312 tatis
186 2278 500 2321 ingolstadiensis,
536 2280 557 2321 †
586 2279 691 2322 1552)
726 2278 884 2324 „Opera“
918 2277 1223 2321 (Astronomicum
1251 2287 1469 2317 caesareum,
1496 2276 1709 2319 Ingolstadii
1737 2276 1846 2317 1540;

75 2332 358 2366 Instrumentum
376 2332 544 2374 Sinicum,
571 2332 830 2375 Norimbergae
853 2331 952 2372 1541,
980 2329 1076 2374 eto).
1113 2330 1254 2375 Scripta
1281 2330 1457 2373 quaedam
1476 2329 1632 2363 Reinerii
1654 2329 1846 2372 „Gemmae

75 2385 197 2419 Frisii“
231 2385 268 2430 (†
296 2385 416 2430 1558),
442 2385 640 2420 medicinae
666 2385 882 2431 professoris
907 2384 944 2418 in
969 2383 1206 2418 universitate
1232 2382 1443 2417 lovaniensi.

198 2566 205 2585 ¹
233 2565 349 2600 Rabbi
373 2565 468 2600 Sam.
493 2566 596 2600 Aben
614 2566 750 2600 Tibbon
770 2565 942 2600 Averrois
968 2564 1179 2599 aristotelici
1207 2564 1370 2598 arabicos
1396 2563 1433 2598 in
1457 2563 1568 2598 libros
1586 2563 1673 2598 VIII
1699 2568 1846 2609 φυσικῆς

76 2616 288 2664 Ακροάσεως
313 2620 588 2654 commentarios
614 2620 781 2654 hebraice
807 2620 989 2660 verterat3
1025 2629 1116 2662 quae
1152 2617 1270 2652 versio
1306 2617 1372 2651 sub
1399 2629 1429 2651 a.
1459 2617 1550 2651 1560
1575 2616 1690 2651 Rivae
1720 2617 1842 2661 (Riva)

76 2672 112 2707 in
137 2671 249 2706 Tiroli
274 2684 408 2707 excusa
434 2684 514 2707 esse
540 2673 685 2709 videtur
712 2672 778 2717 (Io.
810 2672 1008 2715 Christoph.
1037 2671 1202 2715 IVoZfius,
1238 2670 1463 2705 Bibliotheca
1489 2670 1654 2704 Hebraea
1680 2670 1697 2704 I
1724 2669 1846 2714 [Ham-

75 2725 181 2769 burgi
206 2727 242 2760 et
268 2725 410 2771 Lipsiae
438 2726 555 2769 1715],
585 2726 752 2768 19-20).

196 2779 209 2799 ²
233 2778 368 2813 Notum
393 2781 459 2821 est,
485 2779 581 2814 hunc
607 2779 851 2824 compluribus
877 2777 913 2812 in
939 2778 1046 2812 rebus
1072 2777 1255 2811 doctrinae
1283 2776 1316 2811 S.
1341 2776 1499 2811 Thomae
1517 2776 1713 2821 Aquinatis
1739 2776 1846 2811 valde

77 2832 310 2867 adversatum
336 2844 426 2867 esse.

197 2886 210 2906 3
237 2885 447 2931 Complures
474 2885 689 2931 conscripsit
719 2885 942 2930 „Epitomes“
973 2884 1009 2918 in
1034 2883 1145 2918 libros
1170 2882 1436 2928 philosophicos
1462 2882 1670 2917 Aristotelis
1705 2885 1741 2917 et
1766 2882 1847 2917 Pla-

77 2939 182 2973 tonis.
216 2939 392 2973 lavellum
418 2939 461 2974 ob
488 2951 592 2973 suam
618 2940 661 2973 de
685 2937 1012 2984 praedestinatione
1030 2936 1248 2971 sententiam
1267 2936 1328 2970 alii
1346 2936 1495 2970 laudant
1515 2936 1576 2979 (cf.
1599 2937 1681 2970 Ger.
1702 2937 1847 2971 Schnee-

77 3004 187 3027 marm
213 2992 246 3027 S.
275 2993 326 3034 J.‚
355 2992 690 3027 Controversiarum
718 2991 761 3025 de
787 2991 931 3025 divinae
957 2990 1096 3034 gratiae
1122 2989 1298 3034 liberique
1325 2989 1464 3024 arbitrii
1491 2989 1681 3023 concordia
1706 2989 1846 3023 initium

78 3048 115 3080 et
139 3057 354 3091 progressus
379 3045 563 3090 [Friburgi
590 3044 802 3088 Brisgoviae
832 3043 934 3087 1881]
962 3056 995 3088 p.
1024 3043 1127 3085 113),
1167 3042 1229 3077 alii
1255 3042 1291 3077 iu
1318 3042 1716 3087 Semipelagianismum
1743 3042 1847 3077 deve-

78 3099 175 3134 nisse
192 3099 382 3134 affirmant
398 3098 640 3144 („Scriptores
659 3097 804 3132 Ordinis
822 3096 1136 3131 Praedicatorum“
1158 3107 1229 3130 rec.
1249 3096 1293 3130 ab
1312 3097 1384 3130 Iac.
1406 3096 1528 3139 Qne'tif
1542 3098 1579 3130 et
1596 3097 1667 3130 Iac.
1686 3096 1845 3140 Eehard,

80 3152 120 3188 Ο.
147 3152 218 3195 Pr„
244 3152 279 3187 II
305 3152 485 3197 [Lutetiae
511 3151 733 3186 Parisiorum
762 3149 879 3194 1721],
908 3150 1004 3193 104).
