2093 3444
118 312 208 347 1562

118 473 209 508 1562

119 526 209 561 1562

119 687 210 722 1562

119 793 211 829 1562

122 955 212 990 1562

122 1171 212 1205 1562

123 1278 212 1313 1562

123 1385 214 1421 1562

115 1586 225 1628 1562

126 1815 216 1850 1562

124 1975 215 2010 1562

125 2135 215 2171 1562

126 2242 216 2278 1562

124 2296 215 2332 1562

125 2404 215 2440 1562

125 2600 226 2638 1562

126 2870 217 2905 1562

127 2924 217 2959 1562

126 2977 217 3012 1562

126 3031 217 3066 1562

127 3084 218 3119 1562

127 3137 217 3172 1562

127 3191 218 3227 1562

301 310 303 383 l

595 195 685 230 1562
711 197 805 239 Aug.
833 196 888 230 24.
917 216 961 221 -
991 197 1081 231 1562
1107 196 1192 232 Dec.
1222 196 1275 232 11.
1776 215 1821 242 LI

414 310 495 346 Oct.
524 312 578 346 18.

416 470 495 505 Oct.
523 472 578 505 24.

416 524 496 559 Oct.
524 525 580 559 25.

363 685 527 720 26-31.
555 685 633 720 Oct.

419 792 510 828 Nov.
540 794 570 828 1.

421 953 512 988 Nov.
539 953 571 988 2.

383 1167 499 1202 3.-9.
524 1167 614 1202 Nov.

422 1274 514 1310 Nov.
542 1275 573 1310 7.

422 1381 513 1416 Nov.
541 1383 573 1417 8.

412 1813 504 1849 Nov.
533 1815 587 1849 11.

411 1974 503 2010 Nov.
533 1976 586 2010 15.

411 2135 502 2171 Nov.
531 2137 587 2171 22.

686 310 809 358 {Dom.
836 311 949 347 XXII.
987 324 1019 358 p.
1050 313 1153 348 Pent.
1189 312 1355 348 Canisius
1389 313 1426 347 in
1461 313 1549 349 aede
1583 315 1742 350 maxima
1777 316 1821 350 de

767 366 880 400 sacris
907 366 1032 401 diebus
1059 366 1298 402 eucharistiae
1328 367 1531 412 sumptione
1558 370 1626 403 etc.
1652 368 1821 412 religiose

767 419 917 462 agendis
944 422 980 454 et
1006 420 1048 454 de
1075 420 1265 463 evangelio
1291 420 1361 454 diei
1387 420 1474 455 dicit
1502 421 1617 465 (621).

687 472 918 506 *Tridentum
945 473 989 507 ad
1016 473 1167 508 Hosium
1193 485 1306 508 novos
1332 473 1442 508 libros
1468 474 1581 508 mittit
1609 475 1723 519 (516).

708 525 809 560 Dom.
828 525 961 560 XXIII.
979 538 1013 571 p.
1032 526 1134 561 Pent.
1157 526 1193 561 in
1212 527 1300 561 aede
1319 527 1477 561 maxima
1495 527 1718 563 demonstrat
1740 540 1820 563 con·

768 578 902 613 tionem
928 582 964 614 et
989 580 1139 614 missam
1164 580 1290 615 diebus
1315 580 1430 615 sacris
1452 581 1649 616 audiendas
1668 593 1758 625 esse,
1786 585 1821 617 et

768 632 998 676 evangelium
1025 633 1095 668 diei
1121 635 1269 679 exponit
1298 634 1393 677 (621.
1421 634 1536 678 6233).

710 683 944 731 Ingolstadii‚
971 687 1055 721 dum
1081 687 1272 732 collegium
1291 699 1311 722 3
1330 687 1370 722 P.
1388 687 1421 722 Ν
1424 687 1520 722 atale
1538 688 1719 731 visitatur,
1746 691 1821 724 tres

769 738 845 774 dies
874 742 1035 774 moratur
1064 740 1179 785 (685).

710 793 816 827 Festo
839 792 1008 828 Omnium
1035 794 1248 829 Sanctorum
1278 794 1331 838 (et
1354 794 1456 829 Dom.
1483 794 1613 830 XXIV.
1640 807 1673 840 p.
1699 795 1818 839 Pent.)

769 844 959 892 Augustae
972 847 1009 881 in
1023 847 1110 882 aede
1123 848 1282 882 maxima
1296 848 1339 882 de
1354 848 1497 883 Sanctis
1511 848 1670 883 colendis
1684 860 1820 883 eorum-

769 911 838 944 que
865 900 990 935 diebus
1016 901 1121 935 sestis
1146 904 1244 936 recte
1271 901 1421 945 agendis
1448 901 1535 936 dicit
1564 902 1679 945 (617).

713 954 750 987 In
769 953 962 988 Commem.
980 954 1242 989 Defunctorum
1266 955 1398 989 ibidem
1425 956 1467 990 de
1494 955 1596 990 varia
1621 955 1821 990 animarum

770 1019 815 1041 ex
851 1007 1059 1053 corporibus
1094 1019 1323 1068 egressarum
1354 1010 1451 1044 sorte
1478 1009 1566 1043 dicit
1600 1011 1637 1043 et
1661 1009 1821 1043 fidelium

770 1061 909 1096 animas
935 1073 955 1096 a
981 1062 1084 1096 nobis
1109 1061 1227 1096 iuvari
1253 1065 1289 1096 et
1306 1073 1412 1107 posse
1438 1064 1474 1097 et
1492 1062 1621 1097 debere
1646 1063 1823 1097 adversus

769 1116 1014 1160 protestantes
1040 1115 1264 1150 demonstrat
1291 1116 1404 1160 (617).

691 1153 817 1218 {Apud
836 1168 876 1202 P.
893 1168 1060 1203 Natalem
1078 1168 1302 1204 visitatorem
1330 1169 1589 1204 confessionem
1616 1169 1822 1213 generalem

770 1221 931 1256 instituit
959 1222 1075 1266 (674).

715 1275 892 1320 Imagines
917 1276 954 1310 in
980 1276 1153 1311 ecclesiae
1179 1276 1336 1311 derisum
1362 1276 1582 1311 Ratisbonae
1607 1276 1724 1322 pictas
1747 1276 1822 1311 Tri-

691 1318 693 1330 1
772 1330 918 1364 dentum
945 1330 988 1364 ad
1016 1329 1168 1364 Hosium
1193 1330 1306 1364 mittit
1334 1330 1447 1389 (527).

692 1366 814 1417 100111
833 1382 944 1418 XXV.
963 1395 996 1428 p.
1013 1383 1115 1418 Pent.
1134 1383 1170 1417 in
1188 1384 1276 1418 aede
1293 1383 1451 1418 maxima
1471 1383 1567 1425 dicit,
1585 1385 1684 1418 recte
1703 1383 1887 1431 031110-ἱ

692 1407 693 1482 {
772 1436 860 1471 licos
878 1436 1004 1471 diebus
1022 1437 1136 1471 sacris
1154 1439 1190 1471 et
1208 1436 1359 1472 Sanctos
1385 1437 1554 1472 invocare
1580 1439 1616 1471 et
1641 1448 1704 1482 p1o
1730 1448 1822 1471 mor—

691 1487 693 1549 {
772 1490 844 1525 tuis
871 1502 972 1525 orare
1001 1490 1112 1533 (500¹.
1140 1491 1220 1526 640.
1247 1491 1345 1534 647).

309 1562 370 1630 19.
399 1586 443 1626 et
469 1585 535 1626 10.
559 1583 796 1649 NOVQPP.
835 1582 1010 1626 Natalis
1051 1586 1095 1626 et
1135 1582 1330 1626 Canisius
1371 1581 1683 1638 Landsbergae
1725 1597 1819 1625 cum

771 1647 942 1690 Alberti
959 1649 1011 1691 V.
1036 1648 1292 1691 consiliariis
1315 1648 1367 1691 de
1390 1648 1583 1702 collegiis
1606 1648 1823 1691 bavaricis

772 1714 1085 1769 amplificandis
1118 1717 1162 1758 et
1194 1713 1394 1758 dotandis
1417 1716 1498 1757 etc.
1523 1716 1660 1768 agunt
1683 1713 1821 1768 (686).

692 1813 778 1847 *Die
812 1813 847 1848 S.
881 1813 1029 1847 Martini
1059 1812 1224 1848 Canisius
1253 1811 1442 1859 Augustae
1478 1813 1514 1847 in
1546 1813 1634 1847 aede
1663 1812 1822 1847 maxima

773 1867 816 1901 de
848 1866 982 1901 Satana
1008 1866 1219 1902 Sanctorum
1254 1866 1462 1900 memoriam
1496 1866 1624 1900 tollere
1661 1868 1822 1907 conante,

774 1920 806 1955 S.
832 1920 979 1955 Martini
1005 1920 1187 1965 exemplo,
1219 1919 1407 1964 evangelio
1437 1919 1507 1954 diei
1533 1920 1620 1954 dicit
1648 1919 1762 1964 (617).

692 1974 693 1978 '
713 1974 813 2009 Dom.
832 1974 962 2009 XXVI.
981 1985 1015 2019 p.
1034 1974 1137 2008 Pent.
1163 1973 1294 2008 ibidem
1321 1974 1364 2008 de
1382 1973 1514 2008 missae
1532 1974 1711 2017 dignitate
1731 1973 1823 2008 eius-

771 2040 841 2073 que
867 2028 982 2062 sacris
1007 2027 1132 2062 diebus
1159 2027 1356 2062 audiendae
1375 2027 1494 2062 officio
1512 2038 1554 2062 ac
1572 2027 1615 2062 de
1634 2026 1822 2071 evangelio

692 2125 693 2131 ἵ
772 2082 842 2116 diei
868 2081 956 2116 dicit
984 2081 1098 2125 (621).

712 2135 813 2171 Dom.
839 2135 967 2170 ultima
992 2146 1026 2180 p.
1045 2134 1147 2169 Pent.
1175 2133 1306 2169 ibidem
1332 2133 1561 2177 evangelium
1585 2133 1652 2168 diei
1675 2134 1823 2179 exponit

772 2191 816 2231 et,
844 2188 1019 2234 quomodo
1044 2187 1157 2222 missa
1182 2187 1360 2222 audienda
1385 2187 1444 2229 sit,
1471 2187 1558 2222 dicit
1587 2187 1702 2231 (621).

364 2243 456 2278 Nov.
484 2245 640 2278 exeunte
691 2242 871 2297 Collegio
897 2242 1067 2302 pragensi
1093 2241 1203 2276 libros
1228 2241 1342 2276 mittit
1369 2241 1482 2301 (721).

412 2297 502 2332 Nov.
531 2298 586 2332 29.

412 2404 503 2440 Nov.
531 2405 586 2440 30.

402 2600 611 2639 Decembri

432 2872 516 2906 Dec.
543 2872 574 2906 2.

431 2924 516 2959 Dec.
543 2925 576 2959 4.

431 2979 516 3013 Dec.
544 2979 575 3012 6.

430 3031 515 3066 Dec.
544 3032 575 3066 7.

431 3084 516 3119 Dec.
544 3084 576 3119 8.

430 3137 517 3172 Dec.
543 3139 575 3172 9.

417 3190 502 3226 Dec.
533 3192 586 3226 11.

691 2266 813 2331 1.Βο111
839 2297 866 2330 Ι.
893 2296 986 2330 Adv.
1013 2296 1049 2329 in
1075 2295 1162 2329 aede
1189 2295 1348 2329 maxima
1373 2295 1417 2329 de
1442 2294 1505 2337 iis,
1542 2295 1603 2339 qui
1628 2293 1822 2329 laborando

771 2350 848 2384 dies
873 2361 995 2384 sacros
1021 2348 1166 2391 violent,
1194 2348 1281 2383 dicit
1310 2348 1424 2392 (621).

691 2413 693 2443 ς
691 2404 818 2438 Festo
837 2402 871 2438 S.
890 2403 1055 2437 Andreae
1080 2402 1223 2444 ibidem,
1250 2403 1380 2447 quibus
1405 2402 1587 2437 laboribus
1613 2401 1728 2436 sacris
1751 2401 1822 2436 die-

770 2457 838 2491 bus
864 2456 1116 2491 abstinendum
1142 2456 1200 2498 sit,
1227 2456 1374 2501 exponit
1399 2467 1442 2490 ac
1468 2456 1510 2490 de
1537 2455 1726 2499 evangelio
1753 2455 1823 2489 diei

772 2513 809 2545 et
834 2511 877 2545 de
903 2509 937 2544 3.
965 2510 1111 2544 Andrea
1136 2510 1223 2544 dicit
1251 2509 1366 2553 (621).

692 2590 856 2664 {nPcw’vi
890 2600 1105 2638 catechismi
1136 2595 1439 2637 Catholicorum“
1472 2598 1688 2648 qermam'ce
1724 2599 1823 2635 versi

692 2670 694 2675 ¹
770 2672 849 2696 una
884 2672 969 2697 cum
998 2659 1093 2697 libro
1118 2661 1380 2709 precationum
1405 2658 1716 2707 yermam'carum
1745 2657 1822 2694 edi-

771 2720 909 2756 tionem
947 2719 1108 2755 alteram
1145 2723 1178 2755 et
1211 2718 1446 2755 emendatam
1475 2718 1654 2766 De'le‘nyae
1679 2717 1823 2764 facien-

772 2779 861 2815 dam
889 2783 999 2815 curat
1028 2777 1150 2824 (552).

692 2869 900 2914 *Augustae
935 2870 971 2904 in
999 2869 1133 2914 templo
1161 2869 1195 2904 S.
1222 2869 1365 2904 Ioannis
1391 2869 1618 2904 contionatur
1647 2867 1761 2911 (618).

711 2924 752 2958 111
777 2923 911 2968 templo
938 2923 972 2957 S.
1000 2923 1144 2957 Ioannis
1170 2923 1398 2957 contionatur
1427 2921 1522 2965 (618.
1550 2921 1648 2965 621).

692 2976 813 3020 ¹Dom.
839 2977 884 3011 II.
911 2976 1003 3011 Adv.
1030 2976 1066 3010 in
1092 2975 1179 3010 aede
1204 2975 1363 3010 maxima
1389 2975 1475 3010 dicit
1504 2974 1600 3018 (618.
1627 2974 1726 3018 621).

692 3031 752 3064 'In
778 3030 912 3075 templo
939 3029 972 3065 S.
1000 3029 1144 3064 Ioannis
1169 3029 1398 3064 contionatur
1426 3028 1522 3073 (618.
1549 3028 1648 3071 621).

692 3096 693 3099 ¹
712 3083 777 3118 Die
797 3083 1049 3128 Conceptionis
1067 3082 1107 3117 B.
1125 3083 1174 3117 M.
1194 3082 1235 3117 V.
1261 3082 1298 3116 in
1316 3083 1404 3117 aede
1421 3082 1580 3116 maxima
1599 3080 1686 3116 dicit
1707 3080 1822 3125 (618).

692 3137 750 3170 ¹In
777 3137 911 3181 templo
938 3136 972 3170 S.
999 3135 1142 3171 Ioannis
1169 3136 1396 3171 contionatur
1424 3136 1520 3179 (618.
1547 3134 1645 3178 621).

712 3190 847 3225 Ibidem
875 3190 1102 3224 contionatur
1130 3189 1244 3234 (618).
