2093 3444
351 183 430 217 573.
467 182 621 217 Ioannes
647 183 690 217 de
716 182 874 217 Polanco
903 182 1057 217 Canisio.
1101 182 1215 216 Roma
1242 182 1297 216 21.
1324 183 1417 217 Iunii
1447 184 1548 217 1561.
1755 187 1836 227 171

64 299 105 342 S.
139 299 301 342 Ioanne
318 300 346 343 1.
410 299 547 341 Molto
591 299 627 340 ci
660 299 1045 341 rieommandiamo
1079 299 1162 341 alle
1196 299 1381 353 orationj
1416 299 1458 341 di
1490 299 1542 342 V.
1579 300 1627 343 R.
1662 303 1706 343 et
1739 301 1841 343 delli

61 365 108 408 P.
142 363 281 407 nostri
313 366 357 406 et
388 363 554 406 fratelli
586 364 665 407 Ro.
729 364 783 406 Di
815 364 1075 419 AEniponto
1109 379 1134 406 a
1170 365 1222 405 18
1256 364 1299 406 di
1330 365 1475 418 Jugno
1511 366 1638 408 1561.

904 441 1065 483 Seruus
1097 440 1141 482 in
1175 440 1346 483 Christo
1379 441 1536 483 Petrus
1569 441 1778 486 Canisius.

179 524 352 567 Jhesus.
417 523 470 565 Al
517 523 651 566 molto
694 523 950 565 Reuerendo
995 524 1039 565 in
1084 523 1254 566 Christo
1296 524 1343 567 P.
1386 524 1416 565 il
1459 524 1599 566 Padre
1645 525 1839 567 Maestro

60 589 240 632 Jacomo
271 589 425 642 laynez
449 588 705 643 Praeposito
738 589 943 642 generale
978 589 1030 631 de
1059 590 1103 630 la
1126 589 1393 644 Compagnia
1427 589 1467 630 di
1491 590 1597 631 Jesu
1619 590 1662 631 in
1686 590 1837 632 Roma.

59 733 189 768 saltem
216 734 376 769 eiusdem
403 734 497 768 diem
524 735 658 768 festum
685 737 830 769 acturos
858 747 937 770 esse
953 736 972 769 ¹.
1021 736 1061 770 R.
1075 736 1116 771 V.
1146 747 1188 769 ac
1214 737 1357 780 patrum
1384 737 1587 769 nostrorum
1614 736 1840 780 fratrumque

59 799 287 822 romanorum
314 787 428 822 sacris
453 788 621 833 precibus
647 788 753 823 valde
779 800 844 823 nos
871 789 1173 824 commendamus.
1225 788 1424 834 Oeniponte
1453 789 1506 823 18.
1534 788 1627 822 Iunii
1657 790 1757 824 1561.

1047 853 1182 889 Servus
1208 854 1245 888 in
1273 854 1416 888 Christo
1443 853 1574 888 Petrus
1602 854 1778 888 Canisius.

181 923 326 957 Jhesus.
366 923 567 957 Admodum
594 923 790 958 reverendo
817 924 853 957 in
873 923 1015 958 Christo
1035 925 1086 965 R,
1113 924 1209 969 patri
1234 924 1409 967 magistro
1432 925 1560 959 Iacobo
1579 924 1712 967 Lainio‚
1739 937 1839 970 prae-

59 976 178 1022 posito
204 976 366 1020 generali
393 976 584 1011 societatis
611 977 703 1011 Iesu.
755 977 900 1011 Romae.

885 1099 1015 1141 573.

475 1192 540 1233 P.
573 1191 895 1235 IOANNES
929 1192 1027 1234 DE
1062 1192 1422 1246 POLANCQ

671 1274 890 1308 secretarius
916 1274 1107 1309 Societatis
1134 1275 1226 1317 Iesu,

404 1356 578 1399 nomine
610 1357 757 1399 Iacobi
789 1357 941 1408 Lainii,
975 1358 1215 1412 praepositi
1247 1358 1477 1412 generalis,

809 1451 1084 1500 CANISIO.

736 1553 849 1589 Roma
876 1553 923 1589 21.
951 1553 1048 1591 Iunii
1074 1554 1160 1590 1561.

177 1637 234 1671 Ex
269 1636 477 1682 apographo
513 1636 674 1670 eiusdem
708 1637 881 1682 temporis
893 1650 900 1677 ;
936 1637 972 1671 in
998 1638 1160 1682 margine
1196 1638 1321 1674 eadem
1347 1650 1455 1673 manu
1481 1640 1662 1673 notatum:
1704 1639 1840 1682 „Padre

59 1690 234 1726 Canisio.“
291 1690 374 1724 Ood.
406 1689 547 1732 „Germ.
577 1690 687 1725 1561“
719 1690 742 1724 f.
773 1691 826 1725 14.

180 1743 348 1789 Epistula
373 1755 461 1778 usus
488 1746 545 1778 est
568 1745 685 1778 Kro'ss
710 1743 732 1778 l.
762 1755 791 1778 c.
819 1756 852 1789 p.
882 1744 959 1779 132.

183 1822 336 1866 Colleyia
369 1833 561 1866 praqease,
596 1821 870 1865 vindobonense,
907 1833 1130 1865 monacense,
1166 1823 1447 1866 inqolstadiense.
1500 1823 1685 1856 Sociorum-
1718 1825 1839 1857 studia

52 1875 303 1919 philosophica
338 1880 367 1909 et
393 1876 595 1918 theoloyica.
648 1875 773 1909 Sela-ta·
796 1876 933 1917 fratres
967 1875 1169 1909 scholastici
1194 1876 1345 1909 Romam
1372 1877 1551 1920 mittendi,
1591 1881 1627 1909 m‘
1652 1877 1838 1911 Benedicto

59 1930 205 1963 Pererio
241 1930 410 1972 magistro
439 1929 708 1973 philosophiam
734 1930 882 1962 discant.
934 1929 1003 1963 PP.
1031 1929 1193 1973 Natalis,
1230 1930 1357 1973 Perez,
1390 1930 1567 1975 Victoria,
1606 1931 1838 1966 Cum-illenim.

63 1983 256 2026 Colleyium
286 1983 477 2027 Oeniponte
508 1983 774 2016 instituendum.
826 1983 1021 2025 Privileyia
1058 1984 1116 2023 (in
1148 1984 1240 2016 victu
1266 1984 1345 2025 etc.)
1373 1984 1411 2017 P.
1439 1984 1572 2018 Pisano
1608 1985 1836 2019 concedenda.

63 2037 279 2081 Cyprianus.
329 2038 403 2071 Iter
429 2037 642 2080 elvanyense.
693 2037 892 2080 Delphina-s
919 2037 1076 2071 nuntius.

873 2120 899 2162 J
902 2119 1031 2161 hesus

806 2202 900 2244 Pax
934 2202 1097 2245 christi.

180 2285 240 2327 Le
272 2284 424 2327 vltime
466 2284 509 2327 di
539 2285 593 2327 V.
627 2285 678 2327 R.
713 2299 817 2327 sono
859 2284 918 2325 lia
951 2282 1012 2339 [Ρ]
1049 2286 1087 2327 7.
1131 2284 1201 2326 del
1241 2285 1478 2339 presente2
1519 2298 1598 2327 con
1640 2285 1752 2327 altre
1786 2285 1838 2327 de

61 2350 230 2403 Praga,
272 2364 378 2404 pare
420 2350 499 2392 che
531 2350 624 2392 loro
658 2350 861 2392 vorriano
896 2349 1199 2391 comminoiare
1228 2350 1262 2404 jl
1296 2364 1418 2391 corso
1453 2349 1495 2391 di
1526 2349 1668 2403 logica
1700 2350 1751 2401 li,
1795 2353 1840 2393 et

62 2415 217 2458 adesso
258 2429 345 2457 non
386 2429 491 2470 pare
533 2429 636 2458 cosa
677 2418 922 2470 opportuna
963 2415 1121 2469 perche
1162 2415 1206 2456 in
1244 2415 1414 2457 Vienna
1455 2415 1492 2457 si
1534 2415 1840 2458 comminciara

63 2494 185 2523 corso
226 2495 362 2531 nouo,
406 2484 450 2523 et
491 2480 623 2534 quelli
665 2481 742 2522 che
784 2494 889 2522 sono
931 2480 1127 2534 prouecti
1171 2481 1287 2523 nella
1328 2481 1563 2523 Rhetorica
1605 2481 1838 2523 doueriano

63 2546 284 2589 mandarsi
327 2546 371 2588 la
414 2560 493 2601 per
535 2546 630 2588 fare
673 2560 730 2587 vn
776 2559 899 2588 corso
944 2545 1310 2589 medioeremente
1351 2560 1604 2596 numeros03
1650 2546 1839 2588 maxime

184 2679 328 2714 Jhesus.
376 2679 454 2713 Pax
481 2678 626 2714 Christi.

182 2749 249 2784 Die
276 2751 307 2784 7.
334 2749 441 2783 huius
476 2749 611 2783 mensis
647 2749 752 2783 datae
787 2751 894 2783 erant
918 2748 958 2783 R.
978 2748 1021 2783 V.
1057 2749 1219 2791 litterae,
1256 2761 1346 2794 quas
1381 2749 1577 2784 novissime
1611 2751 1840 2795 accepimus²

64 2814 144 2838 cum
180 2802 304 2837 alteris
340 2814 360 2836 a
385 2802 631 2846 Pragensibus
664 2802 796 2837 missis.
848 2803 901 2837 Ac
936 2802 1030 2846 quod
1065 2802 1172 2837 iidem
1211 2803 1266 2847 (ut
1301 2803 1484 2847 videntur)
1521 2815 1665 2838 cursum
1700 2804 1839 2847 logicae

63 2856 206 2900 Pragae
231 2855 390 2901 incipere
416 2855 584 2901 cupiunt,
619 2855 688 2890 hoc
712 2868 807 2890 nunc
832 2868 903 2890 non
930 2855 1073 2890 videtur
1100 2867 1178 2890 esse
1205 2859 1462 2901 opportunum,
1496 2857 1580 2901 quia
1607 2857 1839 2892 Vindobonae

63 2921 180 2944 novus
206 2921 334 2944 cursus
359 2909 561 2954 incipietur,
588 2911 625 2943 et
650 2921 721 2951 eos,
748 2909 809 2954 qui
834 2910 870 2944 in
896 2909 1076 2944 rhetorica
1101 2909 1192 2944 satis
1219 2910 1460 2956 profecerunt,
1487 2911 1609 2944 eodem
1636 2910 1732 2944 mitti
1759 2922 1838 2945 con-

183 3015 198 3030 a
225 3010 284 3043 Sic
309 3010 414 3049 libr.;
439 3008 505 3042 di?

188 3114 199 3134 ¹
225 3113 370 3150 Festum
399 3113 613 3149 Nativitatis
640 3113 674 3148 S.
701 3113 846 3148 Ioannis
871 3113 1060 3159 Baptistae
1087 3114 1142 3148 24.
1170 3114 1261 3149 Iunii
1288 3114 1419 3159 agitur.

186 3167 200 3188 ²
225 3167 303 3202 Hae
328 3167 467 3212 perisse
493 3167 671 3202 videntur.
