2093 3444
218 229 301 270 668
383 225 539 259 Monuni.
569 223 803 267 (augustana)
832 223 911 257 273.
944 223 990 266 (1.
1018 222 1174 257 Ianuarii
1204 222 1320 265 1561.)
1361 223 1440 256 274.
1471 222 1542 265 (24.
1569 222 1657 256 Maii
1686 222 1802 266 1561.)

213 342 329 375 trare“
362 340 422 383 (ex
448 339 651 374 *contionis
678 339 943 380 commentario,
970 350 990 373 a
1018 338 1158 374 Canisio
1184 338 1378 381 recognito.
1427 337 1510 372 Cod.
1541 338 1647 380 „Cau
1666 338 1710 372 X.
1729 339 1780 373 U“
1810 338 1835 373 f.
1857 338 1975 383 16512).

214 393 383 428 Ursulam
410 396 530 427 autem
565 393 599 426 in
626 392 749 426 liberis
775 391 968 426 educandis
1004 392 1136 436 optime
1162 403 1200 426 se
1227 391 1384 434 gessisse
1419 403 1488 425 non
1515 392 1629 425 solum
1657 391 1750 426 Socii
1784 392 1976 435 augustani

212 446 337 481 testati
363 448 448 480 sunt
476 445 574 489 (vide
601 457 709 490 supra
734 457 766 490 p.
795 445 892 488 653),
919 445 980 478 sed
1008 445 1116 479 etiam
1142 446 1322 478 Hem-icus
1347 445 1555 489 Pantaleon,
1581 444 1740 479 medicus
1767 444 1977 479 basileensis

212 500 315 544 isque
340 501 564 544 protestans:
601 498 662 542 qui
698 510 728 533 a.
758 498 849 532 1566
884 497 926 531 de
954 509 995 532 ea
1021 498 1185 543 scripsit:
1226 497 1392 539 „Liberos
1426 508 1536 532 sexus
1570 498 1758 542 utriusque
1793 498 1828 531 in
1853 500 1977 532 tenera

214 554 333 587 aetate
360 552 411 586 ita
436 551 577 586 institui
604 552 764 587 curauit.
800 553 840 585 ut
865 551 901 584 in
927 562 1110 585 musarum
1145 553 1181 584 et
1206 550 1351 595 pietatis
1387 550 1544 584 sacrario
1569 550 1688 595 potius
1714 562 1820 594 quam
1855 550 1978 585 schola

215 606 344 640 inclusi
371 606 483 640 fuisse
509 605 736 639 uiderentur:
764 604 1100 649 Prosopographiae
1125 605 1282 638 Heroum
1311 604 1523 638 Germaniae
1549 604 1640 638 Pars
1664 605 1772 638 tertia
1800 603 1978 647 (Basileae

217 659 383 703 1566)=p.
411 659 491 693 435.
542 659 646 692 Anna
672 658 863 698 Iacobaea,
898 659 939 691 ut
964 669 1009 691 ex
1035 656 1173 691 archivi
1199 657 1377 700 suggerici
1403 656 1671 691 *Monumentt's
1698 656 1746 700 (7,
1774 657 1813 697 33
1852 657 1908 698 12,
1936 657 1976 697 ὃς

217 712 246 753 1,
276 713 305 753 1,
332 712 387 752 33,
415 711 474 755 34)
496 711 736 755 cognoscitur,
762 710 935 754 religione
954 710 1130 744 catholica
1148 710 1288 744 abiecta
1314 712 1350 743 et-
1367 710 1494 751 20,000
1512 711 1547 744 fl.
1566 711 1609 744 ab
1628 710 1795 744 Udalrico
1814 709 1979 754 Fuggero

214 767 342 810 patruo
369 764 537 809 acceptis,
565 776 595 798 a.
617 763 706 798 1585
726 763 882 798 Henrico
913 763 1082 805 „seniori“
1105 764 1225 797 comiti
1252 763 1295 798 ab
1315 763 1529 807 Ortenburg‚
1557 763 1616 807 qui
1642 763 1677 796 in
1695 774 1788 808 pago
1801 763 1978 797 VValdeck

213 819 355 852 nomine
376 817 584 861 (VValdegg,
612 817 840 851 Palatinatus
866 816 1074 861 superioris)
1095 816 1250 851 Palatini
1277 817 1443 851 electoris
1469 817 1600 850 iudicia
1617 816 1810 851 exercebat
1834 828 1979 860 remque

214 871 392 916 publicam
411 871 697 911 administrabat,
723 870 847 915 nupsit
872 873 908 904 et
934 870 1075 911 ibidem,
1102 870 1176 904 filia
1198 869 1335 910 relicta,
1362 881 1394 904 a.
1415 869 1503 904 1587
1523 870 1599 904 vita
1619 869 1728 904 cessit
1754 869 1814 913 (ef.
1831 871 1978 904 Pinaeo-

213 925 343 959 thecam
374 924 497 969 [supra
523 936 556 969 p.
584 923 666 968 654]
693 936 726 958 n.
753 923 870 966 XLVI).

742 1046 790 1099 d)
823 1046 914 1089 Res
948 1044 1203 1090 Societatis
1237 1047 1284 1088 et
1317 1045 1454 1089 aliae.

1031 1157 1161 1199 2⁶73.

932 1246 957 1282 1.
984 1245 1149 1284 Ianuarii
1177 1245 1263 1281 1561.

339 1334 503 1367 Canist'us
523 1335 777 1377 professionem
806 1334 844 1367 P.
872 1334 1048 1377 Alphonse'
1074 1334 1200 1366 Pisani
1227 1334 1262 1366 S.
1282 1334 1317 1366 J.
1345 1335 1484 1375 excipit.

337 1411 366 1444 1.
395 1410 449 1444 Ex
475 1410 551 1445 cod.
583 1411 646 1451 ‚H.
674 1410 769 1444 XIII.
797 1410 848 1442 Y*
881 1410 905 1443 f.
934 1410 980 1444 6³.

336 1474 375 1507 In
407 1474 530 1516 „Libro
557 1474 844 1509 Professionum²
876 1485 961 1508 cura
989 1474 1027 1507 P.
1054 1472 1157 1507 Pauli
1184 1472 1342 1514 Hoffaei,
1374 1472 1569 1517 praepositi
1594 1471 1835 1516 provincialis,
1867 1472 1981 1513 „facto

217 1539 308 1561 anno
328 1528 438 1561 157·2“
460 1527 498 1561 P.
520 1529 723 1571 Alphonsns·
744 1529 896 1561 Pisanus
915 1527 947 1561 S.
968 1528 999 1561 J.
1030 1526 1088 1570 (de
1107 1538 1175 1570 quo
1197 1527 1284 1561 Can.
1304 1526 1392 1571 Epp.
1412 1526 1454 1567 ΙΙ,
1482 1525 1549 1560 503
1560 1526 1588 1569 ἵ)
1616 1536 1680 1559 sua
1702 1536 1811 1559 manu
1837 1524 1982 1569 scripsit

215 1581 367 1615 formam
394 1584 600 1615 consuetam
637 1584 806 1625 quattuor
841 1580 1067 1615 sollemnium
1095 1579 1284 1614 Societatis
1311 1580 1391 1614 lesu
1421 1581 1588 1613 votorum
1617 1578 1676 1622 (cf.
1703 1589 1812 1623 supra
1838 1589 1870 1622 p.
1899 1579 1940 1612 77
1952 1577 1979 1621 2)

215 1634 319 1678 eique
345 1634 533 1668 adnotavit
563 1635 779 1678 „Augustae
805 1635 919 1679 primo
946 1634 1001 1668 die
1028 1633 1111 1667 anni
1140 1633 1240 1667 1561.
1282 1633 1320 1666 ln
1347 1632 1498 1667 ecclesia
1524 1631 1729 1667 Cathedrali
1756 1632 1794 1665 B.
1822 1630 1982 1674 Virginis

215 1688 342 1722 matris
368 1687 535 1733 dominj“.
571 1687 706 1729 Quibus
731 1688 851 1722 verbis
869 1689 1042 1731 Hoffaens
1067 1685 1254 1731 ascripsit:
1285 1688 1341 1729 „et
1367 1686 1402 1720 in
1427 1685 1592 1720 manibus
1611 1685 1650 1720 P.
1669 1684 1711 1719 D.
1730 1683 1829 1719 Petri
1849 1683 1980 1729 Canisij

216 1740 450 1775 Prouintialis
476 1741 642 1775 secundi“
665 1743 685 1775 ¹.

334 1818 366 1852 2.
394 1817 449 1851 Ex
475 1818 550 1852 cod.
583 1818 721 1860 „Germ
749 1818 832 1863 Sup.
860 1818 936 1852 Cat.
966 1818 1067 1851 1566.
1097 1817 1204 1851 1599“
1236 1816 1260 1850 f.
1287 1816 1389 1850 406³.

334 1889 374 1923 In
401 1890 596 1935 archetypo
626 1891 814 1934 ‚Cataloyo
840 1890 991 1923 Patrum
1017 1891 1051 1923 et
1078 1890 1230 1923 fratrum
1258 1887 1406 1932 Collegij
1427 1886 1730 1930 Jngolstadiensis
1756 1897 1847 1920 anno
1868 1884 1976 1919 1566“

219 1941 303 1986 (quo
338 1943 491 1977 Pisanus
527 1944 656 1977 ibidem
693 1943 861 1986 degebat)
900 1942 1049 1976 Romam
1083 1943 1192 1976 misso
1228 1941 1269 1976 de
1302 1941 1431 1975 Pisano
1467 1940 1684 1974 affirmatur:
1726 1938 1847 1981 „Anno
1877 1937 1982 1972 1561?

216 1995 330 2040 primo
370 1996 426 2030 die
462 1997 556 2030 Anni
593 1998 757 2039 Auguste
793 1996 1061 2030 Vindelicorum
1096 1996 1130 2028 in
1167 1995 1330 2029 manibus
1365 1993 1564 2028 Reuerendi
1600 1992 1719 2027 Patris
1746 1990 1982 2026 Prouincialis

215 2049 380 2084 Doctoris
408 2050 504 2084 Petri
532 2050 676 2095 Canisij.
704 2050 790 2084 fecit
817 2049 1080 2084 Professionem
1107 2049 1170 2082 4:³¹·
1196 2047 1400 2082 Vot01·um.“

1032 2164 1163 2206 274.

960 2252 1017 2288 24.
1044 2251 1129 2288 Maii
1155 2251 1241 2288 1561.

332 2344 387 2377 Ex
413 2342 566 2387 epistula
597 2344 731 2376 Ottom's
757 2341 965 2386 archetypa,
993 2341 1036 2375 ab
1062 2341 1139 2386 ipso
1165 2340 1383 2385 subscripta,
1411 2351 1502 2384 quae
1529 2341 1584 2373 est
1609 2339 1797 2382 Augustae
1823 2338 1980 2373 Vindeli-

214 2409 336 2432 corum
359 2397 395 2430 in
413 2396 560 2430 archivo
578 2395 698 2429 curiae
716 2394 940 2440 episcopalis,
968 2394 993 2428 F
996 2405 1069 2429 asc.
1093 2393 1444 2439 „Dompraedicatun
1481 2392 1577 2426 Corr.
1597 2392 1628 2426 d.
1650 2391 1752 2426 Card.
1772 2391 1812 2426 O.
1832 2391 1981 2426 Truchs.

216 2479 222 2484 .
244 2477 278 2484 ..
307 2450 391 2484 Can.
419 2449 545 2490 betr.“,
571 2460 604 2482 n.
632 2448 664 2482 8.

334 2502 503 2536 Eiusdem
538 2501 715 2546 epistulae
750 2500 996 2545 apographum
1022 2500 1145 2534 eodem
1179 2500 1254 2533 fere
1289 2501 1448 2544 tempore
1483 2498 1657 2543 scriptum
1693 2500 1814 2533 exstat
1844 2498 1879 2531 in
1905 2497 1980 2532 cod.

215 2567 353 2590 monac.
385 2555 541 2597 „Augsb.
568 2553 715 2588 Domk.“
746 2566 779 2599 p.
805 2554 959 2588 41—42.

339 2638 428 2680 Otto
467 2638 692 2680 Zrzcclzsess
734 2638 784 2678 de
815 2637 1069 2691 IVaZdburfs,
1113 2637 1350 2678 cardinalis
1392 2641 1427 2677 et
1460 2637 1672 2690 episcopus
1705 2640 1980 2689 ccuqustcmus,

216 2705 353 2746 Roma
384 2706 454 2746 24.
478 2704 590 2745 Maia·
613 2704 725 2745 1561
760 2703 996 2744 cathedrali
1027 2703 1207 2756 capitulo
1239 2715 1313 2742 suo
1345 2702 1536 2756 scripsit:
1569 2702 1634 2753 Se,
1670 2715 1694 2741 α
1721 2699 1895 2752 „Iacobo
1929 2699 1979 2741 de

217 2768 432 2824 Laynez‘ss
467 2769 683 2811 societatis
705 2767 800 2809 Iesu
829 2768 1067 2822 praeposito
1098 2767 1297 2821 qenerali,
1331 2771 1535 2820 roqcztmn,
1570 2780 1596 2806 a
1620 2766 1800 2820 capitulo
1825 2769 1979 2819 petere,

217 2839 262 2876 ut
296 2834 466 2875 Canisio
498 2847 631 2874 unum
659 2832 750 2886 fere
784 2846 960 2873 mensem
1003 2832 1181 2886 colleyiis
1223 2832 1380 2886 aliquot
1412 2831 1629 2873 Societatis
1665 2831 1712 2871 in
1745 2829 1978 2871 Germania>

217 2900 431 2954 superiore
462 2898 685 2939 visitandis
717 2897 978 2954 impendere,
1022 2897 1151 2937 altero
1195 2897 1363 2937 interim
1406 2896 1538 2950 ipsius
1580 2896 1662 2936 loeo
1703 2896 1976 2947 contionante,

218 2965 368 3006 liceret.
738 2971 740 2974 ’

340 3086 349 3105 ²
377 3084 453 3124 δῖος
490 3086 528 3118 at
554 3083 718 3118 Canisius
745 3083 882 3128 primus
908 3081 1120 3117 Germaniae
1146 3081 1343 3126 superioris
1369 3080 1594 3126 praepositus
1620 3080 1853 3125 provincialis
1888 3079 1976 3119 fuit;

218 3137 300 3171 vide
329 3138 416 3171 Can.
443 3137 532 3182 Epp.
559 3137 583 3177 Ι,
611 3136 809 3171 622—623.
860 3136 1030 3170 Hoffaeus
1055 3135 1167 3178 igitur
1192 3134 1329 3169 calamo
1356 3134 1478 3179 lapsus
1505 3145 1584 3168 esse
1609 3133 1772 3173 videtum
1803 3133 1848 3167 cf.
1875 3131 1978 3174 infra,

221 3201 374 3224 monum.
401 3190 481 3224 276.
