2093 3444
254 175 332 210 651.
371 174 538 209 Canisius
565 174 744 210 Stanislao
771 175 893 211 Hosio.
938 177 1030 220 Aug.
1057 177 1199 211 Vindel.
1227 178 1282 211 29.
1310 177 1519 211 Decembris
1548 178 1649 212 1561.
1757 180 1844 220 345

189 292 424 336 Humiliter
457 306 532 334 oro
565 292 615 334 R.
651 293 698 336 T.
732 307 864 335 unum
906 296 953 336 ut
995 309 1164 337 sacrum
1210 310 1286 350 pro
1324 311 1392 338 me
1425 296 1608 339 Domino
1642 297 1845 351 dignetur

72 360 239 402 offerre.
308 358 440 413 Cupio
485 371 589 400 sane
633 358 713 400 1100
758 359 973 413 spirituali
1017 360 1145 402 xenio
1191 361 1387 412 adiutus,
1435 376 1530 404 cum
1574 376 1686 404 nouo
1731 376 1844 404 anno

71 439 231 467 nouum
263 423 558 466 emendandae
591 423 709 465 uitae
742 424 931 466 studium
965 425 1237 479 coniungere.
1286 427 1403 469 Nam
1435 428 1585 481 procul
1618 430 1736 470 certe
1769 428 1845 469 ab·

71 504 166 532 sum
199 489 252 532 ab
285 503 335 532 00
369 488 536 543 spiritu,
572 502 698 542 quem
732 483 1064 532 constitutiones
1096 494 1273 534 nostrae
1301 492 1497 546 inprimis
1529 493 1767 547 postulant⁷
1802 495 1845 534 et

70 555 196 597 huius
230 554 354 609 offitij
377 553 490 597 ratio
514 553 664 607 exigit.
708 554 918 596 Dominus
941 556 967 597 J
972 570 1070 597 esus
1093 570 1216 598 suam
1238 557 1361 599 nobis
1383 557 1573 611 gratiam
1597 560 1641 599 et
1664 557 1846 599 circum-

73 620 278 663 cisionem
308 619 550 674 perfectam
582 619 838 673 largiaturl.
902 619 1131 674 Augustae
1165 624 1218 664 27
1253 623 1457 666 Decemb.
1494 624 1621 665 1561.

1021 698 1181 740 Seruus
1213 698 1257 740 in
1290 698 1461 741 Christo
1494 699 1540 741 P.
1576 698 1784 742 Canisius.

191 780 219 833 ’1-
252 779 307 822 Α1
335 780 469 822 molto
492 779 748 821 Reuerendo
781 779 825 820 in
847 779 1015 822 Christo
1039 780 1193 831 Padre,
1229 781 1264 823 Il
1287 781 1428 824 Padre
1450 782 1643 825 Maestro
1666 783 1846 824 Jacomo

73 846 259 900 LayneZ‚
294 844 550 900 Praeposito
585 844 796 887 Generale
830 845 942 886 della
975 845 1240 900 Compagnia
1273 846 1314 888 di
1346 847 1445 889 Iesu
1477 849 1559 890 etc.

1552 913 1600 954 In
1634 913 1785 957 Roma.

896 998 1017 1040 651.

814 1091 1112 1140 CANISIUS

392 1190 808 1234 STANISLAO
843 1191 1254 1234 CARDINALI
1285 1192 1535 1246 HOS10‚

360 1273 421 1307 uni
449 1285 494 1307 ex
521 1273 662 1308 concilii
688 1273 875 1308 tridentini
901 1274 1137 1319 praesidibus,
1165 1275 1330 1319 episcopo
1357 1275 1562 1309 varmiensi.

513 1360 682 1406 Augusta
708 1359 984 1397 Vindelicorum
1011 1360 1068 1396 29.
1095 1359 1303 1397 Decembris
1330 1359 1415 1396 1561.

196 1443 252 1477 Ex
278 1443 476 1489 archetypo
506 1443 578 1487 (2⁰;
618 1444 683 1487 1¹]2
711 1456 790 1489 pp.;
827 1444 863 1478 111
889 1456 922 1489 p.
949 1445 981 1478 4.
1009 1444 1115 1479 inscr.
1144 1446 1180 1478 et
1205 1444 1311 1488 sig),
1339 1445 1432 1489 quod
1460 1444 1625 1480 Canisius
1651 1457 1717 1480 sua
1743 1457 1851 1480 manu

77 1497 303 1542 subscripsit.
355 1496 439 1532 cod.
467 1497 566 1541 goth.
598 1497 658 1539 „E.
686 1497 730 1531 H.
761 1498 798 1532 1²⁶
831 1498 854 1532 f.
882 1497 1082 1532 246-247.

196 1550 399 1596 Epistulam
425 1562 469 1585 ex
497 1550 695 1596 archetypo
721 1551 859 1596 primus
885 1552 983 1596 typis
1019 1550 1214 1596 exscripsit
1243 1552 1448 1595 Cyprianus
1483 1551 1505 1586 l.
1533 1564 1562 1586 c.
1590 1564 1623 1597 p.
1650 1552 1850 1587 208-209,

78 1604 206 1639 Partes
233 1603 409 1649 epistulae
435 1607 718 1649 proposuerunt:
753 1604 865 1639 latine
892 1606 1210 1650 Layomarsinius,
1237 1605 1389 1648 Pogiani
1416 1605 1599 1650 Epistolae
1626 1606 1696 1647 ΙΙΙ,
1727 1608 1771 1640 1³.
1800 1606 1850 1641 8⁰.

80 1659 150 1693 75f.
178 1658 366 1693 239—240
397 1658 458 1702 (ex
485 1658 697 1703 Cypriane),
724 1658 855 1702 gallice
883 1659 1011 1692 Michel
1037 1658 1059 1692 l.
1085 1670 1113 1692 c.
1141 1670 1174 1703 p.
1194 1658 1394 1700 253-254‚
1421 1659 1626 1703 germanice
1652 1661 1752 1694 Riess
1777 1660 1800 1694 l.
1821 1672 1851 1694 c.

79 1724 113 1757 p.
141 1711 340 1747 293—294.
368 1711 449 1746 302.
499 1711 635 1746 Eadem
661 1723 749 1746 usus
776 1724 855 1746 esse
882 1712 1026 1746 videtur
1053 1712 1259 1757 Sacchinns,
1288 1711 1373 1747 Can.
1400 1725 1433 1758 p.
1465 1713 1541 1747 194.

198 1790 306 1823 Libri
328 1801 350 1823 a
369 1790 614 1834 Ferrariensi,
641 1791 829 1834 Delphino,
857 1790 1042 1833 Campeyc'o
1061 1790 1102 1823 cle
1119 1790 1223 1823 rebus
1241 1791 1383 1823 concilii
1401 1791 1601 1834 conscripti.
1643 1791 1853 1825 Carclinalis

80 1844 276 1877 llIantuam’
309 1844 517 1878 liberalitas,
569 1845 752 1887 Auqustae
788 1844 933 1877 inbilaet'
966 1848 1118 1887 tempore
1151 1844 1255 1877 medti
1293 1845 1340 1877 ad
1378 1845 1555 1877 ecclesiam
1590 1845 1728 1878 reducti
1758 1849 1850 1878 sunt.

83 1898 176 1939 Quos
194 1900 431 1940 protestantes
450 1902 737 1941 persequuntur,
774 1901 898 1931 contra
934 1898 1122 1931 concilt'mn
1147 1897 1390 1932 declamantes.
1442 1898 1757 1932 Sacramentormn
1780 1899 1852 1941 fre-

80 1952 234 1995 quentia.
279 1951 395 1984 Sacra
416 1962 560 1994 pompa.
604 1952 758 1995 Anylc'ac
784 1956 814 1984 et
844 1951 986 1984 Galliae
1013 1951 1239 1984 calamitates.
1286 1951 1466 1994 Scriptmn
1492 1952 1650 1996 aliquod,
1677 1963 1744 1996 qao
1771 1963 1852 1986 con-

80 2005 202 2038 cilium
237 2005 515 2049 commendetur,
552 2005 712 2048 evulyari
747 2006 855 2048 capit.
906 2005 1089 2048 Miratur,
1125 2015 1159 2038 se
1185 2005 1232 2037 (ΠΖ
1258 2005 1447 2038 conciliant·
1471 2006 1601 2039 «vocari.
1653 2007 1853 2050 Aaynstam.

80 2059 235 2092 eoecolere
260 2059 405 2102 mavult,
433 2061 633 2102 ceteroquin
660 2059 708 2092 acl
734 2060 854 2092 omnia
875 2063 1042 2102 paratas.

952 2145 980 2196 †

891 2227 918 2269 J
922 2240 1020 2268 esus
1035 2232 1049 2246 ³

140 2309 234 2352 Pax
267 2309 425 2352 Christi
457 2312 501 2352 et
534 2309 635 2352 anni
667 2309 803 2352 foelix
834 2309 1073 2363 auspicium
1103 2323 1189 2351 vna
1222 2323 1318 2351 cum
1351 2309 1577 2363 utriusque
1609 2310 1794 2352 hominis

680 2380 983 2423 incolumitate
1015 2379 1251 2423 nobiscum.

200 2463 438 2506 Klebitium
467 2463 611 2506 isthuc
641 2463 893 2518 peruenisse
921 2463 1104 2516 cognouj
1121 2463 1159 2513 23
1194 2463 1245 2505 cle
1268 2463 1365 2518 alijs
1397 2463 1553 2506 libellis
1587 2478 1693 2517 quos
1725 2464 1854 2519 paulo

82 2531 183 2571 ante
215 2528 432 2580 miseram,
466 2529 658 2572 redditos
692 2542 787 2570 esse
819 2542 905 2570 non
937 2528 1083 2582 accepi
1101 2528 1130 2570 3.
1180 2528 1326 2571 Etiam
1359 2543 1445 2571 non
1476 2529 1666 2572 monitus
1698 2529 1854 2572 librum

81 2594 372 2636 Ferrariensis
404 2594 615 2648 Theologi
646 2594 787 2648 magis
818 2593 922 2635 mihi
954 2593 1157 2644 seruabo‚
1194 2607 1324 2647 quam
1358 2594 1585 2636 Germanis
1618 2595 1856 2637 communi-

82 2659 190 2701 cabo
206 2659 235 2702 4.
279 2659 494 2702 Joannem
525 2659 792 2703 Anthonium
816 2658 1077 2713 Delphinum
1109 2658 1212 2711 quid
1243 2659 1428 2703 ediderit
1460 2659 1512 2702 de
1534 2659 1721 2702 Concilio
1754 2674 1856 2702 nec-

83 2724 183 2767 dum
216 2724 356 2767 uidi5:
391 2725 544 2769 doctus
577 2728 644 2768 est
666 2738 771 2767 sane
793 2724 902 2766 liber
924 2723 1160 2767 Feltrensis
1183 2724 1400 2779 Episcopi,
1434 2727 1478 2767 et
1501 2724 1657 2779 dignus
1689 2725 1857 2768 meliori

202 2853 215 2867 ³
241 2848 319 2881 Hoc
343 2859 372 2881 v.
400 2859 422 2881 a
452 2848 558 2891 Cypr.
587 2848 750 2880 omissam
779 2850 837 2880 est.

205 2961 215 2981 ¹
244 2960 297 2997 Cf.
324 2960 409 2996 Luc.
439 2962 477 3004 1,
505 2961 559 2995 59.
608 2959 681 2993 Col.
709 2959 750 3000 2,
790 2959 843 2993 11.
894 2958 1058 2992 Ecclesia
1092 2957 1257 2992 kalendis
1292 2957 1470 2992 Ianuariis
1505 2958 1640 2992 festum
1680 2956 1858 3000 „Circum-

84 3014 229 3049 cisionis
255 3013 417 3048 Domini“
448 3013 535 3057 agit.
635 3013 649 3033 ²
676 3011 728 3046 cf.
756 3012 867 3057 supra
892 3023 926 3057 p.
954 3011 1033 3046 326.
1133 3012 1146 3032 ³
1172 3011 1226 3046 Cf.
1254 3022 1364 3056 supra
1390 3022 1423 3056 p.
1451 3010 1530 3045 322.

204 3068 218 3088 4
242 3067 335 3102 Vide
361 3079 470 3113 supra
501 3079 534 3112 p.
562 3066 642 3101 326.

204 3122 217 3141 ⁵
242 3121 394 3156 Ioannes
420 3119 599 3155 Antonius
624 3117 825 3164 Delphinus
853 3118 890 3162 (†
918 3117 1039 3161 1560),
1067 3129 1111 3152 ex
1138 3117 1322 3163 superiore
1348 3116 1454 3151 Italia
1479 3118 1599 3159 ortus,
1630 3115 1771 3151 concilii
1797 3115 1858 3150 tri-

84 3173 220 3209 dentini
245 3174 456 3217 theologus,
490 3172 670 3207 Minorum
706 3171 999 3206 conventualium
1034 3171 1192 3206 vicarius
1218 3170 1417 3215 generalis,
1446 3172 1591 3216 praeter
1617 3170 1688 3205 alia
1712 3169 1860 3215 scripsit
