2093 3444
245 221 326 261 626
381 217 538 251 Monum.
568 215 744 259 (august.)
774 215 853 249 249.
883 214 1018 258 (Sacris
1045 213 1224 257 Quadrag.
1252 212 1367 257 [Febr.
1395 216 1431 247 et
1456 213 1577 258 Mart]
1604 226 1635 249 a.
1665 215 1752 250 1561
1781 217 1817 249 et
1836 215 1954 261 1562.)

250 333 415 384 „Dixi“‚
459 333 618 385 inquit,
668 332 910 386 „proxime‚
953 346 1094 374 meam
1135 331 1419 375 intentionem
1452 347 1537 374 non
1578 347 1672 376 esse
1705 336 1806 376 ante
1839 334 2007 377 Pascha

241 399 431 453 incipere
465 397 794 448 catechismum,
837 397 913 439 sed
946 398 1059 450 quod
1091 397 1230 439 uisum
1270 399 1336 438 est
1367 397 1524 439 bonum
1557 399 1734 440 breuem
1766 399 2006 441 doctrinam

243 464 458 506 adducere
507 477 584 517 pro
633 462 922 517 simplicibus,
970 465 1019 504 ut
1066 476 1112 504 se
1154 463 1264 504 bene
1312 464 1356 504 et
1401 462 1634 505 christiane
1678 462 1909 517 disponant
1952 464 2008 506 ad

243 542 457 570 summum
503 529 583 570 hoc
627 528 786 570 festum
833 525 1078 582 [paschale]
1113 563 1120 569 .
1157 563 1164 570 .
1202 562 1209 569 .
1263 526 1380 568 Dicis
1424 527 1637 580 Magister
1680 527 1851 581 indigeo
1895 529 2008 571 bona

242 593 528 636 instructione
571 593 782 646 quomodo
825 607 893 634 me
934 592 1116 634 habeam
1163 592 1277 634 circa
1319 595 1592 634 sacramenta
1638 593 1919 635 confessionis
1963 597 2008 637 et

243 657 554 700 communionis
589 693 597 700 .
633 658 741 700 Sunt
774 658 856 699 duo
889 657 1116 711 praeclara
1149 660 1423 699 sacramenta
1456 660 1499 700 et
1531 657 1772 709 salutifera,
1808 672 2006 712 cuperem

241 723 327 765 illis
359 723 422 765 uti
467 723 521 765 ad
555 722 621 764 dei
654 723 859 776 gloriam,
905 724 950 763 2?
982 722 1214 764 secundum
1249 722 1440 764 ordinem
1473 722 1696 764 Ecclesiae
1730 757 1738 764 .
1773 725 1818 765 3²?
1851 723 1906 765 ad
1937 737 2008 765 sa-

242 789 375 831 lutem
410 788 580 830 animae
621 801 744 829 meae
779 822 787 830 .
821 786 929 836 Quid
971 790 1117 830 autem
1149 787 1231 828 huc
1264 789 1435 841 spectat
1468 787 1580 840 quod
1613 787 1746 829 debeo
1779 787 1924 829 facere
1964 790 2009 829 et

242 853 462 907 incipere?
525 853 695 906 Equum
737 855 781 894 et
820 852 979 894 iustum
1024 855 1090 894 est
1122 852 1281 894 habere
1321 851 1579 894 desiderium
1618 852 1777 894 bonum
1819 856 1863 895 et
1895 852 2009 906 quod

242 921 422 973 paratus
465 924 535 959 es³
577 917 741 959 discere
774 917 888 970 quod
929 917 986 959 sit
1027 916 1104 959 tibi
1146 917 1418 958 salutiferum
1462 919 1506 958 et
1537 918 1628 959 Deo
1670 920 1844 970 gratum
1878 952 1885 960 .
1922 917 2009 959 Ora

243 984 382 1025 Deum
414 983 620 1033 fideliter,
663 985 712 1025 ut
743 982 845 1023 mihi
878 982 951 1025 det
983 982 1170 1036 gratiam
1205 982 1393 1031 dicendi,
1435 982 1515 1024 tibi
1553 985 1698 1024 autem
1732 982 1931 1036 audiendj
1964 984 2010 1025 et

242 1048 459 1103 capiendi,
504 1051 711 1101 quantum
755 1047 863 1090 satis
905 1047 960 1089 ad
992 1048 1176 1090 salutem
1211 1047 1384 1090 .Vnum
1429 1050 1496 1090 est
1527 1047 1606 1089 tibi
1644 1047 1935 1089 necessarium
1973 1047 2009 1089 si

242 1114 307 1156 uis
352 1116 470 1156 recte
515 1113 734 1155 celebrare
779 1112 989 1155 Pascha.
1024 1112 1132 1161 Quid
1178 1115 1244 1154 est
1288 1112 1424 1154 illud?
1472 1114 1521 1154 vt
1567 1115 1621 1154 te
1667 1112 1843 1167 ipsum
1890 1114 2008 1154 recte

242 1179 489 1233 probes1,
524 1178 635 1220 sicut
668 1181 711 1221 et
744 1178 904 1219 Paulus
937 1177 1083 1220 docuit
1115 1191 1215 1219 suos
1249 1177 1503 1220 Corinthios.
1567 1177 1616 1218 In
1650 1191 1732 1230 quo
1766 1191 1834 1219 me
1866 1177 2007 1231 ipsum

241 1244 464 1298 probabo?
526 1243 576 1285 In
608 1243 673 1285 his
704 1242 842 1285 tribus
907 1245 949 1284 1?
982 1243 1030 1283 In
1063 1256 1168 1284 uera
1200 1242 1283 1284 fide
1317 1277 1325 1284 .
1361 1244 1406 1284 2‘?
1438 1242 1481 1283 in
1513 1242 1662 1284 humili
1694 1242 1963 1296 poenitentia
1997 1276 2006 1284 .

244 1312 285 1352 3⁰
325 1309 368 1350 in
411 1309 541 1362 digna
583 1308 826 1362 sumptione
865 1307 1188 1349 Eucharistiae“
1237 1307 1286 1360 (f.
1322 1307 1459 1360 238b).
1525 1308 1669 1361 Atque
1710 1307 1753 1348 in
1793 1307 1888 1362 ipsa
1927 1307 2009 1348 hac

244 1374 442 1417 contione
488 1373 682 1416 Canisius
728 1374 779 1415 de
824 1372 1033 1414 ecclesiae
1079 1372 1319 1414 catholicae
1363 1372 1468 1422 fide,
1522 1372 1564 1413 in
1608 1372 1817 1426 proximis
1864 1374 2009 1414 autem

243 1441 484 1493 *quattuor
518 1439 569 1481 de
601 1438 894 1493 paenitentiae
927 1437 1188 1479 necessitate
1231 1440 1275 1479 et
1316 1437 1506 1480 utilitate
1548 1452 1598 1479 ac
1640 1438 1692 1479 de
1737 1437 2008 1487 contritione,

242 1508 519 1559 peccatorum
563 1503 833 1545 confessione
867 1505 947 1546 etc.
983 1503 1036 1545 ad
1069 1502 1363 1557 paenitentiae
1402 1505 1723 1545 sacramentum
1763 1505 1883 1545 recte
1915 1516 2009 1544 sus-

245 1570 487 1624 cipiendum
521 1568 776 1611 necessariis
801 1568 974 1610 disserit
1008 1603 1016 1610 .
1051 1568 1204 1621 Neque
1226 1569 1371 1622 plures
1395 1582 1522 1621 quam
1555 1568 1637 1609 hae
1670 1570 1765 1610 octo
1790 1567 2011 1610 contiones

243 1635 537 1677 catecheticac
582 1634 625 1675 in
671 1633 815 1675 codice
860 1634 934 1675 illo
978 1633 1269 1675 inveniuntur.
1335 1632 1415 1674 His
1456 1636 1601 1675 tamen
1635 1632 1851 1675 Canisium
1893 1646 2010 1674 com-

245 1701 390 1754 plures
433 1700 541 1742 alias
582 1698 853 1749 adiunxisse,
901 1698 1054 1751 quibus
1087 1698 1139 1740 de
1181 1697 1334 1741 altaris
1376 1700 1648 1740 sacramento
1689 1698 1923 1751 agebatur,
1966 1699 2011 1740 et

242 1765 337 1819 ipsa
371 1779 417 1806 re
449 1765 577 1807 valde
609 1764 831 1818 probabile
864 1764 1072 1814 efficitur,
1116 1766 1160 1805 et
1192 1777 1246 1805 ex
1279 1777 1329 1805 eo
1363 1763 1496 1805 conici
1529 1763 1656 1805 facile
1688 1765 1853 1817 potest,
1897 1762 2009 1816 quod

245 1830 440 1872 Canisius
484 1844 535 1872 ea
568 1830 619 1871 de
652 1844 698 1871 re
739 1843 785 1871 se
819 1829 1034 1871 dicturum
1075 1829 1117 1870 in
1151 1831 1306 1881 quarta
1345 1828 1544 1871 contione
1582 1828 1780 1882 promisit
1811 1827 2009 1881 quodque

245 1895 377 1938 etiam
420 1895 618 1949 proxima
651 1894 993 1947 Quadragesima
1034 1893 1076 1935 in
1118 1893 1424 1948 simpliciorum
1466 1893 1653 1946 gratiam
1697 1893 2010 1935 catecheticum

244 1961 295 2002 de
329 1975 380 2002 ea
413 1974 653 2002 sermonem
686 1960 837 2002 habuit
869 1959 986 2013 (vide
1018 1959 1132 2001 infra
1164 1973 1204 2013 p.
1240 1960 1356 2012 (527).

362 2025 556 2067 Canisius
603 2025 646 2066 in
694 2024 758 2066 his
807 2024 1076 2067 contionibus
1121 2024 1350 2065 admodum
1396 2023 1551 2065 blande
1600 2037 1694 2065 cum
1740 2022 2009 2065 auditoribus

242 2091 513 2143 loquebatur.
585 2089 900 2139 „Familiariter
941 2093 984 2131 et
1025 2088 1279 2143 simpliciter
1316 2102 1442 2142 agam
1484 2088 1703 2130 uobiscum
1747 2087 1870 2142 quasi
1912 2101 2008 2129 cum

243 2155 389 2209 pueris
432 2155 677 2208 quaerendo
723 2157 766 2196 et
807 2154 1140 2208 interrogando,
1186 2167 1297 2195 nunc
1338 2157 1486 2195 uestro
1528 2153 1698 2195 nomine
1739 2153 2007 2207 respondebo

244 2221 380 2262 donec
413 2223 457 2262 et
483 2220 564 2274 ipsi
588 2219 764 2262 discatis
797 2233 873 2261 suo
897 2222 1092 2273 tempore
1124 2218 1423 2273 respondere.“
1484 2218 1634 2268 „Nunc
1665 2231 1734 2260 me
1756 2221 2008 2260 conuertam

243 2285 298 2327 ad
339 2299 458 2327 meos
501 2285 682 2327 dilectos
724 2285 834 2326 filios
880 2287 924 2326 et
966 2298 1061 2325 cum
1103 2283 1366 2337 simplicibus
1407 2283 1661 2337 simpliciter
1702 2297 1851 2336 agam,
1897 2283 2008 2325 sicut

243 2350 377 2393 Pater
423 2365 518 2392 cum
563 2350 651 2392 suis
695 2350 890 2404 paruulis
935 2349 1087 2402 quibus
1133 2349 1208 2390 dat
1250 2348 1335 2390 lac
1378 2362 1481 2390 non
1524 2348 1758 2390 solidum
1803 2348 2008 2390 cibum2

246 2416 381 2457 donec
404 2415 698 2468 grandescant
730 2418 774 2457 et
795 2416 903 2457 fiant
934 2413 1319 2467 intelligentiores“
1358 2413 1403 2465 (l.
1428 2428 1462 2458 e.
1486 2413 1515 2456 f.
1542 2413 1661 2456 233¹&
1687 2414 1822 2466 235³).
1867 2412 2008 2462 Quare

243 2480 398 2521 mirum
431 2494 515 2521 non
549 2482 627 2529 est,
662 2494 759 2521 eum
790 2480 919 2533 paulo
951 2482 1181 2533 postquam
1216 2479 1438 2521 contiones
1469 2479 1565 2521 illas
1598 2479 1758 2520 habere
1791 2480 2006 2532 coeperat,

245 2545 387 2587 dicere
419 2545 633 2599 potuisse:
680 2545 880 2593 „Gaudeo
916 2580 922 2586 .
951 2579 957 2586 .
993 2544 1045 2586 ob
1078 2545 1232 2586 bonam
1266 2545 1536 2586 uoluntatem
1571 2557 1698 2597 quam
1731 2543 1861 2586 etiam
1894 2543 2008 2597 apud

243 2624 426 2663 magnos
459 2613 503 2652 et
535 2609 737 2662 antiquos
769 2609 954 2660 inuenio,
989 2611 1037 2651 ut
1068 2609 1231 2652 relictis
1255 2609 1449 2651 omnibus
1483 2609 1578 2662 alijs
1601 2609 1714 2650 curis
1746 2611 1791 2650 et
1822 2607 2008 2661 negotijs

243 2690 328 2718 non
361 2674 676 2728 dedignenturb
707 2674 961 2717 Doctrinam
993 2674 1201 2728 puerilem
1234 2674 1406 2716 audire“
1445 2673 1489 2726 (l.
1525 2688 1559 2716 c.
1593 2673 1623 2716 f.
1658 2673 1795 2726 235³).

361 2765 472 2799 Porro
499 2765 664 2800 Canisius
691 2765 874 2799 contiones
901 2764 1142 2799 catecheticas
1169 2764 1270 2807 illas,
1298 2776 1387 2809 quas
1413 2776 1504 2798 anno
1534 2764 1624 2798 1562
1650 2763 1837 2798 Dominica
1862 2764 1888 2798 I.
1916 2762 2007 2804 Qua-

244 2819 468 2862 dragesimae
505 2818 719 2863 promiserat
753 2829 792 2852 se
830 2818 932 2852 binas
971 2818 1205 2862 sequentibus
1243 2817 1476 2852 hebdomadis
1514 2817 1721 2851 habiturum
1763 2817 1860 2861 (vide
1898 2827 2008 2862 supra

243 2883 277 2916 p.
303 2872 400 2914 616),
427 2872 462 2905 in
489 2871 610 2906 codice
637 2871 789 2915 quidem,
815 2871 851 2905 in
878 2883 946 2915 quo
972 2875 1058 2905 tunc
1084 2871 1242 2915 reliquas
1269 2871 1451 2906 contiones
1476 2870 1659 2905 scribebat
1687 2869 1813 2913 („Can.
1843 2869 1886 2905 X.
1913 2869 2006 2913 T.“),

242 2924 376 2959 litteris
402 2925 616 2968 consignare
645 2927 805 2969 (praeter
830 2936 937 2958 unam
965 2936 1115 2969 eamque
1135 2925 1420 2965 eucharisticam,
1447 2924 1490 2957 de
1509 2935 1579 2968 qua
1596 2934 1681 2958 mox
1701 2922 1854 2967 dicetur)
1873 2922 2006 2963 noluit;

244 2989 324 3012 cum
361 2980 482 3012 tamen
509 2978 722 3022 antiquioris
749 2978 933 3012 cuiusdam
960 2978 1092 3012 codicis
1117 2978 1173 3012 sui
1201 2977 1326 3022 („Can.
1354 2977 1396 3011 X.
1423 2976 1507 3020 V.“)
1536 2977 1651 3022 prima
1676 2976 1762 3010 folia
1787 2987 1902 3010 vacua
1928 2987 2007 3010 esse

361 3096 376 3111 ³
401 3091 458 3123 est
482 3090 564 3123 E'Zd.
662 3090 676 3111 ¹³
703 3089 942 3133 dedignantur
967 3090 1049 3123 Eld.

367 3195 374 3213 ¹
404 3194 420 3227 1
451 3193 529 3228 Cor.
559 3193 611 3234 11,
639 3192 695 3228 28.
794 3194 807 3214 ²
834 3193 940 3227 Hebr.
968 3194 1000 3234 5,
1029 3193 1082 3227 12.
