2093 3444
347 176 426 211 570.
466 175 618 210 Ioannes
645 175 689 209 de
715 174 870 209 Polanco
897 174 1052 210 Canisio.
1095 175 1210 210 Roma
1238 175 1292 210 14.
1319 175 1413 209 Iunii
1441 176 1543 210 1561.
1755 179 1835 220 161

180 296 234 337 10
268 294 385 348 Junij
423 294 551 336 1561.

178 366 233 408 ad
267 365 560 420 Oenipontum
591 364 713 406 breui
749 364 1063 418 applicabimus
1105 379 1183 406 nos
1215 366 1334 407 totos
1350 366 1376 415 1,
1422 364 1580 407 Scribit
1620 365 1704 407 huc
1736 366 1838 408 Illu-

58 431 300 475 strissimus
344 434 389 473 et
432 429 838 472 Reuerendissimus
882 430 1093 472 Dominus
1138 429 1379 472 Cardinalis
1417 430 1745 482 Atrebatensis,
1791 445 1838 473 se

57 497 277 539 facturum
310 495 455 538 omnia
486 509 564 549 pro
598 509 802 537 successu
834 497 1012 538 nostrae
1046 495 1293 546 Societatis,
1334 510 1463 549 quam
1495 495 1666 537 Domini
1700 496 1839 538 nostri

56 562 249 615 Fuggeri
280 561 509 615 Augustae
550 560 718 615 patritij
754 563 959 603 accurate
990 561 1075 615 ipsi
1113 561 1529 603 commendauerunt
1544 561 1572 604 2.
1637 561 1779 611 Quare
1812 576 1838 603 a

57 642 99 682 p.
133 626 426 669 Prouinciali3
459 625 589 668 velim
630 625 713 667 huc
746 625 876 667 scribi
909 640 995 679 qua
1036 626 1080 668 in
1112 640 1159 668 re
1192 628 1318 681 putet
1350 626 1466 668 illius
1506 640 1681 681 operam
1714 627 1838 669 vobis

55 693 101 735 in
132 692 374 735 Brabantia
404 691 612 746 prodesse
644 705 785 745 posse,
819 705 899 733 nos
932 691 1086 734 deinde
1118 706 1196 746 per
1228 692 1279 734 D.
1314 692 1539 745 Fuggeros
1565 692 1837 734 Cardinalem

56 758 179 800 illum
211 758 324 800 serio
358 757 677 799 admonendum
716 756 976 799 curabimus.

176 841 298 874 Kessel
331 839 399 874 hac
435 838 591 884 epistula
625 838 741 872 utitur
776 840 885 882 atque
922 838 1082 872 eiusdem
1119 838 1387 883 apographum,
1424 850 1493 883 quo
1530 838 1588 873 hic
1623 850 1711 873 usus
1747 850 1836 881 sum,

57 893 178 938 aliqua
204 893 343 928 ratione
370 892 544 938 complet,
576 903 659 926 cum
686 891 832 926 Colonia
859 892 914 926 27.
942 891 1034 925 Iunii
1065 892 1151 926 1561
1182 892 1408 936 Moguntiam
1436 892 1480 926 ad
1507 891 1547 926 P.
1574 892 1745 926 Ioannem
1771 893 1837 926 Re-

57 946 174 981 thium
200 947 346 981 scribit:
388 946 447 988 „P.
475 945 643 980 Canisius
670 945 854 979 desiderat
881 945 990 979 etiam
1022 945 1228 989 intelligere
1256 945 1410 979 certiora
1437 945 1480 979 de
1507 945 1660 989 collegio
1687 945 1837 990 Mogun-

57 1000 154 1042 tino,
188 1000 260 1034 iam
287 999 530 1045 Oenipontum
556 998 818 1044 proficiscitur,
853 1001 894 1032 ut
919 998 1053 1032 ibidem
1078 999 1150 1033 iam
1177 999 1369 1043 collegium
1406 999 1583 1044 suscipiat
1618 1010 1660 1033 ac
1695 1000 1838 1034 nostros

58 1054 264 1088 introducat
292 1053 459 1098 (Hansen
485 1053 509 1087 l.
536 1064 565 1087 o.
593 1064 626 1097 p.
655 1051 756 1096 399).

883 1158 1015 1200 570.

475 1253 539 1295 P.
572 1251 895 1295 IOANNES
927 1252 1026 1294 DE
1060 1252 1422 1306 POLANGO,

668 1334 888 1368 secretarius
915 1333 1108 1368 Societatis
1134 1334 1227 1373 Iesu,

405 1418 577 1461 nomine
610 1418 756 1460 Iacobi
788 1417 941 1469 Lainii,
976 1418 1215 1472 praepositi
1248 1418 1478 1472 generalis,

810 1513 1086 1561 OANISIO.

734 1621 847 1658 Roma
872 1621 922 1658 14.
949 1621 1047 1658 Iunii
1071 1620 1158 1658 1561.

177 1706 233 1741 Ex
259 1705 468 1751 apographo
495 1705 656 1740 eiusdem
682 1705 874 1750 temporis3
902 1705 938 1738 in
964 1704 1146 1748 margine:
1179 1704 1339 1747 „Vienna
1366 1705 1482 1739 Padre
1510 1705 1704 1740 Canissi0.“
1752 1705 1836 1740 Cod.

61 1759 201 1803 „Germ.
231 1760 341 1794 1561²
372 1759 396 1794 f.
427 1759 614 1794 lOb—llff.

180 1832 384 1875 Capitulum
410 1835 650 1874 auynstanum
675 1830 773 1863 hanel
797 1830 904 1873 facile
930 1830 1086 1873 Canisio,
1116 1833 1152 1862 nt
1177 1830 1300 1873 abiret,
1320 1831 1497 1871 permisit.
1538 1829 1691 1873 Colleyia
1717 1842 1836 1864 inona-

57 1896 154 1920 cense
188 1889 219 1919 et
246 1886 502 1929 qerinanicum.
554 1885 675 1918 Socios
699 1888 911 1917 treverenses
945 1884 988 1916 ab
1025 1883 1261 1925 inferioribus
1292 1882 1421 1916 scholis
1457 1883 1611 1926 incipere
1645 1885 1835 1927 oportebat.

56 1941 154 1974 Deus
192 1940 398 1973 Societatem
439 1942 565 1972 eontra
601 1939 793 1981 scriptores
834 1938 1004 1981 quosdam
1041 1937 1211 1979 defendet.
1263 1936 1449 1979 Epistulae
1485 1937 1584 1970 hand
1623 1938 1733 1980 facile
1768 1950 1837 1982 per

56 1994 262 2027 tabellarios
286 1996 421 2026 venetos
445 1992 633 2026 mittendae
657 1996 750 2025 sunt.

743 2068 839 2110 Pax
871 2067 1023 2110 christi
1056 2070 1138 2110 etc.

180 2154 386 2195 Traditae
417 2157 515 2194 sunt
548 2151 665 2194 nobis
693 2152 743 2193 R.
769 2152 813 2193 V.
848 2152 1010 2192 litterae
1042 2152 1238 2205 Augyusta
1269 2151 1340 2192 24.
1375 2151 1488 2191 Mati
1521 2151 1647 2192 datae
1663 2150 1692 2192 4.
1736 2152 1834 2192 Has

60 2220 349 2263 Vindobonam
380 2219 599 2260 mittimus.

174 2296 275 2338 Non
317 2295 355 2337 ci
386 2293 720 2347 marauigliamo
762 2292 841 2335 che
872 2292 904 2334 li
935 2291 1140 2334 Canonici
1179 2291 1221 2333 di
1252 2290 1456 2345 Augusta
1496 2306 1583 2333 non
1624 2306 1834 2335 aconsen-

54 2361 213 2405 tissero
244 2360 496 2403 facilmente
529 2359 618 2401 alla
649 2373 729 2401 sua
760 2358 927 2413 partita
960 2358 1016 2399 da
1047 2357 1193 2410 quella
1225 2357 1355 2408 citta,
1389 2357 1460 2411 poi
1500 2357 1578 2399 che
1610 2357 1834 2400 uedeuano

174 2495 254 2530 Pax
281 2494 418 2529 Christi
443 2497 511 2529 etc.

179 2561 350 2594 Trccclitae
373 2559 468 2605 [etc.,
494 2564 532 2593 ut
556 2559 704 2603 snpra]

172 2625 252 2659 Non
283 2625 457 2659 miramur
491 2623 682 2659 canonicos
717 2624 940 2667 augustanos
966 2620 1072 2656 facile
1098 2620 1227 2655 adduci
1258 2632 1328 2655 non
1360 2620 1542 2666 potuisse,
1577 2623 1618 2655 ut
1643 2621 1726 2656 boni
1752 2633 1832 2656 con-

53 2679 216 2713 sulerent
239 2678 282 2713 R.
300 2679 345 2713 V.
372 2690 418 2712 ex
449 2678 598 2712 civitate
632 2677 696 2711 illa
722 2676 926 2716 discedere3
961 2674 1134 2709 videbant
1159 2674 1274 2716 enim,
1310 2675 1446 2719 quanta
1479 2673 1621 2709 utilitas
1656 2687 1701 2709 ex
1728 2675 1768 2709 R.
1788 2675 1831 2710 V.

175 2793 186 2813 ¹
213 2792 239 2826 Ι.
259 2804 289 2826 e.
316 2792 361 2826 ad
379 2791 570 2826 Societatis
593 2790 786 2834 collegium
805 2789 1006 2834 Oeniponte
1024 2787 1337 2829 constituendum;
1363 2787 1447 2822 vide
1464 2787 1560 2821 infra
1577 2799 1612 2832 p.
1633 2787 1830 2822 164—170.

173 2846 187 2866 2
213 2845 266 2880 Of.
306 2845 488 2890 Epistolas
526 2845 566 2879 P.
605 2844 728 2878 Nadal
764 2843 798 2885 I,
834 2842 914 2877 528.
977 2841 1157 2876 Antonius
1194 2841 1369 2876 Perrenot
1409 2841 1452 2875 de
1488 2840 1685 2876 Granvella
1723 2840 1830 2883 (1517

52 2899 97 2934 ad
125 2898 254 2943 1586),
294 2910 325 2933 a.
356 2899 446 2933 1540
471 2899 663 2943 episcopus
698 2895 942 2931 atrebatensis
971 2894 1137 2939 (Ar-ras),
1177 2906 1208 2930 a.
1239 2895 1330 2929 1560
1366 2893 1660 2939 archiepiscopus
1685 2893 1832 2927 mechli-

52 2952 189 2987 niensis
217 2951 449 2996 (Mechelen),
476 2963 508 2986 a.
529 2951 618 2986 1561
647 2949 852 2991 cardinalis,
879 2961 910 2984 a.
932 2949 1025 2984 1584
1049 2948 1344 2993 archiepiscopus
1369 2947 1583 2982 vesontinus
1611 2946 1829 2992 (Besancon)

54 3007 210 3048 creatus,
235 3005 292 3040 vir
318 3007 397 3040 erat
422 3006 459 3040 et
476 3004 638 3039 doctrina
663 3005 701 3038 et
725 3003 777 3038 rei
802 3002 969 3049 publicae
989 3002 1168 3046 gerendae
1193 3001 1331 3036 ratione
1349 2999 1613 3046 prudentiaque
1630 3001 1831 3045 praestans,

53 3059 157 3094 cuius
182 3070 291 3105 opera
317 3058 468 3093 Carolus
493 3057 537 3093 V.
564 3059 601 3092 et
626 3057 818 3103 Philippus
844 3056 888 3090 II.
917 3055 955 3090 in
989 3055 1176 3101 republica
1203 3054 1490 3089 administranda
1524 3053 1720 3098 plurimum
1755 3055 1831 3088 ute-

52 3112 196 3148 bantur.
230 3113 265 3147 Is
291 3113 359 3147 hoc
383 3114 544 3157 tempore
570 3110 791 3155 Margaritae
818 3109 1007 3144 Parmensi
1031 3109 1068 3143 in
1094 3108 1221 3152 Belgio
1245 3107 1407 3153 Philippi
1433 3107 1476 3141 ΙΙ.
1504 3106 1647 3140 nomine
1672 3107 1830 3150 regendo

53 3166 269 3212 praecipuus
295 3169 372 3201 erat
398 3165 550 3200 adiutor.
661 3164 674 3184 ³
698 3163 882 3199 Everardo
908 3162 1147 3197 Mercuriano.
1246 3162 1260 3182 4
1285 3161 1364 3195 Hae
1390 3159 1530 3206 perisse
1554 3159 1734 3195 videntur.

124 3232 147 3256 B
156 3238 172 3256 r
181 3238 224 3256 au
233 3238 253 3256 n
261 3231 302 3256 sb
310 3238 348 3256 er
357 3238 435 3263 ger,
454 3231 567 3255 Canisii
580 3229 740 3261 Epistulae
758 3230 789 3254 et
801 3230 887 3254 Acta.
905 3228 963 3253 111.
1507 3223 1522 3252 1
1531 3223 1546 3252 1
