2093 3444
236 221 385 249 XXXVI
796 205 840 238 ΙΙ.
877 204 1103 238 Prooemium
1131 203 1324 238 voluminis
1350 204 1460 238 tertii.

238 324 553 366 sadducaeu1n“
594 322 731 377 (671),
767 337 793 365 a
825 322 1045 366 Stanislao
1078 325 1225 364 autem
1257 321 1406 371 Hosio,
1441 321 1642 375 episcopo
1676 321 1934 369 varmiensi,
1968 322 2012 365 in

238 388 397 431 litteris
434 389 500 431 17.
535 387 644 429 Iunii
676 390 785 430 1561
821 390 876 430 ad
909 386 1152 430 cardinales
1186 385 1353 428 concilii
1386 385 1610 429 tridentini
1642 387 1865 441 praesides
1899 387 2013 431 datis

245 454 407 504 „virum
442 455 486 496 et
518 453 635 507 pium
668 456 713 496 et
755 453 972 503 doctu1n“‚
1017 452 1070 494 ab
1105 452 1267 494 Ottone
1301 451 1538 494 Truchsess
1580 452 1800 494 cardinale
1840 455 1885 495 et
1922 453 2012 507 epi-

236 532 367 573 scopo
400 520 644 572 augustano
677 518 721 559 in
753 517 914 561 litteris
948 519 1134 559 exeunte
1168 530 1205 559 a.
1234 518 1346 558 1562
1380 516 1435 558 ad
1466 515 1695 559 Albertum
1718 517 1769 560 V.
1794 518 2012 561 Bavariae

237 584 389 626 ducem
423 583 536 626 datis
575 583 741 633 „virum
773 585 997 625 sanctum“
1036 583 1240 624 vocatum
1274 595 1368 623 esse
1402 582 1519 635 (7:22.
1550 583 1653 635 545)
1687 585 1743 632 et,
1783 583 1895 626 sicut
1926 582 2011 626 illis

238 648 363 691 annis
394 662 598 702 suprema
631 647 864 690 Societatis
897 647 1056 701 capita,
1090 646 1278 697 Lainius,
1315 646 1500 689 Sanctus
1532 647 1790 690 Franciscus
1812 648 2010 702 Borgias‚

238 714 485 764 SaImeron,
519 713 716 764 Natalis,
751 712 968 754 Canisium
1001 711 1175 766 plurimi
1207 711 1427 762 fecerunt,
1473 711 1535 754 ita
1567 712 1830 766 posteriores
1863 713 2011 756 Socios

237 793 373 832 usque
406 779 450 820 in
481 792 690 833 praesens
723 779 994 828 elaborasse,
1038 780 1086 819 ut
1119 779 1163 819 et
1194 776 1402 819 memoria
1435 776 1615 828 canisii,
1654 777 1802 820 multis
1835 779 1887 821 de
1919 778 2011 821 eius

236 844 331 887 vita
363 844 536 898 scriptis
569 843 703 894 libris,
738 845 1084 892 conservaretur,
1119 845 1164 885 et
1195 856 1351 884 nomen
1379 842 1470 884 eius
1491 842 1535 884 in
1558 843 1784 885 beatorum
1807 844 2011 886 caelitum

238 910 383 952 album
416 910 470 952 ab
504 909 689 951 ecclesia
720 908 982 958 referretur;
1016 907 1190 962 penitus
1223 907 1336 949 enim
1368 910 1595 958 noverant,
1630 907 1673 949 in
1706 908 1875 951 Canisio
1909 923 2011 951 non

239 989 266 1017 a
311 989 367 1016 se
414 974 653 1017 alienam
702 974 971 1027 quandam
1020 973 1290 1027 pietatem
1339 973 1614 1027 agendive
1666 987 1860 1027 genus,
1914 974 2010 1016 sed

238 1053 423 1082 veram
457 1039 850 1094 propriamque
883 1038 1143 1080 instituti
1176 1038 1259 1079 sui
1291 1038 1567 1081 rationem
1600 1039 1815 1090 relucere,
1863 1053 2008 1093 seque,

239 1105 276 1147 si
298 1105 457 1147 Canisii
491 1105 734 1147 imitatores
768 1107 926 1153 essent,
961 1104 1003 1145 id
1036 1103 1176 1158 ipsum
1210 1103 1403 1146 facturos
1436 1117 1544 1154 esse,
1579 1104 1692 1157 quod
1725 1108 1769 1147 et
1802 1119 1828 1146 a
1849 1105 2010 1148 Sancto

239 1170 410 1225 Ignatio
452 1169 495 1211 in
528 1170 760 1213 Societatis
801 1168 1190 1212 Constitutionibus
1232 1169 1567 1223 praescriptum,
1614 1173 1657 1212 et
1699 1169 2010 1224 posterioribus

241 1235 473 1278 Societatis
506 1235 672 1289 legibus
705 1236 1006 1277 confirmatum
1040 1238 1171 1287 atque
1204 1233 1468 1278 illustratum
1502 1237 1630 1277 esset.
