<?xml version="1.0" encoding="UTF-8"?>
<!DOCTYPE html PUBLIC "-//W3C//DTD XHTML 1.0 Transitional//EN"
    "http://www.w3.org/TR/xhtml1/DTD/xhtml1-transitional.dtd">
<html xmlns="http://www.w3.org/1999/xhtml" xml:lang="en" lang="en">
 <head>
  <title>
</title>
<meta http-equiv="Content-Type" content="text/html;charset=utf-8" />
  <meta name='ocr-system' content='tesseract 3.04.00' />
  <meta name='ocr-capabilities' content='ocr_page ocr_carea ocr_par ocr_line ocrx_word'/>
</head>
<body>
  <div class='ocr_page' id='page_1' title='image "beatipetricanisi03cani_0652.png"; bbox 0 0 2093 3444; ppageno 0'>
   <div class='ocr_carea' id='block_1_1' title="bbox 224 213 1456 259">
    <p class='ocr_par' dir='ltr' id='par_1_1' title="bbox 224 213 1456 259">
     <span class='ocr_line' id='line_1_1' title="bbox 224 213 1456 259; baseline 0.001 -12"><span class='ocrx_word' id='word_1_1' title='bbox 224 216 307 257; x_wconf 81' lang='grc'>576</span> <span class='ocrx_word' id='word_1_2' title='bbox 754 214 831 247; x_wconf 83' lang='grc'><strong>744.</strong></span> <span class='ocrx_word' id='word_1_3' title='bbox 868 214 1110 259; x_wconf 80' lang='lat' dir='ltr'>Hieronymus</span> <span class='ocrx_word' id='word_1_4' title='bbox 1135 213 1277 248; x_wconf 83' lang='lat' dir='ltr'>Natalis</span> <span class='ocrx_word' id='word_1_5' title='bbox 1304 213 1456 248; x_wconf 84' lang='lat' dir='ltr'>Canisio.</span> 
     </span>
    </p>
   </div>
   <div class='ocr_carea' id='block_1_2' title="bbox 221 329 1987 1229">
    <p class='ocr_par' dir='ltr' id='par_1_2' title="bbox 342 329 1700 383">
     <span class='ocr_line' id='line_1_2' title="bbox 342 329 1700 383; baseline 0.001 -12"><span class='ocrx_word' id='word_1_6' title='bbox 342 332 366 371; x_wconf 82' lang='lat'>2</span> <span class='ocrx_word' id='word_1_7' title='bbox 399 332 449 372; x_wconf 87' lang='lat' dir='ltr'>Vt</span> <span class='ocrx_word' id='word_1_8' title='bbox 480 329 642 372; x_wconf 84' lang='lat' dir='ltr'>fratres</span> <span class='ocrx_word' id='word_1_9' title='bbox 674 330 921 382; x_wconf 82' lang='lat' dir='ltr'>germanice</span> <span class='ocrx_word' id='word_1_10' title='bbox 954 330 1188 383; x_wconf 74' lang='lat' dir='ltr'>loquantur</span> <span class='ocrx_word' id='word_1_11' title='bbox 1220 329 1359 383; x_wconf 87' lang='lat' dir='ltr'>magis</span> <span class='ocrx_word' id='word_1_12' title='bbox 1392 344 1520 383; x_wconf 87' lang='lat' dir='ltr'>quam</span> <span class='ocrx_word' id='word_1_13' title='bbox 1553 331 1700 374; x_wconf 77' lang='lat' dir='ltr'>latine.</span> 
     </span>
    </p>

    <p class='ocr_par' dir='ltr' id='par_1_3' title="bbox 342 394 1853 449">
     <span class='ocr_line' id='line_1_3' title="bbox 342 394 1853 449; baseline 0.001 -13"><span class='ocrx_word' id='word_1_14' title='bbox 342 397 367 436; x_wconf 80' lang='lat'><strong>3</strong></span> <span class='ocrx_word' id='word_1_15' title='bbox 401 397 450 437; x_wconf 90' lang='lat' dir='ltr'>vt</span> <span class='ocrx_word' id='word_1_16' title='bbox 480 394 525 436; x_wconf 91' lang='lat' dir='ltr'>in</span> <span class='ocrx_word' id='word_1_17' title='bbox 557 395 851 449; x_wconf 91' lang='lat' dir='ltr'>componendo</span> <span class='ocrx_word' id='word_1_18' title='bbox 885 394 1135 448; x_wconf 87' lang='lat' dir='ltr'>diligentius</span> <span class='ocrx_word' id='word_1_19' title='bbox 1169 398 1213 438; x_wconf 86' lang='lat' dir='ltr'>et</span> <span class='ocrx_word' id='word_1_20' title='bbox 1244 395 1513 447; x_wconf 88' lang='lat' dir='ltr'>frequentius</span> <span class='ocrx_word' id='word_1_21' title='bbox 1546 395 1853 438; x_wconf 73' lang='lat' dir='ltr'>exercitentur.</span> 
     </span>
    </p>

    <p class='ocr_par' dir='ltr' id='par_1_4' title="bbox 342 459 1983 513">
     <span class='ocr_line' id='line_1_4' title="bbox 342 459 1983 513; baseline 0.002 -12"><span class='ocrx_word' id='word_1_22' title='bbox 342 461 367 501; x_wconf 77' lang='lat'>4</span> <span class='ocrx_word' id='word_1_23' title='bbox 400 462 450 502; x_wconf 84' lang='lat' dir='ltr'>vt</span> <span class='ocrx_word' id='word_1_24' title='bbox 482 460 656 513; x_wconf 86' lang='lat' dir='ltr'>regulas</span> <span class='ocrx_word' id='word_1_25' title='bbox 689 462 733 502; x_wconf 90' lang='lat' dir='ltr'>et</span> <span class='ocrx_word' id='word_1_26' title='bbox 763 459 905 501; x_wconf 85' lang='lat' dir='ltr'>officia</span> <span class='ocrx_word' id='word_1_27' title='bbox 937 459 1097 513; x_wconf 80' lang='lat' dir='ltr'>singuli</span> <span class='ocrx_word' id='word_1_28' title='bbox 1129 474 1207 501; x_wconf 86' lang='lat' dir='ltr'>sua</span> <span class='ocrx_word' id='word_1_29' title='bbox 1230 460 1376 512; x_wconf 88' lang='lat' dir='ltr'>legere</span> <span class='ocrx_word' id='word_1_30' title='bbox 1408 462 1452 502; x_wconf 94' lang='lat' dir='ltr'>et</span> <span class='ocrx_word' id='word_1_31' title='bbox 1485 460 1758 503; x_wconf 85' lang='lat' dir='ltr'>considerare</span> <span class='ocrx_word' id='word_1_32' title='bbox 1791 464 1943 504; x_wconf 83' lang='lat' dir='ltr'>curent</span> <span class='ocrx_word' id='word_1_33' title='bbox 1956 462 1983 504; x_wconf 79' lang='lat'>1.</span> 
     </span>
    </p>

    <p class='ocr_par' dir='ltr' id='par_1_5' title="bbox 222 524 1987 708">
     <span class='ocr_line' id='line_1_5' title="bbox 341 524 1986 579; baseline 0.001 -14"><span class='ocrx_word' id='word_1_34' title='bbox 341 526 365 566; x_wconf 84' lang='lat'>5</span> <span class='ocrx_word' id='word_1_35' title='bbox 400 527 449 566; x_wconf 77' lang='lat' dir='ltr'>vt</span> <span class='ocrx_word' id='word_1_36' title='bbox 490 524 722 578; x_wconf 80' lang='lat' dir='ltr'>syndicus2</span> <span class='ocrx_word' id='word_1_37' title='bbox 764 538 894 578; x_wconf 91' lang='lat' dir='ltr'>saepe</span> <span class='ocrx_word' id='word_1_38' title='bbox 934 527 1114 577; x_wconf 86' lang='lat' dir='ltr'>rogetur</span> <span class='ocrx_word' id='word_1_39' title='bbox 1157 525 1208 566; x_wconf 91' lang='lat' dir='ltr'>de</span> <span class='ocrx_word' id='word_1_40' title='bbox 1250 524 1369 579; x_wconf 81' lang='lat' dir='ltr'>vitijs</span> <span class='ocrx_word' id='word_1_41' title='bbox 1410 525 1703 579; x_wconf 87' lang='lat' dir='ltr'>professorum</span> <span class='ocrx_word' id='word_1_42' title='bbox 1743 525 1787 567; x_wconf 91' lang='lat' dir='ltr'>in</span> <span class='ocrx_word' id='word_1_43' title='bbox 1828 525 1986 568; x_wconf 86' lang='lat' dir='ltr'>scholis</span> 
     </span>
     <span class='ocr_line' id='line_1_6' title="bbox 223 588 1987 642; baseline 0.001 -12"><span class='ocrx_word' id='word_1_44' title='bbox 223 589 361 642; x_wconf 88' lang='lat' dir='ltr'>deque</span> <span class='ocrx_word' id='word_1_45' title='bbox 382 588 573 630; x_wconf 88' lang='lat' dir='ltr'>moribus</span> <span class='ocrx_word' id='word_1_46' title='bbox 596 588 781 631; x_wconf 78' lang='lat' dir='ltr'>fratrum</span> <span class='ocrx_word' id='word_1_47' title='bbox 803 589 1063 642; x_wconf 85' lang='lat' dir='ltr'>praesertim</span> <span class='ocrx_word' id='word_1_48' title='bbox 1094 589 1137 630; x_wconf 91' lang='lat' dir='ltr'>in</span> <span class='ocrx_word' id='word_1_49' title='bbox 1165 592 1347 631; x_wconf 76' lang='lat' dir='ltr'>externa</span> <span class='ocrx_word' id='word_1_50' title='bbox 1380 590 1723 641; x_wconf 88' lang='lat' dir='ltr'>conuersatione,</span> <span class='ocrx_word' id='word_1_51' title='bbox 1758 590 1818 632; x_wconf 92' lang='lat' dir='ltr'>sic</span> <span class='ocrx_word' id='word_1_52' title='bbox 1840 590 1987 632; x_wconf 80' lang='lat' dir='ltr'>licebit</span> 
     </span>
     <span class='ocr_line' id='line_1_7' title="bbox 222 654 1150 708; baseline 0 -12"><span class='ocrx_word' id='word_1_53' title='bbox 222 654 395 708; x_wconf 88' lang='lat' dir='ltr'>saepius</span> <span class='ocrx_word' id='word_1_54' title='bbox 428 657 472 697; x_wconf 90' lang='lat' dir='ltr'>et</span> <span class='ocrx_word' id='word_1_55' title='bbox 505 655 620 695; x_wconf 86' lang='lat' dir='ltr'>clare</span> <span class='ocrx_word' id='word_1_56' title='bbox 654 654 873 706; x_wconf 87' lang='lat' dir='ltr'>castigare</span> <span class='ocrx_word' id='word_1_57' title='bbox 905 656 1150 708; x_wconf 78' lang='lat' dir='ltr'>peccantes,</span> 
     </span>
    </p>

    <p class='ocr_par' dir='ltr' id='par_1_6' title="bbox 222 718 1987 838">
     <span class='ocr_line' id='line_1_8' title="bbox 342 718 1987 774; baseline 0.001 -13"><span class='ocrx_word' id='word_1_58' title='bbox 342 721 365 761; x_wconf 82' lang='lat'>6</span> <span class='ocrx_word' id='word_1_59' title='bbox 399 721 447 761; x_wconf 87' lang='lat' dir='ltr'>ut</span> <span class='ocrx_word' id='word_1_60' title='bbox 479 718 617 760; x_wconf 89' lang='lat' dir='ltr'>nostri</span> <span class='ocrx_word' id='word_1_61' title='bbox 649 719 907 773; x_wconf 90' lang='lat' dir='ltr'>praesertim</span> <span class='ocrx_word' id='word_1_62' title='bbox 931 719 1129 762; x_wconf 88' lang='lat' dir='ltr'>doctores</span> <span class='ocrx_word' id='word_1_63' title='bbox 1162 722 1205 761; x_wconf 90' lang='lat' dir='ltr'>et</span> <span class='ocrx_word' id='word_1_64' title='bbox 1237 718 1506 773; x_wconf 80' lang='lat' dir='ltr'>professores</span> <span class='ocrx_word' id='word_1_65' title='bbox 1528 719 1798 762; x_wconf 86' lang='lat' dir='ltr'>honestiores</span> <span class='ocrx_word' id='word_1_66' title='bbox 1830 723 1987 774; x_wconf 83' lang='lat' dir='ltr'>gerant</span> 
     </span>
     <span class='ocr_line' id='line_1_9' title="bbox 222 783 1655 838; baseline 0.001 -13"><span class='ocrx_word' id='word_1_67' title='bbox 222 786 368 826; x_wconf 91' lang='lat' dir='ltr'>uestes</span> <span class='ocrx_word' id='word_1_68' title='bbox 402 798 512 837; x_wconf 86' lang='lat' dir='ltr'>quae</span> <span class='ocrx_word' id='word_1_69' title='bbox 546 783 778 826; x_wconf 87' lang='lat' dir='ltr'>conciliant</span> <span class='ocrx_word' id='word_1_70' title='bbox 811 784 942 826; x_wconf 90' lang='lat' dir='ltr'>etiam</span> <span class='ocrx_word' id='word_1_71' title='bbox 975 784 1089 838; x_wconf 88' lang='lat' dir='ltr'>apud</span> <span class='ocrx_word' id='word_1_72' title='bbox 1122 786 1297 826; x_wconf 80' lang='lat' dir='ltr'>exteros</span> <span class='ocrx_word' id='word_1_73' title='bbox 1330 784 1655 827; x_wconf 82' lang='lat' dir='ltr'>authoritatem.</span> 
     </span>
    </p>

    <p class='ocr_par' dir='ltr' id='par_1_7' title="bbox 222 849 1986 1021">
     <span class='ocr_line' id='line_1_10' title="bbox 343 849 1984 904; baseline 0.001 -14"><span class='ocrx_word' id='word_1_74' title='bbox 343 850 365 890; x_wconf 90' lang='lat'><strong>7</strong></span> <span class='ocrx_word' id='word_1_75' title='bbox 401 852 449 891; x_wconf 89' lang='lat' dir='ltr'>vt</span> <span class='ocrx_word' id='word_1_76' title='bbox 480 849 577 890; x_wconf 89' lang='lat' dir='ltr'>libri</span> <span class='ocrx_word' id='word_1_77' title='bbox 610 850 815 890; x_wconf 89' lang='lat' dir='ltr'>notentur</span> <span class='ocrx_word' id='word_1_78' title='bbox 847 849 1016 903; x_wconf 88' lang='lat' dir='ltr'>emendj</span> <span class='ocrx_word' id='word_1_79' title='bbox 1049 849 1340 891; x_wconf 83' lang='lat' dir='ltr'>francfordiae</span> <span class='ocrx_word' id='word_1_80' title='bbox 1372 851 1465 891; x_wconf 89' lang='lat' dir='ltr'>tum</span> <span class='ocrx_word' id='word_1_81' title='bbox 1496 864 1574 904; x_wconf 93' lang='lat' dir='ltr'>pro</span> <span class='ocrx_word' id='word_1_82' title='bbox 1596 849 1861 904; x_wconf 90' lang='lat' dir='ltr'>philosophis</span> <span class='ocrx_word' id='word_1_83' title='bbox 1892 852 1984 892; x_wconf 87' lang='lat' dir='ltr'>tum</span> 
     </span>
     <span class='ocr_line' id='line_1_11' title="bbox 222 914 1986 969; baseline 0.001 -14"><span class='ocrx_word' id='word_1_84' title='bbox 222 928 299 967; x_wconf 91' lang='lat' dir='ltr'>pro</span> <span class='ocrx_word' id='word_1_85' title='bbox 332 914 579 956; x_wconf 84' lang='lat' dir='ltr'>rhetoribus</span> <span class='ocrx_word' id='word_1_86' title='bbox 619 928 719 956; x_wconf 85' lang='lat' dir='ltr'>nam</span> <span class='ocrx_word' id='word_1_87' title='bbox 761 914 928 967; x_wconf 88' lang='lat' dir='ltr'>reliqua</span> <span class='ocrx_word' id='word_1_88' title='bbox 960 914 1142 968; x_wconf 87' lang='lat' dir='ltr'>collegia</span> <span class='ocrx_word' id='word_1_89' title='bbox 1183 917 1377 956; x_wconf 85' lang='lat' dir='ltr'>uestrum</span> <span class='ocrx_word' id='word_1_90' title='bbox 1418 914 1461 955; x_wconf 91' lang='lat' dir='ltr'>in</span> <span class='ocrx_word' id='word_1_91' title='bbox 1493 915 1574 956; x_wconf 87' lang='lat' dir='ltr'>hac</span> <span class='ocrx_word' id='word_1_92' title='bbox 1614 918 1739 969; x_wconf 89' lang='lat' dir='ltr'>parte</span> <span class='ocrx_word' id='word_1_93' title='bbox 1779 928 1986 969; x_wconf 89' lang='lat' dir='ltr'>superare</span> 
     </span>
     <span class='ocr_line' id='line_1_12' title="bbox 223 978 428 1021; baseline 0 -1"><span class='ocrx_word' id='word_1_94' title='bbox 223 978 428 1021; x_wconf 85' lang='lat' dir='ltr'>videntur</span> 
     </span>
    </p>

    <p class='ocr_par' dir='ltr' id='par_1_8' title="bbox 344 1044 1746 1098">
     <span class='ocr_line' id='line_1_13' title="bbox 344 1044 1746 1098; baseline 0.001 -12"><span class='ocrx_word' id='word_1_95' title='bbox 344 1046 397 1087; x_wconf 81' lang='grc'>,8.</span> <span class='ocrx_word' id='word_1_96' title='bbox 432 1046 480 1086; x_wconf 88' lang='lat' dir='ltr'>ut</span> <span class='ocrx_word' id='word_1_97' title='bbox 511 1058 619 1098; x_wconf 90' lang='lat' dir='ltr'>puer</span> <span class='ocrx_word' id='word_1_98' title='bbox 651 1044 784 1098; x_wconf 87' lang='lat' dir='ltr'>dyrsij</span> <span class='ocrx_word' id='word_1_99' title='bbox 818 1058 895 1098; x_wconf 88' lang='lat' dir='ltr'>per</span> <span class='ocrx_word' id='word_1_100' title='bbox 926 1044 1110 1098; x_wconf 84' lang='lat' dir='ltr'>primam</span> <span class='ocrx_word' id='word_1_101' title='bbox 1142 1045 1414 1087; x_wconf 85' lang='lat' dir='ltr'>occasionem</span> <span class='ocrx_word' id='word_1_102' title='bbox 1447 1044 1705 1087; x_wconf 81' lang='lat' dir='ltr'>excludatur</span> <span class='ocrx_word' id='word_1_103' title='bbox 1717 1046 1746 1088; x_wconf 86' lang='lat'>3.</span> 
     </span>
    </p>

    <p class='ocr_par' dir='ltr' id='par_1_9' title="bbox 221 1108 1984 1229">
     <span class='ocr_line' id='line_1_14' title="bbox 345 1108 1984 1164; baseline 0 -13"><span class='ocrx_word' id='word_1_104' title='bbox 345 1111 368 1151; x_wconf 85' lang='lat'>9</span> <span class='ocrx_word' id='word_1_105' title='bbox 403 1112 452 1152; x_wconf 79' lang='lat' dir='ltr'>vt</span> <span class='ocrx_word' id='word_1_106' title='bbox 483 1109 587 1150; x_wconf 91' lang='lat' dir='ltr'>nihil</span> <span class='ocrx_word' id='word_1_107' title='bbox 620 1108 873 1151; x_wconf 88' lang='lat' dir='ltr'>immutetur</span> <span class='ocrx_word' id='word_1_108' title='bbox 905 1109 956 1150; x_wconf 89' lang='lat' dir='ltr'>de</span> <span class='ocrx_word' id='word_1_109' title='bbox 982 1109 1049 1150; x_wconf 91' lang='lat' dir='ltr'>his</span> <span class='ocrx_word' id='word_1_110' title='bbox 1082 1124 1192 1163; x_wconf 87' lang='lat' dir='ltr'>quae</span> <span class='ocrx_word' id='word_1_111' title='bbox 1223 1113 1350 1164; x_wconf 89' lang='lat' dir='ltr'>pater</span> <span class='ocrx_word' id='word_1_112' title='bbox 1371 1109 1545 1153; x_wconf 87' lang='lat' dir='ltr'>Natalis</span> <span class='ocrx_word' id='word_1_113' title='bbox 1578 1109 1771 1152; x_wconf 90' lang='lat' dir='ltr'>decreuit</span> <span class='ocrx_word' id='word_1_114' title='bbox 1802 1109 1884 1151; x_wconf 91' lang='lat' dir='ltr'>nisi</span> <span class='ocrx_word' id='word_1_115' title='bbox 1916 1123 1984 1151; x_wconf 91' lang='lat' dir='ltr'>res</span> 
     </span>
     <span class='ocr_line' id='line_1_15' title="bbox 221 1174 1009 1229; baseline -0.001 -13"><span class='ocrx_word' id='word_1_116' title='bbox 221 1174 341 1228; x_wconf 90' lang='lat' dir='ltr'>prius</span> <span class='ocrx_word' id='word_1_117' title='bbox 373 1175 428 1216; x_wconf 89' lang='lat' dir='ltr'>ad</span> <span class='ocrx_word' id='word_1_118' title='bbox 461 1174 713 1229; x_wconf 82' lang='lat' dir='ltr'>Superiores</span> <span class='ocrx_word' id='word_1_119' title='bbox 747 1174 1009 1216; x_wconf 73' lang='lat' dir='ltr'>deferatur⁴.</span> 
     </span>
    </p>
   </div>
   <div class='ocr_carea' id='block_1_3' title="bbox 340 1250 1922 1365">
    <p class='ocr_par' dir='ltr' id='par_1_10' title="bbox 340 1250 1922 1365">
     <span class='ocr_line' id='line_1_16' title="bbox 340 1250 1146 1304; baseline 0.001 -12"><span class='ocrx_word' id='word_1_120' title='bbox 340 1251 568 1304; x_wconf 77' lang='lat' dir='ltr'>Augustae</span> <span class='ocrx_word' id='word_1_121' title='bbox 602 1252 655 1293; x_wconf 79' lang='lat'>28</span> <span class='ocrx_word' id='word_1_122' title='bbox 689 1250 940 1292; x_wconf 86' lang='lat' dir='ltr'>Decembris</span> <span class='ocrx_word' id='word_1_123' title='bbox 975 1252 1146 1293; x_wconf 75' lang='lat'>.15.6.‘2.</span> 
     </span>
     <span class='ocr_line' id='line_1_17' title="bbox 1247 1322 1922 1365; baseline 0 -1"><span class='ocrx_word' id='word_1_124' title='bbox 1247 1322 1405 1364; x_wconf 80' lang='lat' dir='ltr'>Seruus</span> <span class='ocrx_word' id='word_1_125' title='bbox 1436 1322 1480 1364; x_wconf 91' lang='lat' dir='ltr'>in</span> <span class='ocrx_word' id='word_1_126' title='bbox 1513 1322 1682 1364; x_wconf 88' lang='lat' dir='ltr'>domino</span> <span class='ocrx_word' id='word_1_127' title='bbox 1715 1322 1922 1365; x_wconf 84' lang='lat' dir='ltr'>Canisius.</span> 
     </span>
    </p>
   </div>
   <div class='ocr_carea' id='block_1_4' title="bbox 624 1450 1578 1595">
    <p class='ocr_par' dir='ltr' id='par_1_11' title="bbox 624 1450 1578 1595">
     <span class='ocr_line' id='line_1_18' title="bbox 1037 1450 1166 1492; baseline -0.008 0"><span class='ocrx_word' id='word_1_128' title='bbox 1037 1450 1166 1492; x_wconf 78' lang='lat'>744.</span> 
     </span>
     <span class='ocr_line' id='line_1_19' title="bbox 624 1542 1578 1595; baseline 0.001 -12"><span class='ocrx_word' id='word_1_129' title='bbox 624 1543 687 1584; x_wconf 87' lang='lat' dir='ltr'>P.</span> <span class='ocrx_word' id='word_1_130' title='bbox 720 1542 1206 1585; x_wconf 70' lang='lat' dir='ltr'><strong>HIERONYMUS</strong></span> <span class='ocrx_word' id='word_1_131' title='bbox 1239 1542 1578 1595; x_wconf 71' lang='lat' dir='ltr'>NATALIS,</span> 
     </span>
    </p>
   </div>
   <div class='ocr_carea' id='block_1_5' title="bbox 850 1626 1351 1667">
    <p class='ocr_par' dir='ltr' id='par_1_12' title="bbox 850 1626 1351 1667">
     <span class='ocr_line' id='line_1_20' title="bbox 850 1626 1351 1667; baseline 0.002 -7"><span class='ocrx_word' id='word_1_132' title='bbox 850 1626 1040 1660; x_wconf 77' lang='lat' dir='ltr'>Societatis</span> <span class='ocrx_word' id='word_1_133' title='bbox 1068 1627 1148 1661; x_wconf 87' lang='lat' dir='ltr'>Iesu</span> <span class='ocrx_word' id='word_1_134' title='bbox 1174 1627 1351 1667; x_wconf 74' lang='lat' dir='ltr'>visitator,</span> 
     </span>
    </p>
   </div>
   <div class='ocr_carea' id='block_1_6' title="bbox 544 1709 1652 1853">
    <p class='ocr_par' dir='ltr' id='par_1_13' title="bbox 544 1709 1652 1853">
     <span class='ocr_line' id='line_1_21' title="bbox 544 1709 1652 1764; baseline 0.002 -14"><span class='ocrx_word' id='word_1_135' title='bbox 544 1709 752 1751; x_wconf 84' lang='lat' dir='ltr'>mandatu</span> <span class='ocrx_word' id='word_1_136' title='bbox 784 1709 932 1752; x_wconf 85' lang='lat' dir='ltr'>Iaoobi</span> <span class='ocrx_word' id='word_1_137' title='bbox 964 1709 1117 1762; x_wconf 76' lang='lat' dir='ltr'>Lainii,</span> <span class='ocrx_word' id='word_1_138' title='bbox 1151 1709 1389 1764; x_wconf 87' lang='lat' dir='ltr'>praepositi</span> <span class='ocrx_word' id='word_1_139' title='bbox 1422 1710 1652 1764; x_wconf 84' lang='lat' dir='ltr'>generalis,</span> 
     </span>
     <span class='ocr_line' id='line_1_22' title="bbox 961 1805 1234 1853; baseline 0 -1"><span class='ocrx_word' id='word_1_140' title='bbox 961 1805 1234 1853; x_wconf 69' lang='lat' dir='ltr'>CANISIO.</span> 
     </span>
    </p>
   </div>
   <div class='ocr_carea' id='block_1_7' title="bbox 791 1906 1403 1943">
    <p class='ocr_par' dir='ltr' id='par_1_14' title="bbox 791 1906 1403 1943">
     <span class='ocr_line' id='line_1_23' title="bbox 791 1906 1403 1943; baseline 0 -1"><span class='ocrx_word' id='word_1_141' title='bbox 791 1906 964 1942; x_wconf 80' lang='lat' dir='ltr'>Tridento</span> <span class='ocrx_word' id='word_1_142' title='bbox 991 1906 1046 1942; x_wconf 80' lang='lat'>29.</span> <span class='ocrx_word' id='word_1_143' title='bbox 1075 1906 1282 1943; x_wconf 76' lang='lat' dir='ltr'>Decembris</span> <span class='ocrx_word' id='word_1_144' title='bbox 1309 1906 1403 1943; x_wconf 75' lang='lat'><strong>1562.</strong></span> 
     </span>
    </p>
   </div>
   <div class='ocr_carea' id='block_1_8' title="bbox 222 1989 1979 2141">
    <p class='ocr_par' dir='ltr' id='par_1_15' title="bbox 222 1989 1979 2141">
     <span class='ocr_line' id='line_1_24' title="bbox 336 1989 1979 2034; baseline 0.001 -11"><span class='ocrx_word' id='word_1_145' title='bbox 336 1990 389 2023; x_wconf 79' lang='lat' dir='ltr'>Ex</span> <span class='ocrx_word' id='word_1_146' title='bbox 429 1989 635 2034; x_wconf 76' lang='lat' dir='ltr'>apographo</span> <span class='ocrx_word' id='word_1_147' title='bbox 674 1989 832 2023; x_wconf 86' lang='lat' dir='ltr'>eiusdem</span> <span class='ocrx_word' id='word_1_148' title='bbox 871 1990 1061 2034; x_wconf 79' lang='lat' dir='ltr'>tclnporis3</span> <span class='ocrx_word' id='word_1_149' title='bbox 1105 1989 1139 2023; x_wconf 87' lang='lat' dir='ltr'>in</span> <span class='ocrx_word' id='word_1_150' title='bbox 1182 1989 1343 2033; x_wconf 80' lang='lat' dir='ltr'>margine</span> <span class='ocrx_word' id='word_1_151' title='bbox 1386 1990 1508 2024; x_wconf 82' lang='lat' dir='ltr'>eadem</span> <span class='ocrx_word' id='word_1_152' title='bbox 1552 2001 1659 2024; x_wconf 86' lang='lat' dir='ltr'>manu</span> <span class='ocrx_word' id='word_1_153' title='bbox 1700 1991 1862 2024; x_wconf 84' lang='lat' dir='ltr'>notatum</span> <span class='ocrx_word' id='word_1_154' title='bbox 1905 1992 1979 2025; x_wconf 88' lang='lat' dir='ltr'>est:</span> 
     </span>
     <span class='ocr_line' id='line_1_25' title="bbox 222 2042 1918 2086; baseline 0.001 -10"><span class='ocrx_word' id='word_1_155' title='bbox 222 2043 407 2086; x_wconf 75' lang='lat' dir='ltr'>„Augusta</span> <span class='ocrx_word' id='word_1_156' title='bbox 435 2043 549 2076; x_wconf 79' lang='lat' dir='ltr'>Padre</span> <span class='ocrx_word' id='word_1_157' title='bbox 575 2042 616 2076; x_wconf 92' lang='lat' dir='ltr'>D.</span> <span class='ocrx_word' id='word_1_158' title='bbox 645 2042 788 2077; x_wconf 79' lang='lat' dir='ltr'>Canisio</span> <span class='ocrx_word' id='word_1_159' title='bbox 815 2042 872 2076; x_wconf 89' lang='lat' dir='ltr'>‹lel</span> <span class='ocrx_word' id='word_1_160' title='bbox 899 2043 1015 2077; x_wconf 86' lang='lat' dir='ltr'>Padre</span> <span class='ocrx_word' id='word_1_161' title='bbox 1041 2042 1206 2077; x_wconf 72' lang='lat' dir='ltr'>Natale“.</span> <span class='ocrx_word' id='word_1_162' title='bbox 1259 2042 1342 2077; x_wconf 85' lang='lat' dir='ltr'>Cod.</span> <span class='ocrx_word' id='word_1_163' title='bbox 1374 2042 1435 2085; x_wconf 88' lang='lat' dir='ltr'>„V.</span> <span class='ocrx_word' id='word_1_164' title='bbox 1464 2043 1503 2077; x_wconf 89' lang='lat' dir='ltr'>P.</span> <span class='ocrx_word' id='word_1_165' title='bbox 1531 2043 1593 2077; x_wconf 64' lang='lat'>62⁸⁴</span> <span class='ocrx_word' id='word_1_166' title='bbox 1626 2044 1649 2077; x_wconf 84' lang='lat' dir='ltr'>f.</span> <span class='ocrx_word' id='word_1_167' title='bbox 1679 2043 1918 2078; x_wconf 69' lang='lat' dir='ltr'>1‘25b—1262.</span> 
     </span>
     <span class='ocr_line' id='line_1_26' title="bbox 334 2095 1823 2141; baseline 0.001 -11"><span class='ocrx_word' id='word_1_168' title='bbox 334 2096 499 2141; x_wconf 79' lang='lat' dir='ltr'>Epistula</span> <span class='ocrx_word' id='word_1_169' title='bbox 526 2096 627 2130; x_wconf 86' lang='lat' dir='ltr'>brevi</span> <span class='ocrx_word' id='word_1_170' title='bbox 656 2095 711 2139; x_wconf 88' lang='lat' dir='ltr'>(ut</span> <span class='ocrx_word' id='word_1_171' title='bbox 735 2096 838 2141; x_wconf 78' lang='lat' dir='ltr'>puto)</span> <span class='ocrx_word' id='word_1_172' title='bbox 867 2098 975 2130; x_wconf 83' lang='lat' dir='ltr'>etlam</span> <span class='ocrx_word' id='word_1_173' title='bbox 1001 2097 1232 2139; x_wconf 82' lang='lat' dir='ltr'>evulgabitur</span> <span class='ocrx_word' id='word_1_174' title='bbox 1258 2096 1293 2130; x_wconf 91' lang='lat' dir='ltr'>in</span> <span class='ocrx_word' id='word_1_175' title='bbox 1324 2096 1516 2141; x_wconf 73' lang='lat' dir='ltr'>„Epistolis</span> <span class='ocrx_word' id='word_1_176' title='bbox 1543 2096 1582 2131; x_wconf 88' lang='lat' dir='ltr'>P.</span> <span class='ocrx_word' id='word_1_177' title='bbox 1609 2095 1751 2130; x_wconf 63' lang='lat' dir='ltr'>NacZaffl</span> <span class='ocrx_word' id='word_1_178' title='bbox 1779 2097 1823 2131; x_wconf 86' lang='grc' dir='ltr'>ΙΙ.</span> 
     </span>
    </p>
   </div>
   <div class='ocr_carea' id='block_1_9' title="bbox 211 2174 1979 2697">
    <p class='ocr_par' dir='ltr' id='par_1_16' title="bbox 211 2174 1979 2697">
     <span class='ocr_line' id='line_1_27' title="bbox 338 2174 1979 2217; baseline 0.001 -11"><span class='ocrx_word' id='word_1_179' title='bbox 338 2174 389 2206; x_wconf 75' lang='lat' dir='ltr'>De</span> <span class='ocrx_word' id='word_1_180' title='bbox 428 2175 572 2216; x_wconf 70' lang='lat' dir='ltr'>neyotie&#39;s</span> <span class='ocrx_word' id='word_1_181' title='bbox 611 2175 682 2206; x_wconf 77' lang='lat' dir='ltr'>iam</span> <span class='ocrx_word' id='word_1_182' title='bbox 722 2174 769 2205; x_wconf 77' lang='lat' dir='ltr'>ad</span> <span class='ocrx_word' id='word_1_183' title='bbox 805 2174 917 2206; x_wconf 77' lang='lat' dir='ltr'>solnm</span> <span class='ocrx_word' id='word_1_184' title='bbox 957 2174 1129 2206; x_wconf 61' lang='lat' dir='ltr'>Liciniam</span> <span class='ocrx_word' id='word_1_185' title='bbox 1166 2174 1399 2207; x_wconf 71' lang='lat' dir='ltr'>scribendum.</span> <span class='ocrx_word' id='word_1_186' title='bbox 1451 2175 1483 2207; x_wconf 81' lang='lat' dir='ltr'><em>A</em></span> <span class='ocrx_word' id='word_1_187' title='bbox 1524 2184 1591 2217; x_wconf 79' lang='lat' dir='ltr'>qao</span> <span class='ocrx_word' id='word_1_188' title='bbox 1629 2175 1799 2207; x_wconf 73' lang='lat' dir='ltr'>Austriae</span> <span class='ocrx_word' id='word_1_189' title='bbox 1835 2175 1979 2217; x_wconf 67' lang='lat' dir='ltr'>colleyia</span> 
     </span>
     <span class='ocr_line' id='line_1_28' title="bbox 217 2227 1978 2271; baseline 0 -11"><span class='ocrx_word' id='word_1_190' title='bbox 217 2232 390 2271; x_wconf 66' lang='lat' dir='ltr'>ressentar.</span> <span class='ocrx_word' id='word_1_191' title='bbox 435 2227 610 2270; x_wconf 71' lang='lat' dir='ltr'>Canisias,</span> <span class='ocrx_word' id='word_1_192' title='bbox 638 2227 731 2270; x_wconf 79' lang='lat' dir='ltr'>qaod</span> <span class='ocrx_word' id='word_1_193' title='bbox 756 2237 813 2259; x_wconf 77' lang='lat' dir='ltr'>res</span> <span class='ocrx_word' id='word_1_194' title='bbox 843 2228 1058 2260; x_wconf 79' lang='lat' dir='ltr'>Germaniae</span> <span class='ocrx_word' id='word_1_195' title='bbox 1084 2228 1114 2259; x_wconf 82' lang='lat' dir='ltr'>ei</span> <span class='ocrx_word' id='word_1_196' title='bbox 1142 2228 1238 2260; x_wconf 68' lang='lat' dir='ltr'>valde</span> <span class='ocrx_word' id='word_1_197' title='bbox 1262 2228 1333 2259; x_wconf 74' lang='lat' dir='ltr'>sint</span> <span class='ocrx_word' id='word_1_198' title='bbox 1359 2227 1470 2270; x_wconf 80' lang='lat' dir='ltr'>cordi,</span> <span class='ocrx_word' id='word_1_199' title='bbox 1497 2228 1680 2261; x_wconf 68' lang='lat' dir='ltr'>laudatur.</span> <span class='ocrx_word' id='word_1_200' title='bbox 1724 2227 1793 2260; x_wconf 89' lang='lat' dir='ltr'>PP.</span> <span class='ocrx_word' id='word_1_201' title='bbox 1819 2228 1978 2260; x_wconf 81' lang='lat' dir='ltr'>Victoria</span> 
     </span>
     <span class='ocr_line' id='line_1_29' title="bbox 215 2280 1978 2324; baseline 0 -11"><span class='ocrx_word' id='word_1_202' title='bbox 215 2285 245 2313; x_wconf 78' lang='lat' dir='ltr'>et</span> <span class='ocrx_word' id='word_1_203' title='bbox 272 2281 444 2314; x_wconf 73' lang='lat' dir='ltr'>Lanoias.</span> <span class='ocrx_word' id='word_1_204' title='bbox 496 2281 654 2313; x_wconf 72' lang='lat' dir='ltr'>Lainins</span> <span class='ocrx_word' id='word_1_205' title='bbox 681 2281 867 2313; x_wconf 74' lang='lat' dir='ltr'>Societatis</span> <span class='ocrx_word' id='word_1_206' title='bbox 892 2281 1033 2313; x_wconf 74' lang='lat' dir='ltr'>domam</span> <span class='ocrx_word' id='word_1_207' title='bbox 1060 2285 1297 2323; x_wconf 69' lang='lat' dir='ltr'>auqustanmn</span> <span class='ocrx_word' id='word_1_208' title='bbox 1332 2282 1506 2313; x_wconf 69' lang='lat' dir='ltr'>adiurare</span> <span class='ocrx_word' id='word_1_209' title='bbox 1524 2285 1691 2323; x_wconf 74' lang='lat' dir='ltr'>paratus.</span> <span class='ocrx_word' id='word_1_210' title='bbox 1746 2280 1898 2324; x_wconf 71' lang='lat' dir='ltr'>Colleyia</span> <span class='ocrx_word' id='word_1_211' title='bbox 1924 2282 1978 2314; x_wconf 77' lang='lat' dir='ltr'>in-</span> 
     </span>
     <span class='ocr_line' id='line_1_30' title="bbox 211 2334 1976 2377; baseline 0.001 -10"><span class='ocrx_word' id='word_1_212' title='bbox 211 2334 461 2377; x_wconf 69' lang='lat' dir='ltr'>qolstadiense,</span> <span class='ocrx_word' id='word_1_213' title='bbox 498 2335 770 2376; x_wconf 71' lang='lat' dir='ltr'>oem&#39;pontannm</span> <span class='ocrx_word' id='word_1_214' title='bbox 784 2360 794 2377; x_wconf 87' lang='lat'><em>‚</em></span> <span class='ocrx_word' id='word_1_215' title='bbox 823 2334 1083 2367; x_wconf 68' lang='lat' dir='ltr'>vindobonense.</span> <span class='ocrx_word' id='word_1_216' title='bbox 1136 2334 1272 2367; x_wconf 72' lang='lat' dir='ltr'>Divisio</span> <span class='ocrx_word' id='word_1_217' title='bbox 1293 2335 1501 2377; x_wconf 67' lang='lat' dir='ltr'>provinciae</span> <span class='ocrx_word' id='word_1_218' title='bbox 1530 2334 1745 2367; x_wconf 78' lang='lat' dir='ltr'>Germaniae</span> <span class='ocrx_word' id='word_1_219' title='bbox 1769 2335 1976 2377; x_wconf 75' lang='lat' dir='ltr'>superioris.</span> 
     </span>
     <span class='ocr_line' id='line_1_31' title="bbox 215 2387 1976 2430; baseline 0 -10"><span class='ocrx_word' id='word_1_220' title='bbox 215 2388 423 2420; x_wconf 74' lang='lat' dir='ltr'>Facultates.</span> <span class='ocrx_word' id='word_1_221' title='bbox 468 2388 554 2430; x_wconf 71' lang='lat' dir='ltr'>Spes</span> <span class='ocrx_word' id='word_1_222' title='bbox 580 2391 637 2430; x_wconf 79' lang='lat' dir='ltr'>est,</span> <span class='ocrx_word' id='word_1_223' title='bbox 658 2389 826 2430; x_wconf 63' lang='lat' dir='ltr'>proximo</span> <span class='ocrx_word' id='word_1_224' title='bbox 854 2391 1024 2420; x_wconf 73' lang='lat' dir='ltr'>autumno</span> <span class='ocrx_word' id='word_1_225' title='bbox 1052 2388 1173 2420; x_wconf 66' lang='lat' dir='ltr'>Socios</span> <span class='ocrx_word' id='word_1_226' title='bbox 1199 2388 1456 2430; x_wconf 69' lang='lat' dir='ltr'>Straabe&#39;nfsam</span> <span class='ocrx_word' id='word_1_227' title='bbox 1482 2389 1573 2420; x_wconf 72' lang='lat' dir='ltr'>mitti</span> <span class='ocrx_word' id='word_1_228' title='bbox 1592 2398 1705 2430; x_wconf 78' lang='lat' dir='ltr'>posse.</span> <span class='ocrx_word' id='word_1_229' title='bbox 1747 2387 1834 2420; x_wconf 78' lang='lat' dir='ltr'>Cum</span> <span class='ocrx_word' id='word_1_230' title='bbox 1859 2388 1976 2421; x_wconf 74' lang='lat' dir='ltr'>archi-</span> 
     </span>
     <span class='ocr_line' id='line_1_32' title="bbox 213 2440 1978 2484; baseline 0.001 -11"><span class='ocrx_word' id='word_1_231' title='bbox 213 2442 369 2483; x_wconf 71' lang='lat' dir='ltr'>episcopo</span> <span class='ocrx_word' id='word_1_232' title='bbox 395 2440 648 2483; x_wconf 70' lang='lat' dir='ltr'>salisburyense·</span> <span class='ocrx_word' id='word_1_233' title='bbox 673 2442 803 2482; x_wconf 68' lang='lat' dir='ltr'>ayitar.</span> <span class='ocrx_word' id='word_1_234' title='bbox 843 2441 986 2473; x_wconf 76' lang='lat' dir='ltr'>Natalis</span> <span class='ocrx_word' id='word_1_235' title='bbox 1007 2440 1213 2484; x_wconf 70' lang='lat' dir='ltr'>Canisiiqae</span> <span class='ocrx_word' id='word_1_236' title='bbox 1237 2452 1346 2473; x_wconf 76' lang='lat' dir='ltr'>suasa</span> <span class='ocrx_word' id='word_1_237' title='bbox 1372 2441 1527 2474; x_wconf 70' lang='lat' dir='ltr'>Lamias</span> <span class='ocrx_word' id='word_1_238' title='bbox 1553 2442 1676 2484; x_wconf 73' lang='lat' dir='ltr'>aliqua</span> <span class='ocrx_word' id='word_1_239' title='bbox 1702 2442 1741 2473; x_wconf 71' lang='lat' dir='ltr'>in</span> <span class='ocrx_word' id='word_1_240' title='bbox 1762 2441 1978 2474; x_wconf 65' lang='lat' dir='ltr'>Germaniae</span> 
     </span>
     <span class='ocr_line' id='line_1_33' title="bbox 215 2494 1976 2537; baseline 0.001 -11"><span class='ocrx_word' id='word_1_241' title='bbox 215 2495 399 2526; x_wconf 73' lang='lat' dir='ltr'>utilitatem</span> <span class='ocrx_word' id='word_1_242' title='bbox 437 2494 625 2526; x_wconf 74' lang='lat' dir='ltr'>constituit.</span> <span class='ocrx_word' id='word_1_243' title='bbox 678 2494 863 2527; x_wconf 78' lang='lat' dir='ltr'>Sociorum</span> <span class='ocrx_word' id='word_1_244' title='bbox 903 2494 1206 2537; x_wconf 58' lang='lat' dir='ltr'>„‹le.s-tt›zcctiones“.</span> <span class='ocrx_word' id='word_1_245' title='bbox 1262 2494 1496 2537; x_wconf 69' lang='lat' dir='ltr'>Colleyioram</span> <span class='ocrx_word' id='word_1_246' title='bbox 1535 2495 1738 2527; x_wconf 51' lang='lat' dir='ltr'>dotationes</span> <span class='ocrx_word' id='word_1_247' title='bbox 1790 2494 1976 2528; x_wconf 80' lang='lat' dir='ltr'>Salmeron</span> 
     </span>
     <span class='ocr_line' id='line_1_34' title="bbox 214 2544 1975 2590; baseline 0 -10"><span class='ocrx_word' id='word_1_248' title='bbox 214 2544 425 2590; x_wconf 80' lang='lat' dir='ltr'>„Summae“</span> <span class='ocrx_word' id='word_1_249' title='bbox 466 2546 624 2589; x_wconf 54' lang='lat' dir='ltr'>Caussa,</span> <span class='ocrx_word' id='word_1_250' title='bbox 663 2546 783 2589; x_wconf 73' lang='lat' dir='ltr'>Paym</span> <span class='ocrx_word' id='word_1_251' title='bbox 818 2547 1019 2589; x_wconf 59' lang='lat' dir='ltr'>apotomae,</span> <span class='ocrx_word' id='word_1_252' title='bbox 1059 2547 1201 2579; x_wconf 74' lang='lat' dir='ltr'>Natalis</span> <span class='ocrx_word' id='word_1_253' title='bbox 1235 2547 1385 2590; x_wconf 69' lang='lat' dir='ltr'>Dialogyo</span> <span class='ocrx_word' id='word_1_254' title='bbox 1420 2548 1460 2580; x_wconf 81' lang='lat' dir='ltr'>de</span> <span class='ocrx_word' id='word_1_255' title='bbox 1496 2547 1665 2580; x_wconf 80' lang='lat' dir='ltr'>Societate</span> <span class='ocrx_word' id='word_1_256' title='bbox 1700 2557 1843 2590; x_wconf 73' lang='lat' dir='ltr'>operam</span> <span class='ocrx_word' id='word_1_257' title='bbox 1878 2547 1975 2580; x_wconf 76' lang='lat' dir='ltr'>dant.</span> 
     </span>
     <span class='ocr_line' id='line_1_35' title="bbox 213 2600 1975 2643; baseline 0 -10"><span class='ocrx_word' id='word_1_258' title='bbox 213 2601 369 2634; x_wconf 78' lang='lat' dir='ltr'>Laim&#39;as</span> <span class='ocrx_word' id='word_1_259' title='bbox 394 2611 416 2632; x_wconf 89' lang='lat' dir='ltr'>a</span> <span class='ocrx_word' id='word_1_260' title='bbox 441 2600 625 2632; x_wconf 77' lang='lat' dir='ltr'>scribendo</span> <span class='ocrx_word' id='word_1_261' title='bbox 660 2601 732 2632; x_wconf 75' lang='lat' dir='ltr'>iam</span> <span class='ocrx_word' id='word_1_262' title='bbox 757 2600 856 2632; x_wconf 74' lang='lat' dir='ltr'>haud</span> <span class='ocrx_word' id='word_1_263' title='bbox 893 2601 941 2632; x_wconf 69' lang='lat' dir='ltr'>ita</span> <span class='ocrx_word' id='word_1_264' title='bbox 969 2600 1117 2633; x_wconf 65' lang='lat' dir='ltr'>alienus.</span> <span class='ocrx_word' id='word_1_265' title='bbox 1168 2600 1411 2643; x_wconf 66' lang='lat' dir='ltr'>Petpz&#39;nianas</span> <span class='ocrx_word' id='word_1_266' title='bbox 1435 2601 1567 2643; x_wconf 72' lang='lat' dir='ltr'>aliique</span> <span class='ocrx_word' id='word_1_267' title='bbox 1601 2601 1738 2633; x_wconf 75' lang='lat' dir='ltr'>litteras</span> <span class='ocrx_word' id='word_1_268' title='bbox 1763 2601 1902 2633; x_wconf 75' lang='lat' dir='ltr'>indicas</span> <span class='ocrx_word' id='word_1_269' title='bbox 1936 2601 1975 2633; x_wconf 77' lang='lat' dir='ltr'>in</span> 
     </span>
     <span class='ocr_line' id='line_1_36' title="bbox 216 2652 1976 2697; baseline -0.001 -10"><span class='ocrx_word' id='word_1_270' title='bbox 216 2655 430 2687; x_wconf 76' lang='lat' dir='ltr'>Germaniae</span> <span class='ocrx_word' id='word_1_271' title='bbox 461 2654 617 2696; x_wconf 66' lang='lat' dir='ltr'>qratiam</span> <span class='ocrx_word' id='word_1_272' title='bbox 643 2652 753 2685; x_wconf 75' lang='lat' dir='ltr'>latine</span> <span class='ocrx_word' id='word_1_273' title='bbox 778 2653 933 2685; x_wconf 72' lang='lat' dir='ltr'>reddent.</span> <span class='ocrx_word' id='word_1_274' title='bbox 987 2653 1101 2685; x_wconf 71' lang='lat' dir='ltr'>Sociis</span> <span class='ocrx_word' id='word_1_275' title='bbox 1132 2654 1314 2696; x_wconf 52' lang='lat' dir='ltr'>,qermanis</span> <span class='ocrx_word' id='word_1_276' title='bbox 1339 2654 1528 2696; x_wconf 73' lang='lat' dir='ltr'>ampliores</span> <span class='ocrx_word' id='word_1_277' title='bbox 1556 2654 1764 2697; x_wconf 73' lang='lat' dir='ltr'>facultate-5,</span> <span class='ocrx_word' id='word_1_278' title='bbox 1800 2654 1976 2697; x_wconf 75' lang='lat' dir='ltr'>imprimis</span> 
     </span>
    </p>
   </div>
   <div class='ocr_carea' id='block_1_10' title="bbox 212 2706 921 2750">
    <p class='ocr_par' dir='ltr' id='par_1_17' title="bbox 212 2706 921 2750">
     <span class='ocr_line' id='line_1_37' title="bbox 212 2706 921 2750; baseline -0.001 -10"><span class='ocrx_word' id='word_1_279' title='bbox 212 2708 252 2740; x_wconf 79' lang='lat' dir='ltr'>de</span> <span class='ocrx_word' id='word_1_280' title='bbox 278 2707 380 2740; x_wconf 71' lang='lat' dir='ltr'>lz’bris</span> <span class='ocrx_word' id='word_1_281' title='bbox 400 2706 605 2750; x_wconf 71' lang='lat' dir='ltr'>prohibitis,</span> <span class='ocrx_word' id='word_1_282' title='bbox 625 2706 921 2749; x_wconf 63' lang='lat' dir='ltr'>providebantur.</span> 
     </span>
    </p>
   </div>
   <div class='ocr_carea' id='block_1_11' title="bbox 404 2777 627 2782">
    <p class='ocr_par' dir='ltr' id='par_1_18' title="bbox 404 2777 627 2782">
     <span class='ocr_line' id='line_1_38' title="bbox 404 2777 627 2782; baseline 0 0"><span class='ocrx_word' id='word_1_283' title='bbox 404 2777 627 2782; x_wconf 95' lang='lat' dir='ltr'> </span> 
     </span>
    </p>
   </div>
   <div class='ocr_carea' id='block_1_12' title="bbox 219 2779 403 2782">
    <p class='ocr_par' dir='ltr' id='par_1_19' title="bbox 219 2779 403 2782">
     <span class='ocr_line' id='line_1_39' title="bbox 219 2779 403 2782; baseline 0 0"><span class='ocrx_word' id='word_1_284' title='bbox 219 2779 403 2782; x_wconf 95' lang='lat' dir='ltr'> </span> 
     </span>
    </p>
   </div>
   <div class='ocr_carea' id='block_1_13' title="bbox 210 2815 1973 3180">
    <p class='ocr_par' dir='ltr' id='par_1_20' title="bbox 332 2815 984 2861">
     <span class='ocr_line' id='line_1_40' title="bbox 332 2815 984 2861; baseline -0.003 -10"><span class='ocrx_word' id='word_1_285' title='bbox 332 2818 342 2837; x_wconf 90' lang='lat'><strong>¹</strong></span> <span class='ocrx_word' id='word_1_286' title='bbox 371 2816 423 2851; x_wconf 86' lang='lat' dir='ltr'>Cf.</span> <span class='ocrx_word' id='word_1_287' title='bbox 455 2817 540 2851; x_wconf 83' lang='lat' dir='ltr'>C&#39;an.</span> <span class='ocrx_word' id='word_1_288' title='bbox 566 2815 656 2861; x_wconf 84' lang='lat' dir='ltr'>Epp.</span> <span class='ocrx_word' id='word_1_289' title='bbox 686 2816 727 2858; x_wconf 89' lang='grc' dir='ltr'>ΙΙ,</span> <span class='ocrx_word' id='word_1_290' title='bbox 753 2815 822 2850; x_wconf 86' lang='grc'>438</span> <span class='ocrx_word' id='word_1_291' title='bbox 833 2816 856 2850; x_wconf 84' lang='lat'>⁵.</span> <span class='ocrx_word' id='word_1_292' title='bbox 882 2815 984 2850; x_wconf 80' lang='lat'>4562.</span> 
     </span>
    </p>

    <p class='ocr_par' dir='ltr' id='par_1_21' title="bbox 331 2868 1417 2913">
     <span class='ocr_line' id='line_1_41' title="bbox 331 2868 1417 2913; baseline -0.001 -9"><span class='ocrx_word' id='word_1_293' title='bbox 331 2871 343 2890; x_wconf 85' lang='lat'><strong>²</strong></span> <span class='ocrx_word' id='word_1_294' title='bbox 369 2870 422 2904; x_wconf 89' lang='lat' dir='ltr'>De</span> <span class='ocrx_word' id='word_1_295' title='bbox 449 2869 564 2904; x_wconf 81' lang='lat' dir='ltr'>officio</span> <span class='ocrx_word' id='word_1_296' title='bbox 590 2869 657 2903; x_wconf 88' lang='lat' dir='ltr'>hoc</span> <span class='ocrx_word' id='word_1_297' title='bbox 684 2869 878 2903; x_wconf 86' lang='lat' dir='ltr'>domestico</span> <span class='ocrx_word' id='word_1_298' title='bbox 903 2868 987 2902; x_wconf 90' lang='lat' dir='ltr'>vide</span> <span class='ocrx_word' id='word_1_299' title='bbox 1016 2869 1102 2902; x_wconf 82' lang='lat' dir='ltr'>Can.</span> <span class='ocrx_word' id='word_1_300' title='bbox 1130 2868 1218 2913; x_wconf 87' lang='lat' dir='ltr'>Epp.</span> <span class='ocrx_word' id='word_1_301' title='bbox 1246 2869 1290 2909; x_wconf 91' lang='lat' dir='ltr'>II,</span> <span class='ocrx_word' id='word_1_302' title='bbox 1318 2869 1417 2903; x_wconf 77' lang='lat'><strong>770².</strong></span> 
     </span>
    </p>

    <p class='ocr_par' dir='ltr' id='par_1_22' title="bbox 211 2921 1973 3074">
     <span class='ocr_line' id='line_1_42' title="bbox 330 2921 1972 2967; baseline -0.001 -9"><span class='ocrx_word' id='word_1_303' title='bbox 330 2924 409 2957; x_wconf 79' lang='lat'><strong>³111</strong></span> <span class='ocrx_word' id='word_1_304' title='bbox 444 2923 586 2967; x_wconf 83' lang='lat' dir='ltr'>collegii</span> <span class='ocrx_word' id='word_1_305' title='bbox 610 2921 903 2967; x_wconf 82' lang='lat' dir='ltr'>ingolstadiensis</span> <span class='ocrx_word' id='word_1_306' title='bbox 929 2921 1131 2965; x_wconf 85' lang='lat' dir='ltr'>*Catalogo</span> <span class='ocrx_word' id='word_1_307' title='bbox 1166 2922 1232 2956; x_wconf 88' lang='lat' dir='ltr'>sub</span> <span class='ocrx_word' id='word_1_308' title='bbox 1267 2933 1313 2956; x_wconf 90' lang='lat' dir='ltr'>m.</span> <span class='ocrx_word' id='word_1_309' title='bbox 1348 2922 1586 2956; x_wconf 85' lang='lat' dir='ltr'>Novembrem</span> <span class='ocrx_word' id='word_1_310' title='bbox 1623 2934 1653 2956; x_wconf 85' lang='lat' dir='ltr'>a.</span> <span class='ocrx_word' id='word_1_311' title='bbox 1693 2922 1781 2957; x_wconf 83' lang='lat'>1562</span> <span class='ocrx_word' id='word_1_312' title='bbox 1816 2922 1860 2956; x_wconf 85' lang='lat' dir='ltr'>ab</span> <span class='ocrx_word' id='word_1_313' title='bbox 1895 2921 1972 2966; x_wconf 85' lang='lat' dir='ltr'>ipso</span> 
     </span>
     <span class='ocr_line' id='line_1_43' title="bbox 211 2974 1973 3021; baseline -0.002 -10"><span class='ocrx_word' id='word_1_314' title='bbox 211 2978 351 3011; x_wconf 65' lang='lat' dir='ltr'>Lanoc&#39;o</span> <span class='ocrx_word' id='word_1_315' title='bbox 376 2979 515 3011; x_wconf 81' lang='lat' dir='ltr'>rectore</span> <span class='ocrx_word' id='word_1_316' title='bbox 541 2976 742 3021; x_wconf 85' lang='lat' dir='ltr'>conscripto</span> <span class='ocrx_word' id='word_1_317' title='bbox 773 2974 1011 3017; x_wconf 82' lang='lat' dir='ltr'>„Wilibaldus</span> <span class='ocrx_word' id='word_1_318' title='bbox 1037 2974 1199 3019; x_wconf 85' lang='lat' dir='ltr'>dyrsius“</span> <span class='ocrx_word' id='word_1_319' title='bbox 1239 2975 1332 3009; x_wconf 85' lang='lat' dir='ltr'>inter</span> <span class='ocrx_word' id='word_1_320' title='bbox 1362 2975 1566 3017; x_wconf 82' lang='lat' dir='ltr'>„Ministros</span> <span class='ocrx_word' id='word_1_321' title='bbox 1593 2974 1740 3020; x_wconf 84' lang='lat' dir='ltr'>Collegij</span> <span class='ocrx_word' id='word_1_322' title='bbox 1777 2976 1813 3009; x_wconf 84' lang='lat' dir='ltr'>et</span> <span class='ocrx_word' id='word_1_323' title='bbox 1847 2974 1973 3009; x_wconf 85' lang='lat' dir='ltr'>domus</span> 
     </span>
     <span class='ocr_line' id='line_1_44' title="bbox 211 3028 1389 3074; baseline -0.002 -10"><span class='ocrx_word' id='word_1_324' title='bbox 211 3030 474 3064; x_wconf 85' lang='lat' dir='ltr'>conuictorum“</span> <span class='ocrx_word' id='word_1_325' title='bbox 505 3030 688 3074; x_wconf 84' lang='lat' dir='ltr'>comparet</span> <span class='ocrx_word' id='word_1_326' title='bbox 715 3028 814 3073; x_wconf 89' lang='lat' dir='ltr'>(Cod.</span> <span class='ocrx_word' id='word_1_327' title='bbox 848 3028 1014 3072; x_wconf 86' lang='lat' dir='ltr'>„Antiqu.</span> <span class='ocrx_word' id='word_1_328' title='bbox 1043 3028 1210 3071; x_wconf 78' lang='lat' dir='ltr'>Ingolst.“</span> <span class='ocrx_word' id='word_1_329' title='bbox 1241 3029 1265 3062; x_wconf 89' lang='lat' dir='ltr'>f.</span> <span class='ocrx_word' id='word_1_330' title='bbox 1293 3028 1389 3071; x_wconf 72' lang='lat'>21¹³).</span> 
     </span>
    </p>

    <p class='ocr_par' dir='ltr' id='par_1_23' title="bbox 210 3079 1972 3180">
     <span class='ocr_line' id='line_1_45' title="bbox 329 3079 1971 3124; baseline -0.002 -7"><span class='ocrx_word' id='word_1_331' title='bbox 329 3084 342 3102; x_wconf 68' lang='lat'>4</span> <span class='ocrx_word' id='word_1_332' title='bbox 368 3083 508 3117; x_wconf 84' lang='lat' dir='ltr'>Natalis</span> <span class='ocrx_word' id='word_1_333' title='bbox 534 3094 579 3116; x_wconf 89' lang='lat' dir='ltr'>m.</span> <span class='ocrx_word' id='word_1_334' title='bbox 605 3081 800 3116; x_wconf 87' lang='lat' dir='ltr'>Novembri</span> <span class='ocrx_word' id='word_1_335' title='bbox 819 3092 849 3115; x_wconf 86' lang='lat' dir='ltr'>a.</span> <span class='ocrx_word' id='word_1_336' title='bbox 871 3080 972 3122; x_wconf 81' lang='lat'>1562,</span> <span class='ocrx_word' id='word_1_337' title='bbox 1000 3092 1079 3114; x_wconf 88' lang='lat' dir='ltr'>cum</span> <span class='ocrx_word' id='word_1_338' title='bbox 1107 3080 1297 3124; x_wconf 86' lang='lat' dir='ltr'>collegium</span> <span class='ocrx_word' id='word_1_339' title='bbox 1322 3080 1604 3124; x_wconf 83' lang='lat' dir='ltr'>ingolstadiense</span> <span class='ocrx_word' id='word_1_340' title='bbox 1635 3079 1854 3122; x_wconf 80' lang='lat' dir='ltr'>„visitaret“,</span> <span class='ocrx_word' id='word_1_341' title='bbox 1880 3090 1971 3114; x_wconf 88' lang='lat' dir='ltr'>com-</span> 
     </span>
     <span class='ocr_line' id='line_1_46' title="bbox 210 3133 1972 3180; baseline -0.002 -10"><span class='ocrx_word' id='word_1_342' title='bbox 210 3135 314 3180; x_wconf 83' lang='lat' dir='ltr'>plura</span> <span class='ocrx_word' id='word_1_343' title='bbox 348 3136 380 3170; x_wconf 90' lang='lat' dir='ltr'>ei</span> <span class='ocrx_word' id='word_1_344' title='bbox 415 3135 513 3170; x_wconf 84' lang='lat' dir='ltr'>dedit</span> <span class='ocrx_word' id='word_1_345' title='bbox 547 3137 740 3180; x_wconf 87' lang='lat' dir='ltr'>praecepta</span> <span class='ocrx_word' id='word_1_346' title='bbox 773 3134 851 3169; x_wconf 86' lang='lat' dir='ltr'>sive</span> <span class='ocrx_word' id='word_1_347' title='bbox 884 3133 1131 3168; x_wconf 85' lang='lat' dir='ltr'>institutiones</span> <span class='ocrx_word' id='word_1_348' title='bbox 1161 3133 1198 3167; x_wconf 89' lang='lat' dir='ltr'>in</span> <span class='ocrx_word' id='word_1_349' title='bbox 1232 3135 1415 3179; x_wconf 82' lang='lat' dir='ltr'>posterum</span> <span class='ocrx_word' id='word_1_350' title='bbox 1450 3133 1711 3174; x_wconf 85' lang='lat' dir='ltr'>observandas;</span> <span class='ocrx_word' id='word_1_351' title='bbox 1747 3133 1829 3167; x_wconf 89' lang='lat' dir='ltr'>vide</span> <span class='ocrx_word' id='word_1_352' title='bbox 1863 3143 1972 3178; x_wconf 85' lang='lat' dir='ltr'>supra</span> 
     </span>
    </p>
   </div>
   <div class='ocr_carea' id='block_1_14' title="bbox 211 3188 481 3234">
    <p class='ocr_par' dir='ltr' id='par_1_24' title="bbox 211 3188 481 3234">
     <span class='ocr_line' id='line_1_47' title="bbox 211 3188 481 3234; baseline -0.004 -11"><span class='ocrx_word' id='word_1_353' title='bbox 211 3201 244 3234; x_wconf 88' lang='lat' dir='ltr'>p.</span> <span class='ocrx_word' id='word_1_354' title='bbox 273 3189 351 3223; x_wconf 86' lang='lat'>541.</span> <span class='ocrx_word' id='word_1_355' title='bbox 380 3188 448 3222; x_wconf 86' lang='lat'>543</span> <span class='ocrx_word' id='word_1_356' title='bbox 461 3191 481 3222; x_wconf 84' lang='lat'>1.</span> 
     </span>
    </p>
   </div>
   <div class='ocr_carea' id='block_1_15' title="bbox 2089 2337 2093 3027">
    <p class='ocr_par' dir='ltr' id='par_1_25' title="bbox 2089 2337 2093 3027">
     <span class='ocr_line' id='line_1_48' title="bbox 2089 2337 2093 3027; baseline 0 0"><span class='ocrx_word' id='word_1_357' title='bbox 2089 2337 2093 3027; x_wconf 95' lang='lat' dir='ltr'> </span> 
     </span>
    </p>
   </div>
   <div class='ocr_carea' id='block_1_16' title="bbox 2067 3179 2088 3444">
    <p class='ocr_par' dir='ltr' id='par_1_26' title="bbox 2067 3179 2088 3444">
     <span class='ocr_line' id='line_1_49' title="bbox 2067 3179 2088 3444; textangle 90"><span class='ocrx_word' id='word_1_358' title='bbox 2067 3208 2088 3444; x_wconf 50' lang='lat' dir='ltr'>m--v</span> <span class='ocrx_word' id='word_1_359' title='bbox 2083 3179 2085 3196; x_wconf 59' lang='lat'>-„</span> 
     </span>
    </p>
   </div>
  </div>
 </body>
</html>
