2093 3444
521 185 710 221 Monachio
741 186 790 230 (‘?)
821 187 977 220 exeunte
1003 197 1050 220 m.
1076 185 1242 228 Augusto
1271 185 1373 219 1561.
1754 188 1834 228 201

936 303 963 355 †

561 404 755 447 Salutem
788 404 832 445 in
864 403 1051 445 Domino
1084 402 1225 445 JESV
1259 404 1341 445 etc.

179 505 331 548 Voluit
359 504 618 546 Reuerenda
649 507 726 547 tua
759 503 1004 558 paternitas
1037 506 1140 546 ante
1173 517 1298 544 suum
1330 501 1429 544 hinc
1448 504 1461 529 1
1496 502 1731 544 discessum
1764 516 1843 556 per

60 571 212 614 literas
245 570 402 621 doceri,
437 569 539 623 quid
570 583 672 611 nam
704 569 747 610 in
770 571 995 623 posterum
1028 583 1168 610 essem
1201 571 1392 618 acturus,
1427 581 1510 621 quo
1539 567 1700 620 aliquid
1734 567 1842 610 certi

59 636 248 692 ipsamet
278 635 525 689 intelligere
558 637 690 688 atque
714 634 1017 688 Superioribus
1050 633 1296 687 significare
1326 634 1476 687 posset
1510 667 1518 675 .
1552 632 1662 674 Rem
1693 632 1842 685 itaque

61 701 258 745 oratione
291 700 660 754 meditationeque
693 700 867 741 diuersa
898 700 1193 754 perpendens,
1232 699 1362 753 plane
1395 698 1483 740 uidi
1515 713 1584 740 me
1617 698 1742 740 salua
1773 712 1842 739 re-

61 767 222 821 ligione
255 769 299 810 et
331 765 568 819 tranquilla
600 767 746 807 mente
779 765 965 819 amplius
998 764 1041 805 in
1076 764 1295 806 Societate
1327 764 1397 805 uel
1433 763 1609 805 studere
1642 763 1712 804 uel
1744 777 1842 817 per-

62 846 267 875 seuerare
309 846 396 874 non
439 845 590 886 posse,
635 830 759 873 Licet
803 829 977 884 saepius
1020 843 1090 871 me
1130 829 1173 871 in
1219 843 1272 871 ea
1315 831 1696 883 perseueraturum
1742 842 1842 882 pro-

62 898 303 953 posuerim,
347 911 568 950 nunquam
600 898 749 937 tamen
789 895 852 937 ita
885 909 991 949 pure
1032 895 1095 938 ita
1129 897 1384 937 constanter
1424 893 1698 937 uocationem
1732 894 1844 935 hanc

62 963 133 1006 uel
164 963 413 1018 imprimere
454 962 525 1004 uel
558 962 649 1004 alta
681 963 827 1003 mente
860 974 1072 1014 reponere
1105 960 1239 1014 potui.
1303 959 1371 1001 Ne
1405 959 1540 1013 igitur
1571 959 1711 1001 maius
1742 958 1843 1001 inde

63 1029 231 1072 oriatur
262 1028 538 1079 scandalum,
583 1029 716 1080 atque
749 1026 857 1068 adeo
891 1040 987 1068 cum
1031 1025 1223 1079 corporis
1256 1028 1300 1068 et
1342 1025 1512 1067 animae
1553 1039 1676 1067 meae
1710 1024 1842 1066 detri-

62 1097 210 1137 mento
243 1094 447 1145 maximo,
482 1093 639 1135 obnixe
671 1106 778 1145 rogo
811 1095 943 1145 atque
977 1092 1091 1145 apud
1115 1091 1163 1133 T.
1187 1091 1490 1132 Reuerendam
1523 1089 1841 1132 paternitatem

64 1160 279 1202 contendo
313 1158 400 1212 (cui
432 1160 619 1201 salutem
651 1172 792 1200 meam
825 1157 968 1199 animo
1003 1171 1099 1198 esse
1132 1157 1234 1198 noui
1267 1155 1447 1210 optime)
1480 1156 1543 1198 uti
1575 1170 1644 1197 me
1671 1154 1842 1208 Magni-

63 1226 144 1268 fico
168 1225 352 1267 Domino
384 1239 480 1267 meo
504 1226 548 1267 et
571 1223 709 1266 amico
733 1222 1001 1265 Cancellario
1019 1223 1035 1250 2
1066 1222 1251 1264 liberum
1273 1221 1454 1275 linquat,
1489 1221 1553 1263 cui
1578 1221 1621 1262 in
1645 1221 1842 1263 omnibus

65 1294 110 1334 et
141 1291 323 1345 singulis
355 1305 520 1333 morem
551 1303 704 1343 geram
725 1288 1038 1340 lubentissime,
1074 1287 1287 1330 Polliceor
1316 1290 1560 1341 praeterea,
1593 1287 1686 1329 Deo
1720 1287 1842 1337 duce,

67 1356 273 1400 Societati
308 1371 480 1399 omnem
510 1355 710 1406 tutelam,
744 1357 876 1408 atque
908 1354 1105 1396 fauorem
1138 1355 1409 1407 perpetuum.
1458 1353 1578 1395 Jllud
1610 1352 1743 1395 etiam
1775 1365 1844 1394 me

65 1424 215 1464 monet
256 1423 300 1464 et
340 1423 488 1464 mouet
527 1420 718 1463 maxime
751 1419 936 1472 (relictis
979 1419 1121 1461 causis
1159 1417 1275 1473 alijs)
1318 1433 1401 1472 quo
1443 1418 1628 1473 amplius
1670 1418 1726 1460 ad
1766 1431 1845 1459 uos

66 1488 215 1530 uenire
247 1502 333 1529 non
375 1501 551 1541 queam,
595 1501 650 1528 ne
681 1485 886 1528 uidelicet
927 1485 1114 1528 secundo
1147 1484 1361 1535 resiliam,
1403 1486 1507 1526 tunc
1549 1498 1654 1526 sane
1691 1497 1770 1525 nec
1801 1483 1846 1524 in

67 1556 264 1596 uestrum
295 1567 375 1595 nec
416 1552 461 1595 in
492 1551 748 1606 Cancellarij
783 1553 1062 1606 conspectum
1094 1550 1299 1605 progredi
1336 1550 1562 1600 auderem,
1608 1549 1709 1603 quid
1741 1563 1845 1590 uero

67 1618 168 1661 inde
200 1619 381 1673 periculi
412 1618 677 1673 proueniret,
710 1616 865 1659 melius
898 1616 1155 1658 Reuerende
1181 1615 1364 1657 Domine
1396 1616 1448 1658 D.
1483 1615 1625 1669 Canisj
1659 1629 1737 1669 pro
1771 1617 1847 1657 tua

69 1684 281 1738 singulari
321 1683 552 1739 prudentia
595 1697 724 1737 quam
766 1697 846 1737 ego
888 1682 1004 1725 nosti
1046 1684 1178 1735 atque
1219 1681 1430 1734 intelligis
1464 1715 1472 1723 .
1508 1681 1620 1723 Vale
1661 1679 1848 1722 feliciter

70 1752 202 1803 atque
233 1764 302 1792 me
333 1749 413 1792 tibi
444 1749 526 1792 hac
558 1749 603 1791 in
636 1762 769 1791 causa
802 1747 1275 1790 commendatissimum
1307 1747 1431 1791 habe.

854 1848 903 1891 T.
938 1848 988 1890 R.
1023 1847 1070 1890 P.

837 1924 843 1930 Ι
1133 1936 1276 1979 Dauid
1307 1935 1483 1989 wanga
1517 1933 1578 1989 [P]
1612 1933 1786 1976 Echius

193 2040 237 2082 Si
268 2040 338 2082 hic
365 2054 621 2094 responsum
645 2038 867 2081 commode
889 2038 1050 2080 habere
1073 2051 1159 2079 non
1180 2039 1377 2092 potuero,
1412 2034 1668 2078 conueniam
1691 2034 1738 2078 T.
1763 2034 1849 2076 Re-

70 2106 307 2148 uerendam
340 2104 657 2148 Paternitatem
690 2104 930 2158 Augustae,
965 2117 1062 2145 cum
1092 2103 1156 2144 illi
1187 2101 1418 2145 uidebitur.

191 2205 448 2248 Reuerendo
482 2204 653 2247 domino
686 2205 737 2248 D.
772 2203 942 2246 Canisio
975 2203 1031 2245 ad
1062 2216 1217 2244 manus
1249 2200 1459 2256 proprias,

194 2315 416 2361 Epistulam,
444 2326 550 2359 quam
577 2314 713 2349 Eckius
738 2314 847 2348 Ulma
873 2314 929 2348 21.
956 2312 1113 2357 Augusti
1143 2312 1231 2346 1561
1260 2312 1305 2346 ad
1333 2310 1516 2345 Canisium
1543 2308 1659 2351 dedit,
1687 2319 1768 2343 cum
1793 2307 1851 2342 his

72 2370 206 2405 litteris
232 2368 432 2404 conferenti
459 2368 565 2403 facile
590 2370 712 2414 patet,
747 2367 846 2402 illam
872 2367 930 2402 his
955 2367 1111 2412 priorem
1147 2377 1238 2400 esse.
1289 2364 1327 2399 Si
1353 2364 1433 2409 quis
1459 2364 1581 2398 autem
1616 2373 1698 2397 cum
1724 2361 1852 2396 iisdem

72 2424 207 2459 litteris
249 2422 460 2464 contulerit,
503 2434 595 2467 quae
639 2421 805 2456 Canisius
843 2420 1010 2465 Augusta
1052 2420 1084 2454 6.
1121 2418 1343 2464 Septembris
1386 2417 1474 2452 1561
1520 2416 1644 2450 Lainio
1686 2414 1852 2461 scripsit:

75 2477 131 2523 [P.
158 2476 308 2521 Eckius]
339 2475 558 2520 „Collegium
585 2475 744 2510 deseruit
768 2475 990 2516 Viennense,
1017 2473 1145 2508 deinde
1172 2472 1217 2506 ad
1242 2471 1388 2513 amicos,
1414 2472 1596 2516 postremo
1622 2470 1667 2503 ad
1693 2481 1750 2503 me
1775 2480 1854 2514 pro-

75 2531 194 2566 fectus
221 2531 319 2565 est“:
346 2541 409 2565 eas
434 2531 519 2564 ante
545 2530 577 2565 6.
597 2528 819 2574 Septembris
846 2528 951 2562 datas
976 2538 1056 2562 esse
1081 2525 1282 2569 intelleget.
1322 2525 1378 2559 Ex
1404 2535 1555 2568 quarum
1582 2522 1708 2568 primis
1734 2522 1857 2557 verbis

77 2586 114 2619 et
129 2583 363 2629 inscriptione
382 2583 528 2624 conicio,
554 2582 654 2628 ipsas
673 2584 828 2616 exeunte
854 2593 900 2615 m.
920 2581 1086 2624 Augusto
1111 2579 1148 2614 in
1167 2578 1357 2623 collegium
1375 2588 1590 2612 monacense
1609 2576 1653 2611 ad
1673 2575 1856 2611 Canisium

76 2638 209 2673 ibidem
234 2640 442 2672 versantem
471 2636 569 2680 (vide
594 2636 689 2670 infra
715 2648 747 2681 p.
776 2634 861 2679 202)
890 2634 934 2669 ab
961 2634 1088 2676 Eckio‚
1115 2633 1151 2667 in
1178 2633 1302 2667 eadem
1328 2631 1415 2666 urbe
1442 2643 1485 2679 ac
1510 2631 1665 2665 fortasse
1691 2629 1728 2663 in
1755 2629 1857 2663 domo

78 2691 233 2727 Simonis
259 2690 442 2725 Thaddaei
468 2690 573 2724 Eekii
599 2688 815 2731 cancellarii,
843 2687 1014 2722 avunculi
1039 2686 1106 2728 sui,
1132 2689 1219 2721 tunc
1246 2685 1410 2729 degente,
1437 2684 1568 2718 missas
1595 2694 1684 2717 esse.

200 2867 214 2882 ³²
238 2860 402 2904 Wanger
415 2862 433 2894 ?
456 2859 580 2903 Waug
592 2861 610 2893 ,2

205 3032 215 3052 ¹
241 3030 443 3071 Monachio,
469 3031 510 3064 ut
534 3029 697 3068 videtum
724 3027 818 3070 vide,
845 3038 938 3072 quae
964 3026 1032 3061 sub
1059 3025 1253 3071 epistulam
1278 3024 1395 3069 ipsam
1422 3022 1600 3057 dicuntur.

204 3084 218 3105 ‘·'·
244 3084 379 3119 Simoni
404 3083 597 3118 Thaddaeo
624 3081 757 3122 Eckio;
785 3081 869 3115 vide
894 3091 1005 3125 supra
1029 3090 1065 3124 p.
1095 3079 1172 3113 195.
