2093 3444
542 169 708 211 Augusta
736 168 1002 203 Vindelicorum
1029 169 1060 203 9.
1088 168 1244 212 Augusti
1273 169 1374 203 1561.
1763 173 1845 213 189

73 285 110 327 si
140 285 284 339 potria
316 288 493 327 trouare
526 285 730 328 bastante
762 300 840 340 per
871 286 1085 328 sodisfare
1116 286 1160 327 in
1193 288 1348 338 questa
1380 289 1505 340 parte
1522 288 1550 330 1.
1602 288 1772 337 Quanto
1806 290 1848 331 al

73 352 190 393 stato
224 350 339 391 della
380 349 589 403 religione
620 349 664 391 in
697 350 841 404 Praga
874 365 897 393 e
929 351 970 392 in
1005 351 1236 401 Bohemia,
1280 365 1326 392 se
1369 351 1462 393 dice
1497 352 1575 394 che
1606 352 1636 393 il
1669 368 1847 396 numero

73 415 175 457 delli
207 414 408 469 catholicj
443 415 480 456 si
511 414 721 457 minuisca
754 415 855 469 ogni
888 416 1040 469 giorno
1083 419 1127 459 et
1160 418 1312 470 questo
1346 416 1482 458 anche
1515 417 1549 458 si
1582 419 1711 460 troua
1742 433 1847 460 vero

73 494 150 535 per
182 482 303 522 certa
335 479 610 534 esperientia,
646 483 690 522 et
722 495 800 534 per
822 481 1052 523 rimediare
1085 481 1121 523 si
1148 481 1275 523 crede
1309 481 1385 523 che
1418 481 1461 524 la
1484 482 1555 524 via
1578 483 1712 525 molto
1746 498 1848 525 con-

54 545 274 588 ·ueniente
315 545 454 595 saria,
496 545 540 586 la
580 545 902 588 restauratione
945 546 1012 588 del
1054 546 1424 589 Archiuescouato
1466 547 1687 600 Pragense
1728 551 1772 590 et
1813 548 1849 589 si

73 624 203 665 spera
236 610 314 652 che
346 610 376 651 il
407 609 630 664 proposito
665 610 733 652 del
765 611 1043 665 ι1011101010Γο
1076 614 1121 654 01
1153 612 1219 654 del
1254 611 1418 654 Nuntio
1457 612 1748 666 apostolico2,
1792 613 1849 654 ha

74 675 116 717 di
147 674 328 717 riuscire
350 689 430 729 per
460 675 503 716 la
525 675 671 728 gratia
705 675 773 717 del
797 676 991 729 Signore.
1036 676 1205 718 Adesso
1233 677 1365 719 fanno
1389 677 1606 719 ambiduoi
1638 677 1849 720 instantia

74 754 253 795 apresso
287 740 328 781 di
352 740 392 783 S.
422 740 607 790 Santita,
642 744 796 794 questo
828 755 965 794 regno
998 741 1063 784 sia
1094 742 1437 785 riconnnandato
1471 743 1556 784 alle
1588 743 1774 786 orationi
1807 743 1850 785 di

76 806 237 848 Vestra
270 806 321 848 R.

193 877 227 918 Il
260 877 307 920 P.
331 877 503 919 Lucas3
535 877 686 919 auanti
720 877 834 919 della
865 877 1031 931 partita
1062 882 1213 921 nostra
1245 878 1282 920 si
1314 879 1480 922 ritrouo
1512 879 1557 920 in
1586 879 1732 932 Praga
1764 894 1849 921 non

73 945 229 996 troppo
262 956 391 993 sano,
434 942 568 984 molto
602 943 625 983 0
658 942 717 984 101
758 943 1005 984 necessario
1038 958 1116 997 per
1156 943 1185 984 il
1223 958 1417 996 guuerno
1460 944 1502 986 di
1535 944 1675 998 Oybin
1710 945 1849 987 donde

73 1007 110 1050 si
143 1022 251 1050 caua
283 1007 449 1061 grande
480 1007 618 1049 frutto
659 1007 702 1048 in
734 1008 1048 1062 temporalibus
1080 1023 1159 1062 per
1199 1012 1421 1052 tratenere
1455 1010 1484 1051 il
1517 1010 1708 1063 Collegio
1742 1010 1849 1052 Pra-

73 1086 220 1126 gense.
284 1072 432 1114 Circa³
462 1072 494 1114 li
525 1072 624 1114 beni
657 1072 725 1114 del
757 1073 1022 1115 monasterio
1055 1088 1140 1115 non
1172 1088 1384 1116 1110110000
1415 1074 1663 1116 difficultati
1696 1077 1849 1116 contra

75 1138 231 1180 stando
264 1151 436 1192 semper
467 1138 497 1179 li
529 1137 767 1180 Zitauiensi
806 1152 885 1192 per
924 1138 953 1179 il
986 1138 1160 1192 proprio
1193 1139 1427 1190 interesse,
1471 1142 1542 1181 ma
1583 1154 1704 1182 come
1743 1139 1849 1182 scri-

74 1203 227 1246 uesseb
269 1203 320 1245 de
353 1203 524 1245 Vienna
565 1206 610 1246 et
642 1217 763 1245 come
795 1203 825 1244 il
860 1204 904 1247 Ρ.
938 1203 1120 1246 vittoria
1160 1206 1437 1258 prometteua
1479 1205 1520 1246 di
1555 1205 1744 1247 scriuere
1776 1205 1849 1259 piu

75 1283 102 1311 a
132 1269 262 1322 longo
295 1283 380 1310 non
412 1283 519 1323 pare
551 1268 630 1310 che
662 1268 698 1310 51
730 1283 860 1323 possa
892 1269 1097 1312 resistere
1139 1270 1227 1312 alla
1259 1270 1440 1312 uolunta
1473 1270 1541 1312 del
1572 1271 1850 1324 ξ1111110101010

73 1334 105 1376 11
137 1334 265 1387 quale
296 1335 424 1376 vuole
455 1337 604 1388 presto
638 1334 845 1376 mandare
867 1335 967 1388 nouj
993 1335 1275 1389 commissarij
1300 1349 1378 1389 per
1399 1335 1602 1377 stimare⁰
1630 1336 1660 1377 li
1684 1336 1780 1389 benj
1806 1339 1850 1378 et

74 1413 294 1454 promesse
328 1399 369 1441 di
402 1413 514 1441 nouo
538 1401 624 1441 300
658 1399 794 1441 daleri
826 1400 868 1441 al
900 1399 1082 1452 collegio
1107 1401 1352 1454 pragense4
1385 1414 1464 1442 0011
1486 1401 1644 1442 lettere
1679 1401 1719 1442 di
1752 1401 1848 1442 fon-

76 1464 272 1516 datione,
315 1465 513 1507 hauendo
554 1465 581 1506 l'
605 1464 868 1519 imperatore
902 1468 1022 1507 certa
1058 1465 1366 1508 informatione
1408 1466 1509 1507 delli
1550 1466 1848 1519 commissarij,

76 1530 117 1571 di
149 1529 361 1572 risoluera
393 1533 556 1583 quanto
598 1530 685 1572 alla
717 1530 1005 1573 translatione
1039 1531 1090 1572 de
1125 1530 1279 1585 Oybin.
1344 1532 1466 1573 Doue
1504 1531 1659 1573 adesso
1692 1535 1849 1574 stanno

77 1710 235 1745 factione
261 1711 585 1745 administrandum
612 1710 701 1745 satis
728 1711 877 1745 idoneus
903 1711 952 1745 sit
970 1712 990 1745 ¹.
1034 1709 1134 1752 Quod
1161 1711 1205 1744 ad
1231 1710 1417 1754 religionis
1443 1711 1479 1744 in
1504 1711 1592 1745 urbe
1618 1710 1788 1755 pragensi
1815 1712 1852 1744 et

77 1765 114 1798 in
139 1764 313 1799 Bohemia
338 1766 475 1799 statum
502 1765 651 1807 attinet,
688 1764 947 1799 catholicorum
972 1776 1162 1798 numerum
1197 1764 1232 1798 in
1269 1764 1344 1798 dies
1370 1764 1482 1798 minui
1509 1764 1652 1804 dicunt,
1687 1764 1721 1798 id
1757 1764 1851 1808 quod

79 1818 188 1852 etiam
215 1820 313 1852 certo
339 1830 460 1852 rerum
486 1830 554 1852 usu
579 1830 706 1852 verum
732 1830 812 1852 esse
847 1818 1097 1862 cognoscitur;
1134 1818 1190 1852 cui
1216 1817 1309 1852 malo
1344 1818 1509 1852 medendi
1544 1818 1719 1852 rationem
1746 1817 1852 1851 valde

78 1872 351 1906 convenientem
378 1872 472 1906 110110
498 1872 575 1906 fore
601 1874 759 1914 censent,
796 1872 889 1916 quod
915 1871 1250 1917 archiepiscopatus
1275 1871 1465 1917 pragensis
1490 1871 1715 1912 restituatur,
1743 1874 1851 1915 atque

77 1925 306 1970 imperatoris
333 1927 370 1959 et
394 1925 510 1960 nuntii
537 1925 724 1971 apostolici
740 1925 754 1946 ²
788 1925 937 1959 consilia
964 1937 1144 1970 prospere,
1180 1925 1320 1959 domino
1347 1926 1516 1967 iuvante,
1552 1937 1594 1959 ea
1619 1925 1654 1959 in
1681 1937 1719 1959 re
1746 1937 1851 1959 even·

77 1980 159 2013 tura
185 1990 265 2013 esse
291 1980 456 2024 sperant3
492 1991 598 2023 quam
636 1991 730 2013 nunc
764 1981 918 2023 uterque
944 1979 1038 2023 apud
1073 1979 1305 2013 sanctitatem
1339 1990 1441 2013 suam
1468 1980 1583 2022 urget.
1634 1978 1852 2013 Reverentia

77 2034 202 2067 vestra
227 2044 379 2076 regnum
403 2033 504 2074 illud,
530 2044 675 2077 quaeso,
702 2033 737 2066 in
763 2044 890 2078 preces
915 2044 1001 2067 suas
1028 2033 1316 2066 commendatum
1341 2032 1485 2066 habeat.

198 2092 310 2127 Pater
334 2092 452 2127 Lucas
468 2093 480 2113 ³
506 2094 590 2127 ante
617 2093 817 2127 discessum
842 2094 1005 2126 nostrum
1034 2092 1189 2135 Pragam
1224 2091 1325 2125 venit
1351 2091 1446 2125 haud
1473 2091 1523 2125 ita
1549 2103 1720 2136 prospera
1747 2094 1851 2125 utens

79 2146 297 2181 valetudine.
349 2145 416 2188 Qui
442 2146 550 2180 valde
576 2146 804 2180 necessarius
831 2148 887 2180 est
920 2146 964 2180 ad
993 2145 1160 2180 Oibinum
1187 2145 1403 2188 regendum,
1440 2157 1485 2179 ex
1511 2156 1580 2189 quo
1606 2145 1729 2187 magni
1755 2145 1851 2179 colli-

80 2201 215 2244 guntur
241 2200 401 2242 fructus,
438 2199 568 2244 quibus
595 2199 787 2243 collegium
812 2211 990 2244 pragense
1016 2199 1135 2233 alatur
1171 2200 1207 2233 et
1232 2201 1469 2233 sustentetur.
1520 2198 1560 2232 In
1586 2199 1649 2239 iis,
1689 2210 1780 2242 quae
1806 2199 1851 2232 ad

78 2253 288 2288 monasterii
313 2253 405 2287 bona
431 2255 616 2298 spectant.
655 2253 890 2287 difficultates
917 2265 986 2286 non
1021 2253 1171 2294 desunt,
1210 2264 1290 2286 cum
1318 2252 1556 2286 Zittavienses
1591 2251 1726 2297 proprii
1761 2251 1852 2286 lucri

79 2307 198 2350 gratia
223 2318 365 2352 semper
390 2306 493 2341 nobis
519 2306 766 2341 adversentur.
819 2306 898 2348 Sed,
934 2308 974 2340 ut
999 2306 1211 2340 Vindobona
1237 2305 1376 2350 scripsi,
1412 2307 1523 2349 utque
1550 2305 1589 2339 P.
1616 2304 1778 2339 Victoria
1813 2317 1851 2340 se

21 2393 24 2395 ,
79 2360 258 2405 copiosius
282 2361 503 2405 scripturum
521 2371 600 2394 esse
618 2359 794 2405 promisit,
819 2372 890 2394 non
909 2360 1072 2394 videmur
1090 2359 1316 2404 imperatoris
1343 2359 1521 2393 voluntati
1546 2359 1716 2393 resistere
1734 2370 1851 2404 posse,

79 2414 140 2458 qui
167 2414 269 2448 brevi
293 2414 393 2448 viros
415 2413 530 2448 denuo
558 2425 578 2447 a
604 2425 643 2448 se
670 2414 828 2448 delectos
854 2413 899 2447 ad
926 2414 1017 2448 bona
1042 2413 1107 2447 illa
1133 2413 1356 2447 aestimanda
1381 2413 1526 2447 mittere
1552 2412 1642 2454 vult,
1670 2424 1711 2446 ac
1738 2413 1852 2447 denuo

81 2466 232 2511 collegio
258 2467 429 2513 pragensi
447 2467 516 2502 300
542 2466 702 2502 taleros⁴
730 2479 812 2501 cum
837 2467 969 2501 litteris
995 2466 1218 2500 fundationis
1244 2467 1419 2511 promisit.
1470 2467 1569 2500 Idem
1595 2471 1716 2500 autem
1742 2466 1851 2511 impe-

79 2522 188 2563 rator,
215 2533 295 2555 cum
321 2533 367 2555 ex
392 2521 482 2556 viris
506 2520 580 2555 illis
606 2523 705 2555 certa
732 2521 953 2564 cognoverit,
981 2520 1024 2554 de
1043 2519 1172 2554 Oibino
1198 2520 1234 2554 in
1261 2520 1349 2554 alios
1376 2519 1626 2554 transferendo
1645 2520 1851 2554 constituet.

198 2655 213 2670 ἢ
240 2648 346 2683 Cioca
370 2660 429 2692 ap.
525 2648 541 2669 ¹³
566 2649 626 2682 Vel
651 2647 840 2689 scriuessi;
867 2659 948 2691 ap:
973 2647 1160 2682 scriuesso.
1260 2653 1272 2668 0
1297 2647 1438 2681 stimari
1465 2659 1521 2691 (cp.

204 2783 215 2802 ¹
241 2782 292 2816 De
327 2781 519 2815 iuvenibus
554 2781 735 2823 bohemis,
772 2781 831 2826 qui
866 2781 903 2815 in
936 2781 1087 2825 collegio
1114 2780 1148 2816 S.
1177 2782 1210 2816 J.
1246 2792 1393 2815 romano
1428 2780 1730 2821 instituebantur,
1769 2780 1852 2814 vide

87 2836 172 2870 Gan.
200 2835 290 2880 Epp.
317 2835 370 2876 ΙΙ,
398 2835 499 2869 3072.
526 2835 629 2869 449¹.
657 2835 722 2870 531
735 2835 760 2869 ⁸.
787 2835 867 2869 545.
918 2835 960 2868 In
985 2833 1189 2878 *Catalogo
1226 2834 1368 2877 collegii
1403 2833 1592 2878 pragensis
1626 2834 1659 2866 2.
1695 2832 1851 2867 Ianuarii

84 2890 175 2924 1562
202 2900 222 2923 0
248 2889 288 2923 Ρ.
316 2889 474 2922 Henrico
498 2889 684 2922 Blissemio
719 2887 854 2933 scripto
888 2887 976 2922 haec
1012 2891 1116 2922 sunt:
1157 2887 1223 2930 „M.
1252 2887 1383 2921 Petrus
1409 2886 1757 2921 Hamersfordiensis
1791 2897 1851 2920 an-

81 2954 208 2977 norum
234 2942 298 2983 22,
335 2942 381 2976 Jn
408 2941 588 2976 societate
614 2942 635 2976 6
661 2941 784 2983 annis,
818 2941 855 2975 in
890 2941 985 2975 votis
1010 2942 1033 2975 4
1067 2940 1155 2982 fuit,
1195 2952 1342 2985 corpore
1376 2942 1560 2984 vtcunque
1593 2939 1752 2974 robusto,
1804 2940 1851 2974 Jn

83 2996 223 3040 graecis
249 2995 349 3030 valet
375 2997 411 3029 et
436 2995 517 3040 alijs
542 2995 708 3040 prodes&
741 2994 842 3038 (Cod.
874 2994 935 3036 „G.
964 2993 1001 3028 C.
1028 2994 1093 3029 67⁴⁶
1124 3005 1157 3039 p.
1184 2994 1284 3038 448).

202 3049 216 3070 ²
241 3048 435 3083 Zachariae
460 3047 640 3093 Delphini.
682 3048 736 3082 De
761 3047 830 3082 hac
855 3059 893 3082 re
918 3047 1033 3082 multa
1058 3047 1159 3092 ponit
1177 3048 1362 3081 Steinherz
1387 3046 1409 3080 l.
1430 3058 1459 3081 0.
1490 3058 1524 3091 p.
1551 3046 1632 3081 296.
1651 3045 1850 3081 303—306.

204 3103 217 3123 ³
241 3102 386 3137 Molitor
414 3101 521 3146 (Can.
547 3100 638 3146 Epp.
664 3101 709 3143 II,
739 3101 837 3136 100¹.
864 3100 944 3135 258.
972 3099 1070 3144 505).

204 3157 217 3176 4
243 3154 320 3189 Hos
345 3154 500 3199 singulis
526 3154 630 3188 annis
657 3166 703 3188 ex
728 3153 815 3188 fisco
840 3153 1026 3188 bohemico
1052 3153 1146 3187 solvi
1171 3153 1278 3187 iussit
1307 3153 1493 3196 (Bacholtz
1517 3152 1541 3187 1.
1568 3165 1598 3187 c.
1624 3152 1720 3195 VIII,
1752 3151 1850 3197 201).
