2093 3444
311 185 390 220 670.
428 183 594 219 Canisius
622 184 801 219 Stanislao
828 185 950 220 Hosio.
992 184 1086 229 Aug.
1114 184 1220 219 Vind.
1250 186 1302 220 16.
1331 186 1455 220 Martii
1484 187 1585 221 1562.
1754 191 1837 231 391

63 301 300 355 Collegium
335 302 639 344 Germanicum
673 302 790 345 dicta
822 317 990 344 summa
1023 302 1278 357 applicetur.
1339 303 1465 345 Vnde
1499 304 1623 358 cupio
1657 305 1708 346 de
1741 319 1840 347 sen-

63 367 203 411 tentia
234 368 286 410 R.
321 367 369 411 T.
403 366 553 410 statim
593 367 715 409 reddi
749 367 920 418 certior,
956 370 1000 410 et
1031 381 1190 421 sequar
1222 368 1313 410 eius
1345 368 1571 419 iudicium,
1615 369 1659 410 in
1692 384 1841 423 quem-

63 447 231 486 cunque
264 433 435 475 demum
467 446 593 475 usum
626 446 723 474 eam
745 432 941 475 conuerti
973 433 1201 487 pecuniam
1229 433 1336 476 uelit
1368 437 1444 476 aut
1477 434 1673 478 suadeat.
1719 435 1842 485 Quod

64 499 120 541 ad
160 497 456 541 uisitationem
488 497 744 540 Prouinciae
786 497 912 539 huius
953 498 1134 549 attinet,
1179 502 1364 553 expecto
1404 500 1667 542 sententiam
1706 500 1756 543 R.
1792 501 1839 544 T.

64 577 175 617 quae
207 563 243 605 si
265 563 505 618 permittet,
540 562 799 617 praesertim
821 563 1056 605 accedente
1079 563 1321 605 Cardinalis
1343 563 1590 618 Augustani
1615 579 1840 616 consensu,

65 628 216 672 statim
258 643 284 671 a
315 628 533 670 Paschate
573 627 722 670 licebit
762 627 846 670 iter
886 627 1072 681 ingredi,
1118 643 1168 670 ac
1209 629 1395 683 primum
1429 630 1619 672 fortasse
1652 630 1843 684 Pragam

64 698 227 749 petere,
261 696 310 736 ut
331 693 431 735 inde
453 693 669 735 Viennam
692 707 743 735 ac
766 692 1070 746 OEnipontum
1093 694 1358 747 perueniam,
1393 695 1624 737 adfuturus
1657 695 1844 738 libenter

64 759 109 801 in
140 758 364 814 principijs
386 758 621 802 lectionum
646 758 906 812 OEniponti,
940 758 1020 800 hoc
1045 761 1112 801 est
1145 758 1260 801 circa
1284 762 1350 801 3³5⁸
1373 764 1449 803 aut
1482 763 1549 802 4³¹³
1572 760 1844 803 Dominicam

66 839 91 867 a
124 825 352 867 Paschate.
398 823 580 878 Scripsit
611 823 770 866 iterum
803 823 974 876 quidem
1005 823 1245 866 Cardinalis
1268 825 1539 867 Varmiensis
1555 827 1583 877 1,
1619 827 1843 881 expectarj

66 903 135 932 me
168 889 366 932 Tridenti
407 889 557 932 statim
599 891 699 943 post
731 889 922 939 Pascha,
965 889 1041 930 sed
1083 889 1165 930 nisi
1206 889 1345 932 maior
1386 893 1543 944 urgeat
1584 891 1842 943 authoritaS,

66 955 220 998 relicto
244 954 458 998 Consilioa
482 953 543 1009 [P]
577 968 629 996 ea
662 954 821 996 curabo
855 967 965 1007 quae
995 956 1097 996 sunt
1128 954 1213 996 mei
1244 956 1447 999 muneris.
1492 957 1680 999 Miratur
1712 956 1844 1000 etiam

67 1035 123 1063 ex
155 1020 316 1063 nostris
348 1021 513 1062 nullum
536 1020 703 1063 adesse.
747 1019 906 1062 Veniet
929 1022 1075 1062 autem
1097 1019 1211 1062 forte
1234 1034 1319 1062 non
1349 1021 1485 1064 multo
1508 1025 1609 1076 post
1630 1022 1677 1065 P.
1704 1022 1844 1064 Gene-

66 1086 172 1128 ralis
205 1088 250 1128 et
271 1086 318 1129 P.
343 1086 582 1136 Salmeron,
615 1087 665 1127 ut
687 1099 869 1138 quorum
898 1084 1074 1127 nomina
1095 1085 1139 1126 in
1162 1085 1349 1127 Concilio
1372 1101 1457 1128 non
1480 1090 1662 1142 possunt
1693 1087 1846 1141 ignota

67 1154 113 1194 et
144 1151 407 1204 negligenda
438 1150 574 1204 uiderj
591 1151 620 1193 2.
679 1151 748 1192 Ad
779 1164 871 1192 rem
902 1153 1072 1193 tantam
1105 1165 1241 1204 aeque
1272 1151 1452 1194 idoneus
1485 1153 1681 1195 Canisius
1713 1156 1846 1206 atque

69 1216 124 1259 ad
146 1217 307 1271 Lyram
340 1216 488 1258 asinus
504 1218 532 1259 3.
577 1216 716 1258 Video
747 1215 922 1258 interim
945 1217 996 1259 D.
1020 1216 1211 1270 Legatos
1243 1216 1388 1259 nescio
1423 1232 1504 1271 quo
1538 1218 1748 1272 singularj
1776 1232 1845 1260 me

69 1282 228 1324 affectu
261 1281 503 1336 complecti,
538 1282 651 1335 quod
685 1295 741 1323 ex
772 1281 905 1335 uarijs
931 1281 1070 1324 literis
1094 1284 1161 1324 est
1182 1281 1439 1335 intelligere.
1484 1283 1693 1325 Dominus
1717 1284 1846 1325 Jesus

67 1347 112 1389 in
145 1347 361 1400 gratiamb
395 1345 456 1402 [Ρ]
491 1361 615 1389 suam
648 1349 830 1389 conatus
863 1350 1037 1389 nostros
1069 1348 1178 1389 bene
1211 1349 1358 1390 uertat
1395 1349 1603 1402 nobisque
1645 1352 1846 1391 sanctum

68 1412 239 1455 Pascha
272 1413 495 1456 concedat.
558 1412 788 1466 Augustae
825 1414 876 1454 14
912 1413 1058 1467 Martij
1094 1415 1236 1455 4562.

1023 1496 1183 1538 Seruus
1215 1496 1259 1537 in
1292 1495 1460 1539 Christo
1493 1496 1539 1539 P.
1575 1496 1784 1539 Canisius.

190 1585 218 1637 †
250 1584 505 1626 Reuerendo
547 1584 779 1626 admodum
819 1584 864 1626 in
896 1584 1066 1627 Christo
1099 1584 1243 1636 Patri,
1286 1586 1338 1628 D.
1372 1585 1554 1628 Alfonso
1591 1585 1846 1636 Salmeroni,

71 1649 431 1704 Vicepraeposito
465 1649 698 1693 Societatis
730 1650 872 1692 JESV
1607 1651 1785 1693 Romae.

196 1729 381 1765 Salmeron
409 1730 552 1765 Canisio
579 1730 767 1776 rescripsit
792 1731 907 1765 Roma
932 1731 964 1765 4.
992 1730 1128 1776 Aprilis
1158 1731 1259 1765 1562.

896 1855 1028 1897 670.

812 1948 1110 1996 CANISIUS

388 2046 803 2090 STANISLAO
838 2046 1251 2090 CARDINALI
1282 2048 1533 2102 lloslo,

358 2128 419 2162 uni
446 2140 492 2162 ex
519 2128 661 2162 concilii
687 2128 874 2163 tridentini
900 2129 1138 2174 praesidibus,
1166 2130 1332 2175 episcopo
1359 2130 1565 2164 varmiensi.

549 2215 718 2263 Augusta
743 2215 1018 2252 Vindelicorum
1043 2216 1092 2253 16.
1119 2216 1245 2252 Martii
1270 2216 1365 2254 1562.

65 2319 68 2322 >
192 2300 248 2334 Ex
274 2299 472 2345 archetypo
501 2298 572 2343 (20;
607 2300 675 2342 2¹s2
701 2312 779 2345 pp.;
816 2299 852 2334 in
878 2312 911 2345 p.
938 2301 971 2334 4.
998 2300 1105 2335 inscr.
1133 2303 1170 2335 et
1195 2301 1302 2345 sig),
1336 2301 1429 2345 quod
1457 2300 1622 2335 Canisius
1648 2312 1715 2335 sua
1740 2312 1850 2335 manu

72 2353 298 2398 subscripsit.
348 2353 431 2387 Cod.
459 2353 606 2397 gothan.
638 2353 697 2396 „E.
725 2352 770 2387 H.
798 2353 838 2387 2“
869 2354 894 2388 f.
924 2354 977 2388 18.
1008 2355 1061 2389 19.

193 2406 249 2441 Ex
274 2406 472 2452 archetypo
498 2406 692 2452 epistulam
717 2407 855 2452 primus
880 2407 980 2453 typis
1016 2407 1210 2452 exscripsit
1239 2409 1447 2452 Cyprianus
1481 2408 1504 2443 l.
1532 2420 1560 2442 c.
1589 2420 1621 2453 p.
1650 2407 1850 2442 222-224.

73 2459 260 2505 Epistulae
285 2462 424 2505 partem
456 2460 517 2504 (ex
543 2459 738 2506 Cypriano)
768 2461 890 2506 posuit
915 2463 1227 2507 Layomarsintus,
1253 2461 1405 2506 Pogiani
1431 2461 1616 2507 Epistolae
1643 2462 1687 2503 Π,
1714 2461 1795 2496 207.

197 2538 333 2572 Cotidie
359 2540 596 2572 contionatur.
649 2539 892 2573 Precationem
912 2550 985 2582 pro
1012 2540 1160 2573 concilio
1186 2541 1335 2573 recitari
1359 2540 1500 2573 solitam
1527 2540 1643 2572 mittit.
1698 2539 1849 2583 Gaudet,

67 2595 302 2635 protestantes
327 2603 350 2624 a
373 2592 523 2626 concilio
542 2593 669 2625 leniter
686 2594 850 2626 tractari.
892 2593 1006 2637 Optat,
1034 2597 1083 2637 ut,
1111 2604 1190 2626 eum
1208 2594 1502 2627 adversariorum
1520 2593 1608 2626 libri
1633 2595 1706 2626 iam
1730 2593 1852 2626 multis

73 2645 189 2678 taedio
206 2646 288 2689 sint,
313 2649 389 2678 tum
411 2645 573 2678 Tridenti
590 2650 663 2679 tum
689 2646 729 2679 in
746 2646 887 2690 reliqua
906 2647 1016 2680 Italia
1035 2647 1121 2680 libri
1144 2648 1184 2679 in
1203 2647 1362 2680 ecelesiae
1379 2647 1615 2689 defensionem
1632 2646 1849 2688 scribantur,

75 2703 179 2742 atque
203 2702 243 2731 ut
267 2699 401 2732 Romae
426 2709 449 2731 α
475 2699 643 2733 Manutio
668 2703 744 2732 tum
769 2700 853 2733 haee
877 2704 952 2733 tum
977 2704 1130 2734 veterum
1149 2704 1301 2744 patrum
1326 2701 1462 2743 scripta
1487 2700 1723 2733 emendantur.
1766 2699 1849 2733 Um:—

73 2754 280 2785 versitatum
313 2752 531 2795 tztbinqensis
565 2757 596 2786 et
629 2754 916 2796 inqolstadiensis
948 2754 1058 2786 theses
1090 2754 1208 2787 mittit.
1259 2754 1339 2787 Polt
1364 2753 1453 2786 liber
1479 2754 1521 2786 de
1546 2753 1705 2786 concilio.
1762 2753 1850 2786 Cum

194 2880 209 2895 a
234 2875 291 2907 Ita
317 2874 394 2908 AB
402 2886 416 2917 ;
441 2875 501 2908 sed
525 2874 708 2919 Zeyendzcm
732 2876 892 2909 videtur:
918 2875 1087 2910 Concilio.
1184 2875 1200 2896 '³
1228 2877 1288 2910 Sic
1314 2877 1372 2918 A‚·
1398 2875 1582 2919 gloriam?

198 3011 208 3029 ¹
236 3007 441 3043 Stanislaus
466 3007 611 3042 Hosius.

197 3062 210 3082 ²
235 3062 398 3106 Uterque
433 3061 582 3096 concilio
613 3061 808 3096 tridentino
843 3064 879 3096 et
914 3073 995 3096 cum
1020 3062 1174 3107 primum
1205 3062 1496 3106 (1545-1549),
1532 3064 1569 3096 et
1603 3074 1684 3096 cum
1717 3063 1851 3097 iterum

78 3115 346 3160 (1551—1552)
375 3114 615 3156 convenisset,
642 3126 723 3149 cum
749 3115 934 3149 doctrinae
959 3115 1065 3149 laude
1091 3115 1317 3150 interfuerat.

197 3169 210 3189 ³
230 3166 322 3208 ''Ovog
345 3169 456 3213 λύρας
480 3168 516 3213 [i.
544 3180 573 3202 e.
601 3168 814 3214 ἀκροατής];
840 3169 959 3203 Aulus
988 3169 1135 3213 Gellius,
1161 3168 1294 3203 Noctes
1320 3168 1453 3203 atticae
1478 3168 1502 3203 l.
1530 3168 1560 3211 3,
1587 3180 1621 3203 n.
1651 3169 1705 3204 16.
