2093 3444
272 212 351 247 709.
388 211 554 247 Oanisius
583 211 763 246 Stanislao
789 211 911 245 Hosio.
955 211 1047 254 Aug.
1074 210 1181 244 Vind.
1211 210 1263 244 19.
1292 209 1513 254 Septembris
1543 210 1643 245 1562.
1761 212 1845 253 485

70 329 272 384 Erumpit
311 329 488 371 tandem
521 343 722 384 serpens,
766 343 894 382 quem
933 329 978 370 in
1018 328 1115 370 sinu
1155 327 1368 370 hactenus
1401 327 1473 369 isti
1506 330 1758 380 gestarunt,
1802 331 1846 370 et

70 408 202 448 aegre
233 393 400 436 tamdiu
432 394 652 437 occultare
683 395 934 448 potuerunt.
977 393 1045 435 Ab
1068 392 1248 435 Austria
1280 406 1383 434 mox
1415 392 1470 434 ad
1499 393 1733 435 Bauariam
1765 392 1846 435 hoc

70 462 217 514 serpet
249 459 381 510 uirus,
416 461 464 502 ut
496 473 549 501 ne
582 459 811 513 quicquam
834 459 877 500 in
900 458 1126 512 Religione
1148 459 1318 500 firmum
1341 460 1386 500 et
1417 460 1560 500 tutum
1590 458 1698 500 satis
1732 458 1846 512 apud

70 524 293 579 Principes
333 524 377 566 in
420 524 652 567 Germania
693 524 895 579 supersit.
965 523 1104 565 Huius
1144 523 1313 578 imperij
1355 537 1406 565 ac
1447 522 1581 566 totius
1622 522 1845 565 Ecclesiae

69 589 265 632 Christus
309 589 582 632 misereatur.
655 589 866 643 Quicquid
914 591 1060 632 autem
1107 589 1188 631 hoc
1237 590 1304 630 est
1347 602 1558 631 nouorum
1602 588 1846 630 Confessio-

69 655 281 698 nistarum
316 657 619 705 commentum,
653 654 722 696 hic
753 654 998 696 addendum
1031 654 1195 708 putaui.
1239 654 1403 696 Verum
1436 653 1488 695 de
1521 656 1640 696 statu
1663 653 1844 708 Jmperij

69 719 175 762 nihil
221 720 360 762 habeo
404 720 518 763 noui.
590 720 842 774 Expectant
886 734 1035 762 omnes
1081 721 1285 761 euentum
1327 718 1607 762 Comitiorum
1650 719 1846 760 Franck-

68 785 365 833 fordiensium,
400 799 510 839 quae
533 785 654 827 breui
675 784 918 827 inchoanda
942 785 1198 827 creduntur:
1233 785 1291 827 Et
1312 784 1537 835 incertum,
1563 798 1646 837 quo
1668 783 1845 825 tandem

70 864 256 893 euasura
288 850 345 893 sit
379 850 544 893 Gallica
575 850 732 900 factiO,
772 864 886 892 nunc
919 849 1052 892 etiam
1087 850 1400 892 Germanorum
1433 851 1605 892 armata
1636 848 1799 891 uiribus
1815 850 1844 892 1.

70 915 210 958 Deum
251 929 502 970 precamur,
544 918 593 959 ut
633 915 743 957 bene
784 917 931 958 uertat
971 915 1050 957 hos
1090 918 1239 958 tantos
1284 918 1448 967 motus,
1493 914 1750 969 praesertim
1791 928 1845 956 ne

69 995 221 1023 sacrae
266 981 440 1035 Synodo
484 980 623 1023 maius
668 980 870 1023 adferant
915 980 1236 1023 detrimentum.
1308 980 1489 1023 Vtinam
1532 982 1846 1034 purgentur

67 1046 241 1089 interim
274 1046 389 1101 filij
422 1046 609 1096 Leui2,
651 1059 731 1088 nec
765 1046 904 1088 solum
938 1046 990 1087 de
1021 1046 1122 1088 fidei
1155 1045 1375 1097 doctrina,
1418 1046 1494 1088 sed
1527 1045 1659 1088 etiam
1692 1045 1743 1087 de
1776 1059 1845 1088 re-

68 1111 329 1155 formatione
374 1126 540 1154 morum
587 1111 716 1154 isthic
760 1125 813 1153 ea
861 1111 1204 1163 constituantur,
1255 1125 1365 1165 quae
1412 1111 1578 1154 labanti
1621 1110 1845 1153 Ecclesiae

68 1177 292 1232 suppetias
334 1177 522 1220 ferant3.
587 1176 755 1219 Sathan
796 1191 879 1230 quo
920 1176 1061 1230 magis
1102 1191 1180 1231 per
1221 1177 1482 1220 Caluinistas
1522 1176 1567 1218 in
1599 1176 1843 1219 Catholicos

67 1242 231 1294 saeuit,
276 1257 325 1285 eo
359 1242 518 1285 clarius
560 1242 683 1284 nobis
714 1243 896 1296 praebet
928 1242 1169 1297 specimen,
1214 1256 1325 1295 quae
1367 1242 1424 1285 sit
1466 1242 1613 1285 futura
1645 1241 1844 1295 tyrannis

69 1307 341 1352 Antichristi.
416 1308 556 1350 Huius
605 1307 777 1361 quidem
824 1307 1046 1362 proximos
1100 1310 1399 1350 antecessores
1447 1311 1491 1351 et
1538 1320 1844 1362 praecursores

70 1372 212 1415 Gallia
244 1373 433 1428 experiri
465 1372 639 1415 uidetur
655 1373 684 1415 4.

188 1438 358 1481 Vienna
390 1438 593 1481 scribitur
625 1438 680 1480 ad
711 1452 793 1489 me,
827 1452 941 1480 nunc
973 1437 1196 1480 dimissum
1229 1451 1324 1480 esse
1358 1437 1592 1491 Georgium
1618 1438 1842 1489 Polonum,

68 1503 133 1547 uti
163 1504 416 1558 postulabat
449 1503 540 1546 eius
573 1503 825 1554 auunculus,
861 1506 905 1546 et
937 1505 1166 1545 monuerat
1197 1503 1435 1558 amplitudo
1468 1505 1545 1545 tua
1560 1504 1589 1546 5.

188 1569 258 1611 Ex
290 1569 524 1611 nundinisss
555 1569 662 1611 nihil
695 1569 925 1612 aduectum
959 1568 1184 1611 hactenus.

188 1635 486 1689 Expectamus
523 1634 760 1677 Decretum
801 1634 1027 1689 proximae
1069 1634 1281 1676 Sessionis
1323 1634 1375 1676 de
1406 1633 1568 1676 Missae
1608 1633 1842 1676 sacrificio:

67 1700 271 1743 Metuunt
313 1700 508 1754 quidam,
550 1714 605 1742 ne
638 1700 838 1755 opinione
880 1699 1007 1743 citius
1049 1702 1125 1742 aut
1157 1700 1441 1754 abrumpatur
1482 1702 1558 1742 aut
1590 1699 1844 1742 absoluatur

66 1765 280 1820 Synodus.
345 1766 474 1808 Nunc
514 1780 722 1819 magnum
765 1765 817 1808 de
857 1765 934 1807 illa
974 1764 1194 1807 silentium
1235 1764 1434 1818 undique.
1501 1764 1586 1807 Oro
1625 1764 1842 1807 Christum

67 1831 320 1883 Dominum,
369 1835 418 1875 ut
461 1831 505 1873 in
552 1845 676 1874 suam
719 1830 905 1885 gloriam
949 1833 1095 1874 seruet
1139 1830 1491 1872 Jllustrissimam
1535 1830 1842 1872 Celsitudinem

66 1899 210 1948 tuam,
254 1911 365 1951 quae
397 1897 509 1939 hanc
540 1897 813 1951 praeclaram
855 1898 1051 1951 spartam
1086 1899 1134 1939 ut
1176 1910 1331 1938 ornare
1372 1898 1529 1950 pergat
1563 1895 1662 1938 boni
1694 1909 1842 1937 omnes

66 1965 318 2017 expectant,
352 1976 404 2005 ac
435 1962 657 2005 nobiscum
691 1976 717 2004 a
749 1962 841 2004 Deo
874 1964 1121 2016 precantur.
1166 1961 1284 2011 Quae
1317 1960 1507 2012 adiunxi,
1542 1961 1592 2004 R.
1626 1960 1673 2004 P.
1707 1961 1840 2003 Prae-

188 2120 199 2140 ¹
225 2120 265 2154 In
291 2120 385 2154 diem
402 2120 460 2155 20.
478 2119 644 2155 Octobris
665 2119 755 2155 1562
782 2119 983 2164 principum
1001 2118 1197 2153 electorum
1216 2120 1415 2152 conventus
1433 2118 1589 2152 indictus
1616 2123 1673 2152 est
1689 2118 1841 2153 Franco-

66 2173 155 2208 furti
189 2174 235 2208 ad
260 2173 429 2208 Moenum
462 2173 668 2215 habendus,
703 2174 745 2207 ut
775 2185 860 2215 „rex
886 2172 1147 2207 Romanorum“
1177 2171 1383 2215 eligeretur.
1433 2172 1554 2216 Atque
1588 2171 1660 2206 iam
1695 2172 1841 2207 ineunte

66 2238 98 2262 a.
127 2227 218 2261 1562
245 2227 432 2262 Gallorum
467 2227 640 2262 mandatu
666 2227 817 2261 Ioannes
843 2226 1033 2271 Philippus
1068 2236 1187 2260 comes
1213 2225 1408 2259 Rhenanus
1438 2224 1567 2269 (Wild-
1603 2225 1674 2259 und
1710 2224 1827 2260 Rhein

66 2281 153 2324 graf
186 2280 223 2314 in
261 2281 324 2314 der
361 2280 507 2326 Dhaun)
549 2281 690 2325 aliquos
729 2279 944 2315 Germaniae
982 2279 1163 2324 principes
1201 2278 1340 2313 adierat
1377 2280 1505 2323 atque,
1547 2280 1588 2313 ut
1624 2278 1840 2313 Maximilia-

66 2345 154 2368 num
178 2334 224 2368 II.
251 2345 293 2368 ea
319 2334 497 2378 dignitate
523 2334 776 2376 excluderent,
812 2335 1001 2367 monuerat
1031 2332 1218 2377 (Buelzoltz
1242 2332 1266 2366 1.
1293 2343 1322 2367 c.
1350 2332 1436 2374 VII,
1464 2332 1664 2367 515—516.
1718 2333 1840 2367 Turba

67 2386 90 2422 l.
118 2399 148 2422 c.
175 2387 238 2427 ΙΠ,
265 2387 365 2431 201).

187 2440 201 2461 2
226 2441 311 2476 Mal.
339 2441 372 2483 3,
399 2441 430 2475 3.

188 2495 201 2515 ³
228 2494 414 2536 Canisius,
451 2495 491 2528 ut
526 2506 572 2529 ex
606 2493 694 2539 ipsis
720 2493 777 2527 his
802 2492 936 2527 litteris
970 2494 1090 2538 patet,
1126 2492 1283 2527 nondum
1310 2494 1548 2536 cognoverat,
1582 2491 1619 2526 in
1653 2492 1732 2537 ipsa
1766 2504 1839 2527 ses-

65 2548 166 2582 sione
193 2547 319 2589 XXII„
348 2548 402 2582 17.
429 2546 651 2593 Septembris
676 2546 810 2588 habita,
837 2548 981 2591 praeter
1006 2545 1205 2580 doctrinam
1235 2545 1296 2590 (cf.
1322 2557 1432 2591 supra
1457 2557 1491 2591 p.
1516 2545 1602 2590 480)
1636 2546 1839 2588 „decretum

68 2601 111 2636 de
137 2601 372 2636 observandis
399 2603 435 2635 et
461 2600 642 2635 evitandis
668 2600 704 2634 in
739 2599 979 2634 celebratione
1004 2599 1157 2634 missae“
1197 2601 1234 2633 et
1264 2599 1464 2642 „decretum
1492 2599 1535 2633 de
1560 2598 1835 2634 reformatione⁴⁴

66 2655 183 2690 latum
208 2666 298 2696 esse,
325 2654 361 2688 in
388 2654 490 2688 cuius
509 2654 550 2688 11
583 2653 800 2698 „capitibus“
831 2653 946 2687 multa
972 2652 1015 2687 de
1040 2652 1118 2687 vita
1137 2654 1173 2687 et
1189 2652 1378 2687 honestate
1397 2652 1619 2694 clericorum,
1647 2653 1690 2686 de
1709 2652 1838 2688 officiis

67 2708 199 2743 divinis
234 2707 271 2741 in
306 2707 471 2742 ecclesiis
505 2706 775 2741 cathedralibus
810 2708 847 2740 et
872 2705 1123 2750 collegialibus
1152 2706 1346 2748 habendis,
1381 2706 1424 2740 de
1451 2706 1776 2751 dispensationibus
1803 2708 1839 2740 et

65 2760 379 2808 appellationibus,
407 2760 450 2794 de
482 2759 589 2803 „locis
614 2759 703 2805 piis“
719 2787 727 2801 ,
763 2759 806 2793 de
832 2758 933 2793 bonis
970 2758 1229 2794 ecclesiasticis
1263 2759 1520 2794 conservandis
1545 2759 1740 2793 salubriter
1764 2761 1837 2794 sta-

65 2815 272 2850 tuebantur.

187 2869 200 2888 ⁴
226 2866 366 2901 Bellum
392 2865 499 2900 civile
524 2865 805 2910 religiosumque
830 2865 867 2899 in
894 2864 1013 2900 Gallia
1038 2865 1133 2899 inter
1158 2865 1354 2900 catholicos
1381 2867 1417 2900 et
1442 2865 1681 2909 Hugonottos,
1708 2865 1837 2910 quibus

67 2922 234 2967 princeps
262 2919 449 2954 Condaeus
475 2920 652 2964 praeerat,
677 2931 724 2954 m.
751 2918 868 2964 Aprili
893 2930 925 2953 a.
955 2919 1045 2953 1562
1072 2921 1236 2953 exortum
1263 2919 1308 2953 ab
1333 2918 1391 2953 his
1416 2930 1548 2962 magna
1579 2930 1661 2954 cum
1686 2919 1837 2954 crudeli-

65 2977 144 3010 tate
170 2973 375 3018 gerebatur.

187 3028 201 3048 ⁵
227 3026 423 3070 Georgium
449 3024 721 3068 Kuklinowski,
749 3024 895 3069 Georgii
920 3025 1049 3060 Ticinii
1074 3029 1251 3071 nepotem,
1279 3025 1396 3060 dicere
1422 3025 1583 3067 videtum
1619 3025 1701 3060 vide
1727 3037 1836 3071 supra

187 3134 201 3154 ⁶
226 3133 282 3167 Ex
318 3133 490 3167 librorum
524 3134 687 3167 mercatu
727 3131 967 3175 „autumnali‘
996 3131 1227 3167 Francofurti
1264 3132 1309 3166 ad
1344 3132 1512 3167 Moenum
1545 3131 1671 3167 haberi
1709 3132 1834 3174 solit03

66 3187 150 3222 vide
175 3198 285 3232 supra
311 3198 344 3231 p.
371 3185 474 3236 23.8⁴·
