2093 3444
215 177 294 211 616.
332 175 483 211 Carolus
512 176 614 211 Grim
642 176 796 211 canisio.
841 175 1041 222 Oeniponte
1068 178 1223 211 exeunte
1249 189 1295 211 m.
1324 177 1471 212 Octobri
1501 178 1550 223 (2³)
1583 180 1684 214 1561.
1753 183 1837 224 273

60 293 158 336 uiae
191 293 466 335 absoluturos
489 292 647 334 Christi
679 293 963 347 benignitate.
1008 294 1204 336 Tridenti
1226 296 1402 336 auctum
1425 298 1492 337 est
1524 295 1608 337 illis
1631 296 1838 339 uiaticum

0 351 1 356 ¹
61 373 87 401 6
118 358 398 411 magnatibus
415 359 441 400 1.
486 357 678 399 Adiunxi
704 358 856 401 literas
889 359 944 400 ad
968 359 1351 414 Archiepiscopum
1366 361 1395 410 2,
1431 363 1475 402 et
1507 374 1634 414 spero
1666 361 1837 404 initium

62 423 241 477 Collegij
274 423 401 464 huius
433 422 616 465 Domino
650 423 842 474 iuuante,
875 438 1132 478 prosperum
1164 424 1270 467 fore.

180 487 427 542 OEniponti
474 487 536 530 sic
584 488 823 531 constituta
869 502 940 531 res
988 492 1081 540 est,
1128 492 1178 532 ut
1224 489 1362 532 nostri
1406 490 1606 533 habitare
1653 492 1834 545 possint,

61 553 133 608 qui
173 554 345 607 magnis
385 552 500 595 uotis
543 555 820 607 expetuntur.
885 554 1011 596 Vnde
1052 569 1138 596 non
1179 555 1314 597 semel
1356 555 1509 610 scripsi
1553 570 1736 610 rogans,
1788 560 1837 600 ut

58 619 176 661 illius
210 617 451 674 [collegij]³
482 618 595 661 ratio
638 618 824 673 diligens
864 619 1108 662 habeaturb
1150 633 1201 662 ac
1242 621 1478 675 necessarij
1520 625 1838 676 praeparentur

62 684 263 740 operarij.

179 748 277 803 Ago
322 749 491 803 gratias
536 749 600 792 Β.
644 750 690 792 Ρ.
730 750 796 793 t.3
841 763 952 803 quae
1002 764 1125 792 suam
1167 764 1343 804 operam
1377 750 1607 805 pollicetur
1647 752 1691 794 in
1734 767 1836 807 pro—

60 815 276 857 mouenda
309 815 526 858 aeclitione
558 829 673 857 noua
705 814 1014 865 Conciliorum,
1059 818 1103 858 et
1143 829 1250 869 rogo
1282 819 1331 858 ut
1363 816 1603 870 gratificari
1636 817 1839 871 dignetur

59 880 352 935 Typographo
386 879 620 922 coloniensi
652 894 792 933 aequa
823 880 1063 934 postulantj
1081 881 1109 923 4.

178 945 493 999 Wolfgangum
515 945 767 996 Bohemum,
802 959 828 987 a
860 944 996 987 sacris
1020 945 1275 996 arcebimus,
1310 946 1445 988 donec
1479 947 1640 990 certius
1673 947 1836 1002 aliquid

60 1011 112 1053 de
139 1010 230 1053 eius
253 1011 503 1053 ualetudine
526 1010 854 1065 comperiamus.
899 1010 1110 1052 Dominus
1131 1011 1303 1053 ‚JESVS
1327 1026 1449 1054 suam
1472 1013 1595 1055 nobis
1609 1019 1621 1033 ⁰
1645 1014 1836 1066 gratiam

59 1078 222 1130 augeat
252 1090 330 1131 per
372 1076 585 1118 sacrificia
627 1078 671 1118 et
702 1090 854 1130 preces
886 1075 937 1118 R.
972 1076 1020 1119 T.
1055 1075 1330 1130 omniumque
1364 1077 1564 1121 fratrum.
1629 1079 1836 1121 Dolemus

60 1141 310 1184 Gallicanas
332 1141 564 1184 cathedras
597 1141 651 1183 ab
683 1140 917 1184 haereticis
941 1142 1155 1195 occuparj‚
1190 1143 1234 1183 et
1256 1142 1417 1195 passim
1445 1142 1714 1187 inualescere
1746 1146 1835 1187 cal-

59 1206 281 1250 uinianam
307 1208 479 1249 'sectam
511 1206 555 1248 in
589 1206 834 1250 Germania.
899 1205 1127 1260 Augustae
1162 1208 1229 1249 26.
1266 1206 1465 1250 Octobris
1500 1210 1642 1252 ,1561.

1012 1290 1172 1332 Seruus
1205 1289 1248 1331 in
1281 1290 1450 1334 Christo
1483 1291 1530 1334 P.
1564 1291 1772 1335 Canisius.

933 1378 961 1430 Ἰ.

177 1458 235 1501 Al
278 1459 413 1502 molto
457 1459 715 1501 Reuerendo
759 1459 804 1501 in
848 1459 1019 1502 Christo
1064 1459 1206 1501 Padre
1252 1460 1337 1502 mio
1382 1461 1412 1502 il
1456 1462 1597 1504 Padre
1640 1463 1834 1506 Maestro

59 1525 239 1568 Jacomo
271 1525 468 1578 Laynez,
511 1524 768 1579 Praeposito
803 1525 1016 1567 Generale
1058 1525 1172 1567 della
1204 1525 1470 1580 Compagnia
1502 1527 1545 1570 di
1576 1528 1717 1571 JESV
1751 1531 1832 1571 etc.

1539 1600 1588 1641 In
1621 1600 1772 1643 Roma.

179 1670 365 1705 Salmeron
391 1670 534 1706 Canisio
559 1682 623 1716 per
648 1670 925 1705 Ribadeneiram
950 1671 1137 1716 rescripsit
1163 1672 1194 1706 8.
1221 1671 1436 1708 Novembris
1466 1674 1566 1708 1:361.

882 1796 1004 1838 616.

525 1895 591 1936 P.
624 1893 962 1938 GAROLUS
995 1894 1186 1938 GRIM
1219 1895 1275 1938 S.
1308 1896 1366 1939 J.

808 1990 1083 2039 CANISIO.

536 2091 738 2140 oenjponte
763 2092 919 2129 exeunte
944 2102 991 2128 111.
1019 2091 1169 2129 Octobri
1197 2092 1242 2139 (Ρ)
1268 2092 1355 2130 1561.

179 2176 234 2210 Ex
259 2187 407 2210 romana
436 2176 572 2209 Grimii
597 2175 753 2220 epistula
779 2174 1015 2220 autographa.
1067 2174 1152 2209 Cod.
1184 2174 1244 2218 „Gn
1271 2175 1338 2221 Ep.
1363 2176 1416 2210 11²
1448 2176 1472 2211 f.
1499 2177 1574 2212 842.

177 2229 344 2274 Epistula
369 2240 458 2263 usus
484 2230 540 2263 est
564 2229 680 2263 Kro'ss
704 2228 727 2262 1.
755 2240 783 2263 c.
811 2240 844 2273 p.
874 2228 952 2263 146.

182 2308 461 2351 Oem'pontanos,
497 2307 590 2350 quod
616 2307 876 2341 contionatores
908 2318 980 2341 non
1005 2306 1179 2352 habeant,
1213 2308 1287 2341 nisi
1321 2307 1420 2341 valde
1453 2308 1608 2352 ineptos,
1645 2309 1832 2343 Sociorum

58 2361 244 2394 adventum
269 2360 482 2394 vehementer
507 2365 674 2404 expetere.

177 2449 227 2491 P.
268 2448 446 2491 Carolus
487 2448 611 2490 Grim
649 2449 692 2492 S.
726 2449 784 2503 J„
827 2451 901 2505 qui
940 2464 993 2492 m.
1032 2450 1223 2505 Auyusto
1262 2452 1377 2493 1561
1417 2451 1670 2506 praesidum
1709 2452 1830 2492 iussu

62 2514 308 2556 Vindobona
351 2514 618 2570 Oenipontem
662 2515 721 2556 ad
758 2516 977 2558 Societatis
1018 2515 1231 2570 colleqium
1264 2517 1621 2571 praeparandum
1661 2523 1831 2558 venerat

58 2577 115 2630 (v.
149 2593 282 2635 supra
313 2594 358 2635 p.
392 2579 522 2631 203),
564 2579 664 2621 inde
698 2581 736 2621 1.
771 2580 1019 2622 Novembris
1052 2581 1164 2622 1561
1206 2581 1266 2621 acl
1297 2580 1438 2623 Socios
1478 2595 1676 2623 romanos
1715 2582 1829 2635 haec7

57 2649 228 2699 praeter
259 2645 369 2699 alia,
414 2645 465 2686 de
498 2644 803 2699 Oenipontanis
844 2646 1036 2700 scripsit:
1080 2644 1330 2700 „Oppidani
1369 2646 1495 2687 etiam
1535 2651 1698 2687 nostros
1738 2660 1830 2687 cum

60 2709 271 2751 desiderio
305 2713 562 2765 aspectant,
600 2711 824 2765 presertim
857 2715 995 2752 autem
1033 2712 1217 2753 clamant
1254 2725 1332 2765 pro
1371 2711 1657 2753 concionatore
1689 2711 1830 2766 aliquo

61 2774 164 2816 bono
196 2789 357 2830 omnes,
403 2779 437 2816 et
468 2789 570 2816 sane
610 2789 693 2816 non
728 2776 820 2817 sine
852 2789 1004 2829 causa,
1047 2776 1148 2831 qaia
1183 2780 1403 2830 postquam
1443 2776 1695 2818 ordinarius
1736 2789 1828 2817 con-

177 2922 193 2938 a
219 2918 296 2952 Vel:
322 2917 421 2952 illius
446 2918 559 2963 vrbis,
583 2919 635 2953 vel
659 2920 800 2963 aliquid
824 2920 948 2953 simile.
1046 2919 1062 2939 ¹³
1086 2918 1221 2954 habeat
1246 2931 1304 2964 ap.
1403 2926 1415 2939 ⁰
1439 2919 1542 2954 nabis
1568 2930 1625 2963 ap.

182 3054 193 3074 ¹
219 3052 369 3088 Concilii
392 3052 536 3097 legatis,
562 3052 742 3098 episcopis
768 3053 835 3086 etc.
935 3051 949 3072 2
973 3050 1162 3087 Danielem
1187 3051 1342 3086 Brendel
1367 3051 1411 3086 ab
1438 3051 1636 3095 Homburg.

181 3108 194 3127 ³
219 3106 463 3141 Salmeronem
488 3106 689 3150 significat;
715 3105 799 3139 vide
825 3116 935 3149 supra
960 3117 993 3150 p.
1021 3105 1103 3140 242.

179 3161 192 3181 ⁴
219 3159 272 3194 Cf.
299 3171 409 3205 supra
434 3172 468 3205 p.
494 3160 576 3194 241.

129 3225 153 3249 B
162 3230 279 3250 rauns
288 3224 440 3257 berger,
461 3225 572 3250 canisii
584 3223 743 3255 Epistulae
760 3224 790 3248 et
804 3223 888 3248 Acta.
906 3223 959 3247 ΠΙ.
1506 3220 1548 3250 18
