2093 3444
700 173 900 219 Oeniponte
925 174 958 208 4.
985 174 1072 208 Maii
1102 174 1202 209 1562.
1753 179 1837 219 427

181 294 384 346 Agnosco
418 294 463 334 et
495 291 841 334 beneuolentiam
875 306 980 345 erga
1012 306 1080 334 me
1113 292 1400 346 singularem,
1441 293 1554 346 quod
1587 307 1729 334 meum
1763 293 1838 335 ad-

62 361 240 401 uentum
273 360 478 412 expectet
521 357 711 410 dignitas
752 358 882 407 tua1‚
926 357 994 399 cui
1037 371 1117 411 ego
1150 357 1318 400 vtinam
1359 357 1403 398 in
1447 358 1561 399 omni
1603 358 1839 400 offitiorum

61 437 222 477 genere
254 425 428 477 gratum
462 422 624 476 aliquid
658 422 830 464 efficere
863 422 1037 476 possim.
1102 423 1186 464 Cur
1228 425 1375 465 autem
1412 422 1493 464 1100
1525 426 1722 477 tempore
1754 438 1839 465 non

63 489 290 540 accedam,
335 488 499 531 multae
542 490 586 530 et
627 502 787 540 graues
829 501 986 529 causae
1028 488 1271 542 prohibent.
1340 488 1531 530 Primum
1574 489 1687 541 quod
1727 489 1840 530 hunc

62 554 406 607 qualemcunque
425 567 655 595 excursum
680 553 734 594 ad
754 552 1102 607 Oenipontanum
1127 553 1358 607 collegium
1380 556 1575 596 nostrum
1600 553 1840 607 aegerrime

62 619 278 673 potuerim
321 619 374 661 ab
415 618 687 672 Augustanis
729 617 836 659 meis
877 617 1167 672 iinpetrare2‚
1215 618 1368 672 quibus
1414 621 1458 660 et
1499 619 1838 673 promittendum

62 683 168 736 fuit,
211 698 279 726 me
320 699 407 726 non
440 685 713 726 deserturum
756 683 1009 725 cathedram
1051 683 1105 725 ad
1147 683 1284 726 festos
1318 684 1409 726 dies
1440 684 1756 726 Pentecostes3
1796 687 1840 726 et

61 764 140 804 per
172 752 269 792 octo
312 752 630 804 consequentes
670 748 822 799 ferias,
867 762 978 802 quae
1021 749 1072 790 de
1113 749 1314 792 sanctiss.
1349 749 1505 792 Christi
1541 763 1721 804 corpore
1754 763 1839 791 non

62 815 156 857 sine
179 815 432 869 quotidiana
455 814 655 858 contione
678 813 906 867 Augustae
936 814 1171 856 solenniter
1194 815 1481 858 celebrantur.
1526 815 1840 857 Desiderabam

62 894 168 923 sane
200 894 495 923 successorem
526 880 570 922 in
602 880 682 921 1100
715 893 892 921 1111111010
925 879 1029 920 1111111
1062 879 1327 934 contingere,
1362 880 1435 933 qui
1467 881 1690 935 suppleret
1723 881 1840 922 vices

63 946 279 989 absentis:
323 961 475 988 uerum
507 945 579 987 diu
612 944 838 998 quaerenti
879 945 1022 986 nullus
1056 959 1101 986 se
1135 945 1303 988 obtulit.
1370 945 1534 989 Omitto
1571 946 1725 1000 quibus
1759 960 1838 999 ego

63 1011 177 1053 curis
208 1012 335 1054 modo
368 1025 563 1066 premar,
607 1011 706 1052 dum
740 1009 935 1064 collegijs
968 1009 1128 1052 nostris
1163 1011 1408 1065 prospicere
1442 1025 1594 1065 cogor,
1638 1014 1688 1054 vt
1729 1011 1839 1054 citra

61 1076 234 1119 illorum
275 1091 412 1130 graue
454 1076 763 1119 detrimentum
804 1075 919 1117 haud
961 1075 1092 1118 facile
1132 1075 1293 1130 possim
1337 1077 1502 1119 abesse.
1567 1077 1673 1118 Tum
1716 1076 1839 1119 nouit

62 1142 278 1197 sapientia
309 1145 408 1191 tua,
451 1156 605 1196 parum
648 1156 673 1184 a
711 1155 778 1183 me
820 1141 1044 1195 expectari
1078 1155 1204 1195 posse
1246 1145 1290 1184 et
1322 1142 1480 1196 accipi,
1524 1142 1637 1196 quod
1679 1141 1751 1197 alij
1795 1144 1839 1184 et

64 1207 302 1259 doctiores,
349 1210 393 1250 et
436 1222 581 1250 rerum
625 1206 982 1250 Germanicarum
1026 1206 1254 1260 peritiores
1295 1221 1380 1249 non
1422 1211 1664 1261 suggerant
1705 1210 1838 1261 atque

61 1273 347 1328 perscribant.
410 1273 572 1315 Veniet
603 1275 750 1315 autem
781 1272 924 1315 isthuc
958 1286 1041 1314 non
1075 1272 1210 1314 multo
1245 1275 1343 1327 post
1375 1273 1657 1327 Praepositus
1688 1276 1838 1316 noster

62 1339 301 1393 generalis,
335 1338 483 1381 veniet
515 1339 680 1381 Doctor
711 1337 960 1393 Alphonsus
995 1337 1240 1389 Sahneron,
1281 1339 1394 1391 quod
1425 1341 1657 1392 vti-umque
1688 1338 1837 1382 iubeat

61 1404 188 1447 Pont.
221 1405 340 1447 Max.
374 1404 561 1446 Concilio
603 1403 828 1446 interesse.
892 1403 987 1445 Nec
1029 1403 1199 1454 dubito,
1243 1403 1345 1457 quin
1386 1405 1511 1446 ambo
1552 1404 1712 1447 facturi
1750 1404 1838 1446 sint

62 1470 171 1513 satis
213 1472 258 1512 et
298 1484 375 1512 suo
417 1469 605 1520 muneri,
650 1472 694 1512 et
733 1470 944 1511 bonorum
987 1469 1294 1523 expectationi.
1362 1467 1503 1519 Quare
1544 1469 1751 1512 maiorem
1792 1469 1835 1511 in

62 1536 236 1578 modum
270 1550 344 1578 010
378 1538 422 1578 et
455 1536 632 1578 obsecro
656 1535 764 1578 Cels.
799 1537 933 1585 tuam,
967 1538 1016 1577 vt
1048 1535 1204 1576 bonam
1236 1534 1279 1576 in
1304 1538 1474 1589 partem
1508 1535 1694 1590 accipiat
1725 1535 1837 1577 hanc

62 1615 205 1644 meam
238 1601 587 1652 excusationem,
630 1600 821 1654 nihilque
862 1603 987 1655 putet
1027 1599 1095 1642 hic
1137 1614 1163 1642 a
1203 1614 1271 1642 me
1304 1600 1494 1654 spectari
1525 1601 1663 1652 aliud,
1708 1615 1835 1654 quam

64 1667 177 1721 quod
210 1667 409 1710 studeam
443 1666 575 1709 diuini
607 1666 793 1708 nominis
825 1665 1013 1720 gloriae,
1058 1667 1102 1708 et
1135 1666 1377 1708 existimem
1412 1665 1599 1720 plurium
1631 1665 1763 1709 saluti
1795 1665 1838 1707 id

63 1732 351 1787 profuturum,
386 1732 423 1774 si
444 1733 607 1775 festum
630 1732 742 1774 diem
765 1732 1047 1774 pentecostes
1070 1730 1298 1784 Augustae
1319 1731 1464 1785 potius
1491 1745 1620 1784 quam
1643 1731 1838 1773 Tridenti

65 1798 356 1850 celebrauero,
381 1798 551 1841 Christo
575 1800 806 1840 annuente.
851 1797 981 1839 Aliud
1005 1811 1099 1839 esse
1122 1800 1226 1852 puto
1251 1797 1363 1850 quod
1386 1811 1463 1851 per
1485 1797 1838 1839 Jllustrissimum

65 1863 337 1906 Cardinalem
363 1862 669 1917 Augustalium
702 1863 827 1905 licet:
861 1863 977 1905 aliud
1011 1863 1123 1915 quod
1157 1862 1333 1916 expedit
1364 1862 1407 1903 in
1438 1862 1660 1916 praesenti
1693 1876 1836 1905 causa.

183 1929 312 1972 Mitto
345 1928 606 1972 Saxonicum
638 1929 905 1983 prodigium,
950 1929 1060 1982 quod
1103 1927 1278 1969 minime
1309 1942 1471 1969 vanum
1512 1942 1608 1970 esse
1641 1927 1839 1970 fatentur

64 1994 317 2049 aduersarij.
361 1994 504 2038 Notus
537 1997 604 2037 est
635 1995 807 2037 libellus
840 2008 967 2047 quem
990 1993 1179 2044 adiunxi,
1214 1993 1368 2046 dignus
1392 1993 1642 2036 Lutherana
1675 1993 1836 2044 schola,

66 2074 176 2114 quae
219 2074 345 2103 sacra
387 2060 531 2103 ridere
573 2060 720 2112 docet,
765 2064 896 2113 atque
942 2058 1105 2113 optima
1147 2073 1343 2112 quaeque
1385 2059 1637 2101 calumniari
1679 2059 1791 2102 solet
1807 2062 1837 2102 4.

65 2125 275 2169 Dominus
306 2126 501 2169 fortunet
533 2125 770 2168 sessionem
801 2125 1043 2180 proximam
1061 2126 1089 2174 5,
1125 2127 1169 2166 et
1200 2123 1551 2166 Jllustrissimam
1574 2124 1682 2166 Cels.
1716 2128 1838 2167 tuam

66 2191 137 2234 diu
170 2191 379 2246 sospitem
411 2194 559 2234 seruet
590 2191 827 2234 Ecclesiae.
893 2189 1123 2244 Oeniponti
1157 2191 1182 2231 4
1216 2189 1332 2244 Maii,
1370 2191 1524 2232 15622.

1017 2272 1176 2314 Seruus
1207 2271 1252 2313 in
1284 2271 1453 2314 Christo
1486 2272 1532 2315 P.
1568 2272 1777 2315 Canisius.

184 2357 213 2410 †
259 2356 637 2399 Reuerendissimo
696 2356 740 2398 in
793 2355 962 2398 Christo
1019 2354 1134 2409 patri
1187 2357 1231 2397 et
1282 2354 1588 2397 Jllustrissimo
1640 2355 1838 2405 Domino,

65 2423 117 2465 D.
149 2422 368 2465 Stanislao
390 2421 538 2473 Hosio,
573 2421 851 2465 Vuarmiensi
872 2420 1089 2462 Cardinali
1123 2423 1166 2463 et
1189 2419 1416 2474 Episcopo,
1453 2420 1494 2463 S.
1519 2420 1682 2474 Synodi
1713 2435 1841 2475 prae-

67 2487 161 2538 sidi,
194 2488 386 2530 Patrono
420 2487 700 2542 amplissimo.
764 2485 974 2528 Tridenti.

185 2568 414 2614 Inscriptioni
431 2568 557 2603 harum
575 2568 778 2602 litterarum
805 2578 913 2601 manu
932 2566 1092 2601 eiusdem
1109 2566 1283 2611 temporis
1309 2566 1520 2600 adnotatum
1539 2567 1612 2601 est:
1644 2566 1840 2609 „Redditae

68 2621 89 2657 8
114 2621 187 2668 maj
216 2622 337 2657 1562.“

186 2740 200 2755 a
229 2735 338 2779 Θρηίκη
365 2746 429 2769 om.
455 2746 505 2769 vv.
531 2746 604 2779 sqq.

188 2845 199 2865 ¹
226 2844 359 2879 Hosius
385 2856 428 2879 ea
453 2845 496 2879 de
522 2856 560 2878 re
585 2855 649 2889 per
676 2843 714 2877 P.
741 2841 1004 2885 Wolfgangum
1030 2840 1177 2884 Georgii
1212 2841 1360 2885 eiusque
1385 2840 1511 2882 socios,
1538 2852 1602 2886 per
1627 2840 1840 2876 Tridentum

65 2900 308 2940 transeuntes,
337 2897 479 2933 Canisio
506 2897 567 2931 vel
592 2897 733 2931 litteras
759 2895 819 2929 vel
844 2894 1011 2928 nuntium
1036 2893 1195 2935 miserim
1223 2894 1268 2928 cf.
1296 2906 1405 2939 supra
1431 2906 1465 2939 p.
1491 2894 1573 2929 406.

188 2952 201 2972 ²
229 2951 281 2986 Cf.
309 2963 418 2997 supra
443 2963 478 2997 p.
503 2951 585 2985 423.

188 3006 200 3025 ³
227 3005 414 3040 Dominica
439 3004 674 3038 Pentecostes
702 3003 756 3036 17.
783 3001 872 3036 Maii
897 3001 1021 3035 futura
1049 3002 1137 3035 erat.

187 3060 200 3079 4
225 3058 278 3092 De
303 3058 372 3093 hoc
396 3057 516 3093 libello
543 3068 584 3091 ac
610 3056 653 3090 de
683 3054 880 3098 „saxonico
897 3053 1079 3099 prodigi&
1110 3053 1204 3096 vide,
1231 3065 1323 3098 quae
1349 3054 1415 3088 sub
1443 3054 1560 3100 ipsam
1587 3054 1681 3089 hanc
1707 3055 1838 3101 epistu-

69 3111 142 3146 lam
167 3112 381 3146 scribentur.

189 3165 201 3185 ⁵
226 3165 265 3199 111
293 3166 325 3200 2.
355 3164 442 3208 (18.)
472 3163 632 3198 sessione
659 3161 896 3196 constitutum
923 3163 1010 3203 erat,
1036 3163 1077 3195 ut
1101 3161 1266 3206 proxima
1295 3161 1348 3195 14.
1376 3160 1464 3195 Maii
1489 3161 1694 3197 haberetur.
