2093 3444
153 307 241 342 1561

152 467 239 502 1561

152 628 240 662 1561

151 788 238 823 1561

152 842 239 876 1561

151 896 238 930 1561

151 1111 238 1144 1561

148 1306 247 1344 1561

151 1457 238 1490 1561

149 1617 237 1651 1561

151 1778 237 1812 1561

150 1938 237 1973 1561

151 2046 238 2080 1561

150 2153 238 2188 1561

151 2260 239 2294 1561

152 2423 239 2457 1561

152 2530 239 2564 1561

151 2637 239 2671 1561

151 2744 238 2778 1561

153 2905 239 2940 1561

139 3050 251 3092 1561

626 191 715 225 1561
745 191 837 235 Aug.
865 192 920 226 24.
949 212 994 215 -
1024 193 1111 227 1561
1140 192 1225 227 Dec.
1254 193 1310 228 28.
1737 210 1854 238 XLIII

451 306 541 342 Nov.
573 308 602 342 1.

450 466 541 501 Nov.
570 467 602 502 2.

450 627 541 662 Nov.
569 628 600 662 9.

439 787 529 822 Nov.
560 788 613 822 11.

438 841 528 876 Nov.
560 842 612 876 16.

437 895 529 929 Nov.
557 895 612 929 23.

438 1110 528 1145 Nov.
557 1111 612 1145 30.

374 1310 543 1344 exeunte
574 1320 676 1345 anno

335 1362 336 1405 ἶ
410 1368 473 1414 (m.
504 1366 645 1413 Nov.?)

455 1457 540 1492 Dec.
570 1460 598 1492 1.

334 1629 335 1650 i
454 1618 539 1654 Dec.
567 1619 599 1654 3.

455 1779 540 1814 Dec.
567 1781 600 1815 4.

454 1939 539 1976 Dec.
567 1942 598 1975 5.

454 2047 539 2083 Dec.
568 2049 599 2083 7.

454 2155 539 2190 Dec.
567 2155 599 2190 8.

442 2262 527 2296 Dec.
558 2263 610 2297 10.

442 2424 527 2458 Dec.
558 2425 611 2459 10.

441 2531 527 2565 Dec.
557 2532 610 2565 12.

336 2653 337 2667 1
354 2650 400 2673 m.
421 2638 505 2673 Dec.
530 2639 611 2682 (sub
629 2650 699 2673 me-

451 2692 548 2726 dium
559 2694 593 2735 2³)

442 2746 527 2780 Dec.
558 2748 610 2781 14.

443 2905 528 2940 Dec.
558 2907 612 2941 15.

337 3028 700 3106 }a14.—28.De0.
721 3039 723 3048 ’

741 307 846 342 Festo
874 307 1041 342 Omnium
1069 308 1283 344 Sanctorum
1318 310 1449 345 ibidem
1485 311 1528 344 de
1554 311 1691 346 sanctis
1718 324 1855 346 eorum-

801 373 870 458 ?ue
908 361 1013 396 festis
1052 362 1211 397 colendis
1246 363 1437 407 [adversus
1472 364 1729 410 protestantes]
1770 365 1855 400 dicit

819 415 939 450 617¹).

721 456 841 502 ¹Dom.
869 468 1000 503 XXIII.
1028 481 1061 514 p.
1089 469 1191 504 Pent.
1229 473 1264 505 et
1299 470 1356 504 die
1387 470 1765 513 „commemorationis
1797 473 1854 507 de-

799 521 1024 556 funct0r11n1“
1055 522 1187 557 ibidem
1220 523 1263 557 de
1290 524 1498 569 purgatorio
1534 526 1570 558 et
1597 525 1639 559 de
1666 525 1854 560 animabus

799 575 1051 610 defunctorum
1082 575 1250 611 iuvandis
1277 577 1363 611 dicit
1392 577 1506 621 (617).

739 627 840 662 Dom.
856 628 988 664 XXIV.
1004 641 1036 674 p.
1052 629 1155 664 Pent.
1174 630 1305 665 ibidem
1326 631 1368 665 de
1387 631 1501 676 primo
1519 635 1711 677 praecepto
1732 631 1855 677 [caeri-

799 683 927 716 moniis
954 683 1159 717 libertatem
1186 683 1421 719 christianam
1448 697 1518 719 non
1544 685 1636 729 tolli]
1668 688 1703 720 et
1730 686 1772 720 de
1799 698 1854 720 ev.

799 735 868 769 diei
896 736 982 770 dicit
1012 736 1126 780 (620).

738 787 804 822 Die
832 788 866 823 S.
892 789 1040 823 Martini
1067 790 1197 824 ibidem
1227 791 1455 825 contionatur
1485 792 1599 835 (617).

738 841 839 876 Dom.
867 842 980 877 XXV.
1007 855 1040 888 p.
1069 843 1172 878 Pent.
1200 844 1332 879 ibidem
1359 845 1588 879 contionatur
1615 844 1661 890 [P]
1693 846 1807 888 (617).

738 895 838 930 Dom.
866 896 992 930 ultima
1018 909 1051 942 p.
1079 897 1182 931 Pent.
1210 897 1342 932 ibidem
1375 899 1417 933 de
1453 899 1679 933 caerimoniis
1706 899 1793 934 dicit
1819 902 1854 933 et

799 961 843 983 ex
871 961 926 984 ev.
954 950 1023 984 diei
1049 950 1252 993 auditores,
1283 954 1323 986 ut
1356 964 1489 996 egenos
1521 953 1695 987 adiuvent
1729 955 1766 988 et
1791 953 1853 987 im-

797 1003 923 1047 primis
941 1015 1118 1049 pauperes
1136 1004 1341 1039 litterarum
1360 1006 1541 1041 studiosos
1558 1007 1728 1047 vestiant,
1748 1010 1853 1050 rogat

801 1056 895 1095 (620.
924 1057 1023 1101 628).

737 1109 838 1144 Dom.
859 1111 884 1144 I.
905 1112 1094 1146 Adventus
1116 1114 1152 1146 et
1176 1112 1270 1146 festo
1290 1112 1323 1147 S.
1343 1114 1509 1148 Andreae
1535 1113 1667 1148 ibidem
1695 1114 1737 1148 de
1757 1114 1850 1148 sacri

797 1164 986 1199 Adventus
1005 1165 1142 1199 ratione
1161 1178 1273 1210 eoque
1291 1169 1388 1201 recte
1407 1168 1546 1211 agendo
1571 1169 1607 1202 et
1625 1168 1668 1202 de
1687 1167 1851 1212 exemplo

799 1217 832 1252 S.
859 1218 1025 1252 Andreae
1052 1218 1139 1253 dicit
1169 1219 1282 1260 (617).

740 1307 939 1355 Epistulas
959 1308 996 1345 S.
1012 1308 1241 1358 Hieronymi
1270 1309 1422 1346 selectas
1442 1311 1482 1347 m
1505 1322 1613 1347 usum
1637 1311 1851 1348 scleolarmn

798 1367 977 1415 De'le‘nqae
1007 1369 1151 1417 emfclglat
1182 1367 1302 1415 (783).

738 1457 816 1491 Fer.
844 1457 889 1491 II.
917 1458 1143 1492 contionatur
1172 1458 1208 1492 in
1234 1458 1368 1504 templo
1389 1458 1423 1493 S.
1444 1459 1588 1493 Ioannis
1615 1459 1658 1493 de
1685 1471 1851 1504 supremo

798 1510 928 1545 iudicio
960 1510 1037 1555 [cur
1072 1512 1154 1554 fiat,
1191 1524 1254 1546 cur
1289 1512 1574 1547 consideratione
1607 1513 1754 1557 dignum
1790 1512 1851 1557 sit]

802 1564 897 1608 (619.
925 1565 1004 1599 620.
1032 1566 1130 1605 622).

739 1619 775 1652 F.
804 1618 865 1653 IV.
893 1618 1120 1654 contionatur
1147 1619 1278 1654 ibidem
1304 1620 1347 1654 de
1373 1631 1541 1665 supremo
1568 1620 1698 1655 iudicio
1726 1619 1851 1664 [incer—

798 1673 875 1706 tum
911 1683 1010 1714 esse,
1047 1673 1188 1717 quando
1214 1673 1378 1708 futurum
1404 1673 1466 1718 sit]
1505 1675 1541 1708 et
1570 1674 1613 1708 de
1644 1674 1846 1719 „Episto]a“

799 1726 868 1760 diei
898 1726 993 1764 (617.
1021 1727 1099 1761 619.
1127 1727 1225 1765 622).

738 1779 842 1814 Nova
868 1791 913 1813 ex
940 1780 1133 1815 Germania
1159 1793 1200 1815 ac
1224 1780 1390 1815 Timanni
1417 1783 1453 1815 et
1483 1782 1538 1824 (ut
1563 1781 1723 1824 videtur)
1752 1781 1850 1815 Men—

798 1833 879 1867 celii
916 1833 1187 1869 lutheranorum
1225 1834 1336 1869 libros
1372 1834 1583 1869 Tridentum
1619 1835 1663 1869 ad
1699 1835 1849 1870 Hosium

798 1887 911 1921 mittit
941 1887 1054 1931 (319).

718 1940 775 1995 (F.
802 1940 864 1975 VI.
898 1941 1125 1976 contionatur
1150 1942 1186 1976 in
1220 1941 1355 1987 templo
1383 1941 1416 1976 S.
1444 1942 1588 1977 Ioannis
1623 1943 1665 1976 de
1691 1943 1850 1987 supremi

796 1994 919 2029 iudicii
949 1995 1102 2038 „signis“
1133 1998 1169 2030 et
1195 1996 1237 2030 de
1268 1996 1470 2041 „Epist01a“
1501 1995 1570 2030 diei
1599 1996 1694 2039 (622.
1723 1996 1820 2039 646).

718 2036 839 2105 {Dom.
868 2048 910 2082 II.
939 2049 1031 2084 Adv.
1066 2049 1103 2083 in
1138 2049 1291 2084 ecclesia
1326 2049 1526 2084 cathedrali
1556 2050 1598 2084 de
1625 2049 1849 2084 Antichristo

797 2101 1024 2136 contionatur
1052 2103 1146 2146 (622.
1174 2104 1273 2147 632).

718 2133 720 2197 1,
738 2155 845 2190 Festo
865 2155 1117 2201 Conceptionis
1134 2156 1175 2190 B.
1194 2157 1242 2191 M.
1261 2157 1305 2191 V.
1325 2157 1552 2191 contionatur
1578 2157 1620 2191 de
1643 2156 1844 2202 ⁷‚Epistola“

800 2209 868 2243 diei
895 2212 931 2244 et
957 2210 1000 2244 de
1026 2210 1141 2244 Maria
1168 2210 1244 2245 sine
1273 2212 1422 2256 peccato
1448 2212 1621 2255 concepta
1651 2210 1765 2254 (617).

719 2248 777 2314 (F.
805 2263 866 2298 IV.
894 2263 1121 2298 contionatur
1145 2264 1181 2298 in
1207 2264 1342 2309 templo
1363 2263 1397 2298 S.
1418 2264 1573 2304 Ioannis,
1608 2263 1846 2309 „Epistolaw

800 2316 869 2351 diei
892 2317 937 2351 ad
956 2318 1108 2362 primum
1133 2320 1170 2352 et
1187 2317 1340 2352 alterum
1361 2317 1495 2351 Christi
1513 2317 1708 2352 adventum
1732 2318 1852 2361 (sigua

797 2371 968 2405 instantis
995 2370 1155 2416 supremi
1180 2371 1316 2415 iudicii)
1340 2371 1614 2406 accommodans
1636 2371 1732 2410 (617.
1752 2371 1850 2414 622).

740 2424 882 2458 Clebitii
925 2424 1098 2467 „Ruinam
1138 2427 1291 2470 papatus
1333 2425 1514 2459 saxonici“
1557 2424 1769 2459 Tridentum
1807 2425 1851 2459 ad

799 2478 950 2512 Hosium
977 2478 1090 2513 mittit
1120 2478 1233 2522 (325).

739 2531 777 2566 F.
796 2531 857 2566 VI.
876 2531 913 2566 in
938 2532 1072 2577 templo
1093 2532 1125 2567 S.
1145 2532 1289 2566 Ioannis
1308 2532 1350 2566 de
1368 2531 1495 2566 ultimo
1514 2531 1645 2566 iudicio
1665 2532 1762 2576 [igne
1782 2535 1850 2566 ter-

797 2597 874 2619 ram
889 2585 1160 2630 consumpturo]
1176 2588 1211 2620 et
1225 2586 1268 2620 de
1280 2585 1441 2630 Epistola
1456 2585 1525 2620 diei
1539 2585 1627 2620 dicit
1641 2585 1736 2629 (617.
1752 2586 1849 2629 622).

738 2638 914 2673 Hercules
933 2639 1126 2674 cardinalis
1145 2640 1316 2682 Gonzaga
1330 2639 1500 2674 Tridento
1516 2638 1703 2684 Oampegii
1720 2639 1851 2672 librum

802 2691 874 2735 ⁴.De
901 2692 1116 2727 auctoritate
1142 2693 1394 2728 conciliorum“
1426 2692 1569 2727 Canisio
1594 2693 1708 2726 mittit
1736 2692 1848 2735 (346).

720 2752 721 2793 ᾖ
738 2745 839 2780 Dom.
859 2746 921 2780 III.
940 2746 1032 2781 Adv.
1054 2746 1219 2781 Canisius
1244 2746 1280 2780 in
1307 2747 1394 2781 aede
1414 2747 1573 2781 maxima
1593 2746 1635 2780 de
1663 2745 1851 2788 evangelio

799 2799 868 2833 diei
904 2799 990 2833 dicit
1025 2802 1060 2834 et
1089 2800 1283 2834 iubilaeum
1311 2811 1331 2834 a
1356 2800 1421 2834 Pio
1447 2799 1508 2834 IV.
1537 2811 1746 2834 concessum
1772 2810 1850 2843 pro-

799 2853 941 2896 mulgat
969 2853 1086 2896 (603⁶.
1113 2854 1192 2887 622.
1221 2853 1301 2887 631.
1329 2853 1426 2889 632).

740 2906 777 2940 F.
797 2906 840 2940 II.
859 2907 895 2940 in
918 2906 1052 2951 templo
1071 2906 1105 2941 S.
1125 2907 1269 2941 Ioannis
1288 2907 1330 2941 de
1348 2907 1610 2941 resurrectione
1628 2906 1850 2939 mortuorum

800 2962 836 2994 et
862 2960 904 2994 de
928 2960 1128 3005 „Epistola“
1149 2960 1289 2994 Domin.
1314 2960 1509 3005 superioris
1527 2959 1614 2994 dicit
1635 2959 1730 3002 (622.
1750 2958 1848 3002 634).

739 3050 852 3091 Dum
874 3048 1102 3102 Augustae
1124 3048 1356 3091 iubilaeum
1380 3048 1539 3102 agitur,
1567 3048 1847 3104 plurimorum

799 3115 1091 3157 confessiones
1110 3114 1271 3168 excipit
1287 3114 1533 3167 multosque
1549 3116 1849 3168 protestantes

799 3180 853 3222 ad
887 3179 1113 3222 ecclesiam
1146 3179 1315 3222 reducit
1348 3179 1466 3232 (336.
1502 3179 1768 3232 601—605).
