2093 3444
500 170 667 214 Augusta
694 170 964 206 Vindelicorum
991 172 1046 207 30.
1074 172 1289 207 Novembris
1320 174 1420 208 1561.
1763 179 1847 219 309

70 287 468 342 superintendentis
510 288 751 330 extendant
792 303 909 340 sese,
956 304 1009 332 ne
1051 291 1165 333 alter
1206 291 1392 333 alterum
1435 291 1658 346 impediat.
1723 292 1850 335 Certe

70 353 191 395 valet
222 352 377 395 iudicio
410 353 536 395 Doct.
570 352 754 404 Paulus,
798 355 872 396 sed
909 355 981 408 qui
1023 358 1200 398 veretur
1232 357 1358 399 Doct.
1393 356 1633 399 Victoriam
1669 393 1677 401 .
1711 358 1761 400 Js
1794 358 1850 400 ad

69 418 301 473 profitendi
323 432 478 460 munus
510 421 659 472 posset
682 419 902 471 accedere,
938 421 1051 473 quod
1073 421 1116 462 in
1139 421 1380 464 Rectoratu
1404 436 1534 476 saepe
1559 422 1678 477 obijt,
1713 437 1850 476 eoque

70 483 279 526 delectari
310 483 554 526 uidebatur.
599 483 802 537 Alioquin
827 485 1022 528 Viennae
1054 501 1139 528 non
1171 486 1234 529 ita
1266 487 1415 530 multis
1437 487 1711 541 impedietur,
1747 489 1849 542 quin

69 548 312 591 huiusmodi
336 549 567 591 lectionem
600 549 820 603 suscipere
842 551 992 604 possit,
1027 551 1063 593 si
1085 566 1170 593 non
1192 551 1236 593 in
1260 552 1409 595 schola
1430 553 1616 607 publica,
1651 556 1698 595 at
1731 557 1850 596 certe

70 613 243 668 quidem
276 614 403 665 domi,
438 614 507 656 ubi
542 614 726 669 posthac
758 615 915 658 statuit
947 616 1229 670 Theologiam
1261 618 1599 672 praelegendam
1632 633 1726 661 esse
1745 620 1773 662 1.

191 679 373 734 Scripsit
415 680 469 721 ad
511 693 579 721 me
612 679 772 721 Caesar
804 681 908 723 Doc.
942 681 1254 724 11311111011111112
1286 686 1512 736 repetens,
1557 698 1683 736 quem
1718 683 1850 726 Oeni-

71 744 274 799 pontanis
307 745 401 787 dari
435 745 780 787 contionatorem
813 746 959 796 uellet,
995 746 1055 788 sic
1088 747 1345 801 vrgentibus
1378 748 1470 790 01113
1503 749 1694 791 Filiabus
1710 750 1739 791 3.
1791 751 1850 792 Et

70 810 267 853 Viennae
309 810 436 853 audio
478 824 685 864 magnum
718 811 920 853 Doctoris
959 812 1181 855 Lamberti
1223 813 1484 856 desiderium
1527 828 1643 865 esse,
1687 818 1736 857 ut
1777 815 1850 869 qui

71 876 189 918 solus
221 876 336 930 apud
369 876 600 918 0303310111
634 878 678 919 et
712 876 951 918 Germanos
984 877 1118 931 pluris
1153 879 1430 930 aestimetur,
1474 894 1603 933 quam
1635 881 1849 923 Doctores

71 944 260 995 quatuor
301 942 355 984 ad
391 942 670 984 Germanicas
705 942 928 991 contiones
950 942 1096 997 inepti
1112 943 1140 986 4.
1205 944 1326 986 Haec
1365 944 1548 987 dixerim
1581 960 1666 992 non
1699 948 1748 1001 ut
1778 960 1848 988 me

71 1021 284 1061 opponam
330 1007 487 1050 iudicio
529 1007 580 1050 R.
620 1007 666 1050 P.
709 1007 955 1058 Generalis,
1002 1022 1152 1050 verum
1193 1012 1242 1051 ut
1283 1010 1467 1052 indicem
1511 1025 1642 1064 aegre
1684 1002 1849 1065 placari

70 1072 287 1127 principes
330 1072 512 1116 mutatis
556 1072 800 1115 huiusmodi
845 1073 1237 1125 contionatoribus,
1284 1089 1390 1128 quos
1435 1079 1563 1130 putat
1604 1076 1763 1119 Caesar
1804 1078 1847 1119 in

70 1137 161 1180 suis
208 1138 439 1193 prouintijs
486 1138 738 1180 retinendos
784 1153 891 1181 esse.
965 1139 1113 1192 Jgitur
1160 1154 1255 1181 cum
1301 1140 1629 1195 Oenipontanae
1678 1157 1848 1196 quoque

71 1203 224 1246 messis
256 1204 456 1246 habenda
488 1218 601 1246 nunc
634 1204 746 1247 ratio
779 1204 1023 1256 videretur,
1068 1206 1180 1258 quod
1221 1205 1262 1246 in
1304 1206 1379 1248 1113
1412 1207 1656 1250 haereticus
1690 1208 1848 1250 Cathe-

72 1269 194 1311 dram
236 1283 448 1324 occupare
491 1269 703 1324 coeperit,
746 1270 887 1312 visum
930 1274 997 1313 est
1034 1271 1138 1313 Doc.
1172 1271 1332 1314 Lanoio
1375 1275 1419 1315 et
1460 1272 1562 1314 mihi
1604 1273 1754 1316 statim
1796 1288 1847 1316 eo

71 1334 247 1377 mittere
279 1335 336 1379 M.
370 1335 679 1387 Hermetem5,
723 1350 850 1389 quem
886 1335 1075 1389 alioquin
1118 1339 1220 1379 ante
1252 1336 1637 1392 Quadragesimam
1672 1339 1847 1382 mittere

71 1414 157 1442 non
189 1402 499 1443 statueramus.
563 1400 723 1454 Agitur
754 1401 928 1444 interim
960 1401 1225 1455 Jngolstadij
1260 1401 1528 1446 incommode
1561 1404 1691 1455 satis,
1733 1405 1846 1458 quod

72 1465 266 1509 absentis
297 1465 414 1507 illius
445 1466 676 1508 lectionem
716 1466 759 1508 in
793 1466 1065 1521 philosophia
1106 1467 1177 1520 qui
1219 1467 1418 1522 supplere
1461 1469 1639 1512 deberet
1670 1469 1728 1513 M.
1763 1469 1846 1512 Sil-

70 1530 189 1581 uius,
233 1545 259 1574 a
291 1531 614 1574 Coloniensibus
648 1532 899 1574 detineatur
915 1533 942 1575 6.
1008 1532 1171 1574 Iterum
1206 1546 1309 1574 uero
1343 1533 1468 1576 enixe
1501 1549 1751 1589 precamur,
1795 1537 1847 1578 Vt

70 1596 118 1639 P.
143 1597 367 1639 Euerardo
384 1597 400 1624 7
432 1598 661 1649 scribatur,
696 1597 823 1640 simul
856 1601 899 1640 et
922 1597 1246 1640 Coloniensibus
1269 1597 1520 1653 iniungatur
1542 1601 1593 1642 de
1626 1601 1845 1643 reddendo

72 1661 234 1716 SyluiO.
308 1662 609 1717 Expectamus
655 1663 916 1718 promissum
969 1677 1138 1717 quoque
1185 1663 1392 1706 lectorem
1439 1664 1553 1707 illius
1600 1666 1845 1720 prouintiae

72 1727 308 1780 Graecum,
351 1728 428 1770 sed
460 1728 502 1770 in
536 1728 799 1783 accipiendis
832 1729 993 1771 nostris
1035 1743 1164 1782 quam
1198 1729 1408 1771 donandis
1450 1730 1537 1772 suis
1577 1731 1846 1774 liberaliores

69 1792 284 1837 uidentur.
348 1793 475 1836 Nunc
508 1794 643 1848 igitur
675 1794 767 1837 abit
798 1795 855 1837 M.
891 1795 1074 1836 Hermes
1108 1794 1412 1848 Oenipontum.

188 1859 235 1902 P.
270 1859 481 1902 031011138
515 1860 747 1915 Oeniponti
779 1861 899 1903 ualet
930 1860 1136 1914 pessime,
1181 1862 1230 1901 vt
1262 1860 1453 1902 medicus
1486 1876 1759 1917 summopere
1793 1863 1845 1905 de

69 1924 162 1967 uita
193 1928 375 1969 metuat.
440 1926 566 1968 Vnde
599 1941 653 1968 ex
686 1926 914 1968 Monachio
957 1925 1171 1968 fratrem⁹
1213 1925 1267 1966 ad
1299 1925 1419 1967 illum
1451 1927 1548 1969 misi
1586 1928 1842 1972 adiutorem.

68 1990 300 2045 Cupimusa
331 1991 562 2033 Dominum
596 1991 742 2045 rogari
774 2006 852 2046 pro
885 1991 1203 2034 ualetudinario
1237 1991 1349 2033 sicut
1382 1994 1426 2034 et
1458 2007 1534 2046 pro
1568 1993 1625 2036 M.
1658 1993 1775 2036 Luca
1793 1994 1841 2045 10,

187 2128 202 2143 ³
229 2122 389 2168 Oupipus
416 2124 460 2157 A.

191 2249 200 2269 ¹
227 2250 284 2284 Ex
310 2251 529 2295 Salmerom's
564 2250 727 2285 *litteris
762 2246 976 2294 quibusdam
1012 2249 1125 2284 Roma
1152 2250 1207 2284 29.
1234 2249 1450 2286 Novembris
1479 2252 1567 2286 1561
1607 2252 1700 2287 datis
1738 2252 1844 2287 intel-

67 2303 220 2347 legitur,
258 2303 457 2338 Victoriam
493 2304 529 2338 in
564 2303 717 2348 collegio
753 2303 1013 2338 vindobonensi
1050 2302 1193 2337 scholas
1227 2303 1418 2339 instituere
1444 2304 1623 2347 voluisse,
1651 2305 1687 2339 in
1713 2306 1843 2350 quibus

65 2368 171 2391 sacra
189 2357 386 2402 Scriptura,
413 2357 446 2392 S.
466 2357 633 2400 Thomas,
661 2357 930 2392 controversiae
956 2356 1226 2402 explicarentur
1254 2356 1315 2401 (ex
1334 2358 1541 2404 apographo
1568 2359 1727 2394 eiusdem
1753 2361 1842 2394 tem-

66 2410 175 2456 poris.
227 2410 315 2445 cod:
342 2411 483 2454 „Gernr
513 2412 623 2446 1561“
653 2411 677 2446 f.
706 2410 803 2455 29¹³).
951 2410 964 2430 2
989 2410 1096 2451 Auer,
1123 2410 1343 2446 tirolensem.

180 2458 200 2485 '³
224 2464 452 2509 Magdalena,
479 2465 692 2508 Margarita,
718 2465 888 2505 Barbara,
915 2463 1066 2506 Helena,
1093 2463 1238 2506 Ioanna,
1266 2464 1467 2510 Oeniponte
1494 2466 1720 2510 degentibus.

187 2519 200 2538 ⁴²
226 2518 296 2552 PP.
325 2517 496 2560 Victoria,
524 2519 626 2561 Jaen,
654 2517 906 2562 XVinghenius,
933 2517 1073 2552 Rivius.

189 2572 202 2592 ⁵
227 2572 435 2606 Hermetem
461 2571 650 2617 Halbpaur
678 2571 775 2615 (vide
801 2583 911 2616 supra
937 2583 970 2616 p.
998 2571 1054 2605 54.
1081 2570 1189 2615 262),
1218 2583 1323 2616 quem
1350 2574 1520 2617 Ayricola
1545 2585 1734 2618 perperam
1760 2586 1839 2608 cum

66 2624 238 2660 Hermete
256 2625 476 2669 Winghenio
506 2625 564 2668 (de
591 2637 660 2669 quo
684 2637 717 2658 v.
738 2636 847 2669 supra
865 2636 898 2669 p.
920 2625 1013 2659 151⁵.
1036 2625 1133 2669 191³)
1155 2625 1192 2659 in
1209 2637 1320 2660 unum
1340 2626 1528 2661 confundit
1547 2626 1585 2671 (l.
1606 2639 1635 2662 0.
1655 2627 1681 2669 Ι,
1700 2627 1786 2662 Dec.
1807 2627 1839 2670 3,

66 2690 100 2712 11.
127 2677 211 2723 46),
242 2679 279 2713 111
306 2690 463 2714 errorem
488 2679 677 2720 inductus,
704 2678 739 2712 ni
767 2678 883 2720 fallor,
911 2689 931 2712 a
959 2679 1145 2724 Sacchino,
1172 2679 1232 2723 qui
1258 2678 1519 2723 Winghenium
1549 2679 1838 2725 (Vinghemium)

67 2730 305 2777 Oenipontem
333 2732 377 2767 ad
404 2732 681 2767 contionandum
706 2733 793 2765 tunc
818 2731 967 2765 missum
996 2742 1074 2766 esse
1100 2731 1227 2766 scribit
1256 2732 1366 2776 (Hist.
1387 2733 1420 2768 S.
1441 2733 1474 2768 J.
1501 2733 1545 2775 ΙΙ,
1572 2734 1595 2768 l.
1623 2734 1654 2775 5,
1681 2746 1714 2768 n.
1745 2734 1840 2778 171).

186 2786 199 2806 ⁶
226 2785 393 2821 Oanisius
418 2786 460 2821 P.
485 2785 633 2820 Petrum
661 2785 814 2819 Silvium
849 2796 895 2818 m.
923 2784 1071 2819 Octobri
1099 2785 1187 2819 1561
1218 2785 1366 2820 Colonia
1391 2786 1589 2828 Treveros,
1628 2789 1670 2821 ut
1709 2787 1840 2832 „philo-

64 2839 213 2885 sophiae
239 2839 504 2885 professoribus
530 2850 632 2873 suam
659 2850 804 2883 operam
828 2840 1066 2883 praestareff,
1105 2839 1255 2873 missum
1283 2851 1362 2874 esse
1393 2840 1556 2884 (Hansen
1581 2840 1604 2874 1.
1632 2852 1661 2874 0.
1689 2852 1722 2885 p.
1749 2840 1835 2884 408)

65 2892 267 2937 ignorabat.
409 2894 422 2913 Ἴ
447 2892 685 2927 Mei-curiam.
832 2892 844 2912 ⁸
871 2891 983 2926 Grim.

187 2947 200 2967 ⁹
225 2946 458 2981 Laurentium
490 2945 805 2988 „Hermannfiunff
835 2945 913 2979 sive
945 2944 1143 2987 „He1·man“
1174 2946 1357 2990 (Ayricola
1385 2945 1407 2980 1.
1427 2957 1457 2981 0.
1485 2947 1517 2988 l,
1537 2947 1622 2981 Dec.
1642 2947 1674 2988 3,
1700 2958 1734 2980 n.
1753 2946 1838 2991 45);

66 3000 110 3034 de
137 3011 207 3044 quo
232 2999 316 3034 vide
345 3001 433 3034 Can.
451 2998 541 3044 Epp.
560 2999 604 3040 II,
632 2998 711 3033 503.
740 2998 850 3038 876¹;
879 3010 959 3032 eum
986 2998 1168 3033 Monachii
1194 3000 1250 3034 20.
1278 2998 1500 3044 Septembris
1521 3000 1609 3034 1561
1638 3000 1839 3035 sacerdotio

65 3053 248 3088 initiatum
274 3065 354 3088 esse
379 3053 415 3086 in
441 3052 458 3070 *
477 3053 642 3096 Cataloyo
668 3051 810 3095 collegii
837 3051 1117 3086 vindobonensis
1153 3052 1220 3086 sub
1246 3052 1429 3087 ineuntem
1456 3064 1488 3087 a.
1517 3053 1627 3094 1577,
1666 3064 1735 3097 quo
1761 3053 1839 3098 ipse

65 3106 196 3141 ibidem
223 3106 387 3151 degebat,
415 3105 618 3150 conscripto
644 3105 821 3139 asseritur
849 3103 951 3149 (Cod.
983 3104 1045 3147 ,G.
1074 3104 1110 3140 0.
1139 3106 1203 3140 67“
1233 3117 1266 3150 p.
1295 3106 1393 3150 354).

174 3161 201 3180 ¹⁰
226 3159 266 3194 P.
294 3160 391 3194 Luca
417 3159 602 3200 Molitore3
629 3158 711 3192 vide
738 3169 848 3203 supra
874 3170 908 3203 p.
937 3158 1015 3193 189.
1046 3159 1122 3193 190.
