2093 3444
156 194 236 228 694.
274 192 440 227 Canisius
467 191 569 226 Socio
596 191 703 226 alicui
728 192 765 226 in
792 192 985 228 Germania
1011 194 1165 239 degenti.
1209 193 1381 229 Tridento
1406 195 1440 228 4.
1471 193 1564 228 Iunii
1593 194 1694 228 1562.
1749 196 1835 237 455

182 310 273 353 Quid
300 310 446 345 Canisio
472 310 516 345 ad
543 310 608 345 has
634 310 777 345 litteras
803 323 1016 356 responsum
1050 312 1118 354 sit,
1154 314 1252 346 certo
1289 311 1432 356 quidem
1467 324 1538 346 non
1573 313 1734 352 constat,
1772 311 1836 345 sed

62 364 185 409 aliqua
219 365 374 399 fortasse
409 364 547 398 ratione
584 363 706 408 colligi
741 366 860 409 potest
886 376 932 399 ex
958 365 1014 399 his
1041 366 1313 409 Layomarsinii
1338 365 1479 399 verbis:
1523 365 1608 407 „Die
1638 365 1711 399 18.“
1743 364 1838 399 Iunii

64 418 155 452 1562
182 418 353 452 Tridento
383 418 447 460 „de
474 417 629 461 quodam
655 429 827 460 germano
853 418 1085 463 presbytero,
1123 419 1182 463 qui
1218 418 1254 452 in
1289 418 1613 462 irregularitatem,
1648 419 1688 452 ut
1724 418 1836 464 ajunt,

61 471 263 505 incurrerat
287 471 339 505 ita
362 471 406 505 ad
426 470 474 515 [S.
495 470 677 515 carolum]
697 471 950 506 Borromaeum
979 472 1152 516 pontificii
1178 472 1289 516 legati
1317 471 1559 517 scripserunt:
1587 472 1740 512 ,Laonde
1766 471 1835 513 noi,

62 525 129 559 che
154 525 205 568 gli
231 524 383 559 havemo
410 524 676 569 compassione,
714 536 732 558 e
758 525 871 559 siamo
897 525 1091 560 benissimo
1119 526 1153 560 di
1179 525 1229 559 lui
1264 525 1449 560 informati
1485 525 1544 559 dal
1570 525 1732 567 Canisio,
1770 525 1836 560 che

63 590 104 614 00
129 590 173 612 ne
199 579 308 612 rende
334 578 428 612 buon
446 578 664 619 testimonio,
690 578 724 612 lo
742 579 1054 613 raccomandiamo
1075 591 1139 613 con
1158 579 1241 621 ogni
1261 579 1422 613 efficacia
1440 591 1504 624 per
1520 590 1640 612 mezzo
1659 579 1693 612 di
1712 580 1837 613 vostra

62 631 247 666 illustriss.
274 631 432 675 signoria
458 631 530 665 alla
557 631 738 665 clemenza
765 643 783 665 e
810 632 907 676 pieta
933 631 968 665 di
994 635 1117 666 nostro
1143 632 1288 676 signore
1315 631 1392 676 [Pio
1413 632 1526 675 1V.]‘“
1562 631 1729 676 (Pogiani
1755 632 1836 677 Epi-

61 684 177 719 stolae
204 685 265 726 III,
292 684 386 728 870).
424 684 532 719 Initio
558 686 678 718 tamen
706 696 751 718 m.
778 684 936 727 Augusti
965 685 1065 727 1562,
1093 697 1173 720 cum
1200 685 1345 720 Lainius
1372 698 1436 730 per
1461 684 1693 720 Monachium
1718 686 1834 719 trans-

62 738 142 780 iret,
167 738 239 780 ille,
265 740 305 772 ut
331 738 485 779 videtur,
512 738 668 772 nondum
696 739 774 772 erat
800 738 1048 783 dispensatus;
1074 750 1158 772 nam
1176 740 1352 773 Petamus
1379 740 1414 773 in
1442 740 1519 774 eius
1541 739 1685 782 collegii
1703 737 1837 773 *Cata-

62 792 146 835 logo
169 804 213 826 eo
239 793 400 837 tempore
427 791 561 837 scripto
587 791 748 826 notavit:
789 791 848 833 „R
876 791 1063 827 hem-ricus
1090 793 1261 826 arduinus
1287 805 1358 827 non
1384 793 1581 827 celebrauit
1608 792 1743 834 adhuc,
1783 794 1839 826 est

63 845 233 887 nouitius,
259 857 329 879 non
355 845 495 880 studuit
520 845 589 887 hic,
616 845 679 879 sed
706 845 875 886 coloniae,
902 845 1122 880 rhetorica&
1155 846 1255 889 (Cod.
1289 846 1350 888 „G.
1379 846 1415 881 C.
1444 847 1507 880 67“
1538 858 1571 891 p.
1602 846 1698 890 189).

887 963 1019 1005 694.

805 1050 1102 1098 CANISIUS

240 1148 458 1192 §0010
491 1147 752 1192 ALICUI
782 1149 859 1191 IN
893 1149 1285 1193 GERMANIA
1317 1148 1664 1192 DEGENTI.

708 1239 881 1277 Tridento
907 1240 943 1277 4.
970 1240 1065 1276 Iunii
1091 1241 1186 1277 1562.

183 1319 240 1354 Ex
265 1319 473 1365 apographo
492 1319 652 1353 eiusdem
671 1320 846 1364 temporis
867 1319 944 1362 (20;
971 1320 992 1353 2
1012 1319 1099 1365 pp.),
1127 1319 1219 1364 quod
1240 1320 1362 1353 exstat
1379 1318 1548 1353 Treveris
1566 1319 1602 1353 in
1620 1318 1838 1353 bibliotheca

63 1373 220 1412 urbana,
257 1372 341 1408 Cod.
369 1385 422 1407 nr.
451 1373 540 1407 1237
571 1372 694 1417 (603),
722 1373 745 1407 f.
773 1385 843 1407 non
870 1373 982 1417 sign.;
1015 1373 1108 1417 quod
1135 1374 1169 1406 in
1197 1372 1312 1407 medio
1338 1372 1414 1406 fere
1441 1372 1561 1407 codice
1587 1372 1745 1417 positum
1771 1375 1838 1407 est.

184 1426 386 1472 Epistulam
413 1438 433 1460 a
459 1427 500 1460 R.
528 1426 571 1460 D.
598 1426 660 1461 Dr.
687 1427 735 1461 H.
762 1428 800 1461 V.
830 1427 1036 1461 Saaerland
1061 1427 1097 1460 in
1125 1426 1244 1461 codice
1280 1426 1383 1460 modo
1419 1428 1616 1460 memorato
1650 1426 1838 1460 inventam

64 1492 109 1514 ex
144 1481 282 1514 recenti
317 1479 526 1525 apographo
561 1480 650 1514 mihi
685 1479 796 1514 misso
831 1480 986 1525 primum
1022 1480 1116 1514 edidi
1152 1480 1187 1513 in
1228 1480 1431 1521 „Romische
1460 1481 1743 1523 Quartalschrift
1780 1479 1839 1513 fur

63 1533 273 1568 christliche
308 1533 660 1568 Alterthumskunde
706 1534 778 1568 und
823 1534 881 1568 fiir
917 1533 1308 1577 Ki1·chengeschichte“
1349 1534 1382 1568 4.
1419 1533 1545 1577 Jahrg.
1584 1533 1690 1577 (Rom
1728 1532 1836 1577 1890)

63 1599 96 1632 p.
124 1587 324 1622 281—283.
375 1587 508 1621 Postea
533 1589 654 1621 autem
680 1586 800 1633 ipsum
826 1587 914 1621 mihi
940 1587 1043 1621 licuit
1068 1587 1227 1622 codicem
1253 1589 1500 1621 treverensem
1526 1586 1661 1621 videre.

189 1665 354 1698 Tridenti
379 1665 530 1709 theoloyi
555 1668 659 1708 atque
685 1665 838 1709 episcopi
864 1677 906 1698 εκ
931 1666 1051 1698 multis
1078 1665 1284 1698 nationibus
1309 1665 1511 1708 conyreyati
1535 1669 1618 1698 sant
1641 1669 1670 1698 et
1686 1665 1840 1708 plurimi

65 1722 95 1751 et
129 1719 294 1752 doctrina
329 1720 494 1762 ἐπεῖ-07103.
546 1719 656 1752 Multi
690 1720 758 1752 alii
792 1723 1050 1762 exspectantur.
1101 1719 1170 1752 Dec
1205 1729 1267 1761 ope
1301 1730 1358 1752 res
1393 1718 1535 1752 concilii
1562 1723 1710 1762 praeter
1744 1729 1840 1761 spem

58 1783 233 1816 prospere
257 1773 456 1806 succedunt.
493 1773 609 1806 Sessio
627 1773 711 1806 XX.
739 1773 930 1806 admodum.
951 1773 1012 1816 pte
1035 1773 1262 1816 praviterqae
1288 1772 1461 1805 celebrata
1487 1775 1544 1805 est.
1582 1772 1710 1816 Leyati
1728 1773 1836 1816 prin-

64 1826 193 1869 cipum.
249 1826 415 1869 Theoloyi
448 1827 522 1859 iam
556 1826 598 1859 de
630 1826 865 1860 eucharistiae
900 1837 969 1860 asu
1003 1827 1184 1859 disserent.
1248 1827 1433 1859 Orandam
1462 1836 1535 1868 pro
1571 1826 1728 1859 concilio.
1780 1826 1841 1859 Ad

63 1880 158 1923 quod
186 1881 322 1913 atinam
341 1883 578 1923 protestantes
604 1881 798 1913 accedant!
847 1880 917 1922 Qui
942 1883 1033 1913 certe
1058 1880 1319 1912 clementissime
1344 1879 1578 1913 habebuntur.

937 1958 965 2009 ,Γ

182 2061 239 2065 -
265 2061 321 2065 ——
363 2036 428 2077 De
473 2035 639 2089 synodo
684 2034 940 2077 Tridentina
984 2034 1137 2077 dicam.
1204 2034 1366 2077 Videas
1409 2034 1454 2076 in
1498 2048 1550 2076 ea
1594 2033 1838 2088 Theologos

61 2101 191 2154 longe
224 2100 511 2151 doctissimos,
546 2115 727 2154 quorum
762 2103 1023 2142 conuentum
1056 2114 1135 2153 ego
1159 2099 1497 2153 frequentiorem
1524 2114 1737 2152 nusquam
1769 2113 1839 2141 re-

60 2165 193 2220 periri
224 2180 352 2221 posse
393 2166 547 2209 sentio.
611 2165 766 2219 Neque
804 2165 936 2207 diuini
967 2168 1162 2214 tantum,
1205 2165 1282 2207 sed
1322 2164 1498 2207 humani
1530 2179 1701 2218 quoque
1733 2164 1840 2206 iuris

61 2231 220 2274 adsunt
266 2230 540 2286 peritissimi,
590 2246 616 2273 a
662 2230 928 2285 principibus
976 2233 1020 2273 et
1066 2230 1241 2284 regibus
1288 2230 1420 2273 missi.
1496 2230 1727 2272 Confluunt
1769 2229 1840 2272 hic

62 2297 297 2339 multarum
329 2297 554 2339 nationum
587 2296 783 2338 homines
816 2298 860 2338 et
893 2295 1101 2339 Oratores
1134 2310 1230 2338 00111
1261 2296 1434 2350 publica
1465 2296 1756 2346 authoritate,
1790 2297 1840 2338 ut

65 2361 283 2416 Germani,
317 2362 529 2415 Hungari,
563 2361 760 2416 Hispani,
793 2361 1008 2413 Lusitani,
1044 2361 1177 2412 Galli,
1213 2361 1388 2412 Graeci,
1422 2363 1471 2403 ut
1501 2361 1714 2404 infinitam
1746 2360 1838 2403 fere

62 2428 237 2470 turbam
260 2427 478 2470 Jtalorum
511 2430 797 2482 praeteream,
832 2427 994 2469 Aetate
1027 2428 1177 2469 nostra
1208 2427 1355 2481 plures
1388 2426 1603 2468 doctiores
1636 2430 1680 2470 et
1710 2440 1838 2481 prae-

64 2492 301 2535 stantiores
345 2493 640 2535 Ecclesiarum
684 2492 929 2547 praesules,
978 2506 1064 2534 vno
1112 2492 1349 2545 eodemque
1391 2495 1588 2547 tempore
1633 2492 1839 2535 collectos

63 2572 189 2600 nemo
229 2557 353 2602 vidit.
426 2559 496 2600 Ex
539 2558 605 2600 his
649 2557 900 2600 Cardinales
943 2557 1167 2600 lectissimi
1211 2557 1293 2598 uiri
1334 2558 1466 2608 sex1,
1512 2556 1839 2612 Archiepiscopi

63 2623 289 2665 undecima
323 2621 407 2677 [?]‚
450 2622 655 2677 Episcopi
695 2622 841 2676 plures
877 2623 959 2664 160
993 2621 1037 2663 in
1078 2622 1328 2664 uniuersum
1343 2623 1372 2664 2.
1439 2622 1579 2665 Gallia
1619 2622 1839 2677 promittit

181 2752 196 2766 a
224 2746 284 2780 Sic
310 2757 393 2790 ap.;
419 2745 696 2790 septendecim?
743 2746 782 2779 V.
808 2745 925 2789 infra,
951 2745 1035 2778 adn.
1062 2747 1095 2779 2.

184 2861 194 2881 ¹
222 2859 398 2894 Hercules
425 2859 596 2902 Gonzaga
622 2859 700 2892 sive
726 2857 947 2892 Mantuanus
977 2858 1182 2903 (episcopus
1208 2857 1456 2901 mantuanus),
1482 2857 1726 2903 Hieronymus
1745 2856 1837 2892 Seri-

60 2914 201 2959 pandus
230 2912 380 2957 (ordinis
405 2912 647 2947 Erelnitarum
674 2911 708 2946 S.
735 2911 951 2955 Augustini,
991 2911 1283 2956 archiepiscopus
1318 2911 1598 2955 salernitanus),
1634 2910 1837 2945 Stanislaus

61 2966 196 3001 Hosius
224 2965 431 3012 (episcopus
458 2964 714 3008 varmiensis)‚
750 2965 957 2999 Ludovicus
983 2964 1183 2999 Simonetta
1210 2965 1417 3010 (episcopus
1442 2964 1662 3008 laudensis),
1690 2965 1837 2999 Marcus

62 3020 213 3055 Sitticus
248 3020 292 3054 ab
319 3019 509 3063 Altaemps
537 3018 743 3064 (episcopus
779 3018 1096 3062 constantiensis),
1135 3018 1277 3053 concilii
1310 3018 1422 3062 legati
1449 3018 1528 3053 sive
1554 3018 1759 3063 praesides,
1794 3029 1836 3052 ac

60 3073 266 3108 Ludovicus
292 3072 506 3114 Madrutius,
535 3072 725 3116 episcopus
750 3071 979 3106 tridentinus.

181 3127 194 3148 2
218 3126 273 3161 De
298 3125 442 3161 concilii
467 3124 627 3160 sessione
645 3124 723 3159 XX.
753 3124 830 3168 (IV.
857 3125 924 3160 sub
942 3125 1006 3159 Pio
1025 3124 1104 3168 IV.)
1131 3125 1219 3170 ipso,
1248 3136 1318 3169 quo
1337 3124 1505 3159 Canisius
1530 3125 1620 3160 haec
1643 3125 1836 3167 scribebat,

2 3179 6 3185 ’
62 3179 118 3214 die
148 3180 182 3214 4.
208 3179 303 3214 Iunii
331 3179 421 3213 1562
455 3178 579 3213 habita
613 3178 650 3212 in
685 3178 846 3214 eiusdem
872 3178 975 3213 Actis
1012 3177 1296 3213 massarellianis
1339 3178 1446 3223 (quae
1481 3178 1526 3213 ab
1561 3180 1837 3214 Bartholomaeo
