2093 3444
637 224 808 259 Tridento
835 225 890 259 22.
919 221 1086 258 Octobris
1115 221 1216 255 1562.
1730 225 1816 265 497

42 345 153 387 dado
186 346 264 386 tan
295 343 521 392 adelante,
566 356 647 394 que
680 342 854 396 parecia
887 356 944 395 ya
975 356 1079 395 muy
1122 340 1371 382 demasiado
1405 340 1604 382 callanclo
1637 340 1821 393 algunos

43 424 125 464 que
157 409 307 451 tenian
349 407 523 462 opinion
557 408 800 449 uerdadera
840 421 918 461 per
960 407 1003 448 la
1045 406 1177 448 orden
1219 419 1301 459 que
1343 405 1491 446 dieron
1529 406 1594 447 103
1626 406 1819 458 legados,

40 490 70 530 y
102 476 166 517 103
199 488 282 527 (100
303 473 452 516 tenian
484 473 527 514 la
550 473 770 514 contraria
791 472 1008 514 hablando
1031 472 1316 513 liberamente
1338 470 1405 512 sin
1427 470 1561 512 mirar
1592 471 1663 512 ala
1696 471 1821 512 dicha

42 541 196 583 orden:
230 554 259 593 y
291 537 549 593 pareciendo
584 552 666 591 que
698 539 742 580 10
775 551 877 579 0030
909 552 984 579 era
1017 537 1068 579 de
1101 536 1258 578 mucha
1288 535 1573 590 importantia
1601 536 1656 578 N.
1681 536 1821 578 Padre

44 604 231 648 General
279 603 518 646 determino
568 602 620 644 de
666 602 820 645 hablar
867 603 990 655 largo
1036 602 1074 643 (Γ
1107 604 1202 644 esta
1248 600 1455 650 materia3
1510 616 1538 655 y
1586 601 1736 642 dieron
1782 602 1822 643 10

44 669 266 713 audientia
297 669 403 711 toda
434 669 478 709 10
509 674 697 709 mariana
729 668 798 709 del
830 667 1050 717 Martes1‚
1094 682 1123 721 y
1154 669 1272 709 trato
1313 681 1417 720 muy
1450 666 1502 708 de
1539 666 1761 720 proposito
1793 681 1823 720 y

45 737 97 778 (10
129 735 413 777 fundamento
448 736 540 775 este
573 736 732 787 punto,
765 748 794 786 y
825 732 899 774 fue
932 733 984 774 de
1017 733 1079 775 tal
1114 746 1304 782 manera,
1340 745 1422 784 que
1453 732 1568 773 huuo
1600 745 1687 773 una
1719 746 1822 785 muy

43 801 220 843 notable
252 799 474 842 mutacion
508 799 627 840 delos
660 797 847 848 animos,
891 800 1017 840 tanto
1052 811 1133 850 que
1166 798 1206 839 10
1239 797 1339 839 (11Χο
1372 811 1430 838 011
1462 796 1611 851 obispo
1646 796 1825 851 espanol

44 880 126 920 que
159 880 235 907 era
268 879 388 907 como
431 864 473 906 10
516 862 720 905 calamita
763 877 845 916 que
886 863 1030 905 tiraua
1072 863 1137 904 asi
1170 863 1282 905 etc.2
1324 862 1514 905 satisfizo
1556 877 1659 916 muy
1697 865 1823 905 nota-

42 931 250 973 bilmente
282 945 311 984 y
344 944 370 972 0
402 929 494 971 31ᾶο
517 943 621 982 muy
652 928 808 982 pedido
827 942 877 969 su
900 930 1003 970 110130
1037 928 1089 969 (10
1122 928 1383 982 principales
1411 931 1534 970 entre
1556 928 1621 969 103
1644 928 1823 981 legados

42 1011 73 1051 y
106 996 291 1050 obispos‚
326 1010 355 1049 y
386 1009 471 1036 uno
505 994 625 1036 delos
656 993 837 1046 legados
871 993 993 1035 dezia
1026 1007 1107 1046 que
1141 1007 1187 1035 30
1220 993 1320 1035 0010
1353 993 1405 1035 (10
1431 995 1628 1047 stampar
1659 1007 1824 1047 porque

43 1062 165 1104 fuese
198 1062 335 1115 mejor
368 1059 599 1102 entendido
624 1059 675 1100 de
707 1059 835 1101 todos
869 1093 877 1101 .
912 1058 1018 1100 Creo
1051 1058 1150 1100 bien
1173 1072 1255 1111 que
1287 1059 1313 1100 Γ
1339 1058 1573 1100 escriuiraa
1605 1058 1660 1102 N.
1683 1058 1824 1100 Padre

44 1142 152 1182 para
173 1126 405 1169 mostrarle
438 1139 463 1167 a
487 1125 646 1178 alguno
670 1124 789 1166 delos
823 1138 905 1178 que
937 1124 977 1165 10
999 1124 1142 1178 piden,
1177 1138 1348 1177 aunque
1380 1138 1435 1166 no
1467 1124 1566 1165 fara
1588 1125 1822 1177 estampar‚

46 1207 128 1247 que
160 1206 215 1234 no
249 1206 295 1233 03
317 1191 431 1232 110(10
454 1190 598 1243 amigo
622 1190 660 1231 d'
686 1192 779 1232 esto
796 1190 824 1232 3.
868 1190 928 1231 Es
957 1192 1033 1231 tan
1057 1189 1182 1231 tarde
1204 1203 1312 1243 para
1333 1192 1497 1232 trattar
1520 1189 1618 1231 dela
1638 1188 1824 1231 materia

46 1345 161 1378 usque
188 1334 275 1368 adeo
302 1344 496 1378 progressa
522 1334 596 1374 est,
623 1334 664 1366 ut
689 1332 761 1366 iam
787 1331 894 1366 valde
920 1343 1229 1376 supervacaneum
1257 1342 1336 1365 esse
1364 1331 1558 1372 videretur,
1585 1330 1735 1375 aliquos,
1763 1331 1823 1374 qui

46 1399 171 1422 veram
207 1387 423 1421 sententiam
450 1386 642 1426 tenebant,
679 1387 826 1430 propter
851 1385 1055 1428 legatorum
1089 1385 1299 1418 mandatum
1336 1384 1463 1426 silere,
1499 1396 1580 1418 cum
1607 1384 1825 1418 contrariam

47 1441 251 1486 opinionem
276 1442 442 1474 tenentes
468 1439 629 1474 mandati
654 1439 754 1473 illius
779 1438 879 1473 nulla
905 1438 1029 1473 habita
1062 1438 1201 1472 ratione
1226 1438 1338 1472 libere
1363 1438 1614 1482 loquerentur;
1650 1449 1740 1481 quae
1767 1449 1826 1471 res

48 1506 129 1529 oum
155 1494 279 1537 magni
303 1494 476 1528 momenti
511 1505 591 1528 0330
617 1493 821 1534 videretur,
857 1494 961 1537 pater
995 1494 1118 1526 noster
1144 1492 1372 1536 praepositus
1398 1491 1579 1535 generalis
1614 1491 1756 1536 copiose
1783 1491 1825 1525 de

47 1548 116 1583 1100
141 1549 355 1592 argumento
381 1547 479 1591 loqui
506 1546 713 1587 constituit;
741 1546 798 1581 cui
823 1548 900 1580 toto
926 1548 1087 1590 tempore
1114 1545 1292 1579 matutino
1318 1545 1386 1579 diei
1413 1545 1567 1579 Martis¹
1593 1556 1700 1579 aures
1726 1556 1825 1589 prae-

48 1602 223 1643 buerunt;
260 1604 369 1646 atque
395 1601 426 1635 13
453 1601 560 1635 valde
587 1600 751 1646 apposite
778 1602 813 1634 et
840 1599 1022 1634 subtiliter
1048 1599 1115 1634 hoo
1141 1599 1324 1633 doctrinae
1351 1601 1461 1644 caput
1486 1599 1680 1640 trac-tavit,
1717 1600 1825 1642 atque

48 1656 119 1698 ita,
157 1657 198 1689 ut
232 1656 433 1690 animorum
468 1654 621 1689 mutatio
648 1654 756 1688 valde
791 1665 924 1696 magna
956 1654 1237 1697 consequeretur
1271 1664 1385 1697 eaque
1410 1654 1532 1694 tanta,
1570 1654 1611 1686 ut
1636 1652 1827 1697 episcopus

50 1709 196 1754 quidam
222 1709 396 1754 hispanus
423 1709 455 1742 ei
474 1709 620 1750 diceret,
646 1707 765 1752 ipsum
784 1707 885 1741 velut
910 1709 1118 1750 magnetem
1144 1717 1222 1740 0330
1249 1717 1306 1740 res
1333 1706 1377 1740 ad
1403 1717 1442 1740 30
1461 1705 1703 1740 attrahentem
1730 1706 1825 1740 etc.‘-'.

49 1763 164 1798 Valde
190 1774 323 1806 magna
354 1762 466 1806 igitur
492 1773 573 1796 oum
599 1761 848 1796 satisfactione
875 1761 977 1801 dixit,
1005 1772 1046 1795 ac
1072 1760 1285 1803 suffragium
1311 1759 1387 1794 eius
1414 1771 1434 1793 a
1458 1760 1662 1805 praecipuis
1681 1759 1825 1804 quibus-

51 1817 134 1851 dam
161 1818 196 1851 et
214 1816 346 1859 legatis
373 1818 409 1850 et
435 1814 612 1860 episcopis
631 1814 867 1849 vehementer
894 1814 1094 1859 expetitum
1121 1815 1196 1854 est3
1224 1813 1318 1857 quod
1343 1825 1437 1847 unus
1464 1825 1509 1847 ex
1532 1813 1665 1856 legatis
1684 1813 1827 1847 dicebat

49 1870 147 1916 typis
167 1870 322 1905 exscribi
341 1871 517 1915 oportere,
544 1881 614 1913 quo
632 1869 761 1903 melius
779 1869 823 1903 ab
842 1868 1007 1902 omnibus
1034 1867 1317 1910 intellegeretur.
1356 1867 1449 1901 Puto
1468 1869 1588 1902 autem
1606 1867 1826 1912 scripturum

51 1924 194 1969 quidem
220 1923 310 1958 illud
337 1935 417 1957 esse
436 1925 576 1968 patrem
600 1924 775 1964 nostrum,
802 1924 843 1956 ut
869 1922 1049 1966 aliquibus
1076 1933 1122 1955 ex
1147 1921 1200 1963 iis,
1229 1921 1289 1964 qui
1315 1932 1395 1955 eum
1418 1922 1558 1964 rogant,
1585 1921 1825 1961 demonstret3

50 1989 167 2022 neque
193 1980 315 2012 tamen
340 1978 439 2022 typis
464 1977 559 2011 idem
595 1976 872 2011 exscribendum
907 1975 1066 2015 curabit;
1105 1974 1173 2009 hac
1208 1974 1303 2008 enim
1337 1986 1376 2008 re
1411 1974 1556 2008 minime
1591 1975 1790 2009 delectatur
1803 1975 1825 2008 ³.

171 2095 185 2110 ἃ
209 2089 244 2123 10
269 2089 422 2124 scriuira
448 2100 504 2132 ap.

172 2203 182 2222 1
208 2201 264 2236 20.
292 2200 470 2235 Octobris.

170 2255 183 2276 ²
207 2255 290 2300 Ipse
317 2254 427 2288 etiam
454 2254 611 2298 Scorpius
637 2252 803 2287 Lainium
828 2263 893 2296 per
918 2250 1000 2295 plus
1026 2261 1134 2294 quam
1161 2250 1250 2284 duas
1276 2249 1385 2284 horas
1416 2261 1612 2295 „perquam
1648 2251 1827 2296 apposite,

50 2320 184 2353 magna
210 2319 291 2343 cum
317 2307 547 2342 vehementia
574 2308 610 2341 et
635 2305 876 2340 authoritate“
908 2304 1054 2346 dixisse,
1081 2315 1198 2348 neque
1223 2303 1335 2337 ullam
1363 2315 1407 2337 ex
1434 2304 1656 2338 orationibus
1681 2304 1718 2338 in
1745 2316 1826 2339 con-

51 2363 133 2398 cilio
158 2362 291 2396 habitis
317 2361 400 2407 plus
426 2363 489 2395 aut
514 2360 632 2395 laudis
659 2361 722 2395 aut
746 2357 1052 2404 reprehensionis,
1087 2369 1151 2402 pro
1187 2357 1342 2391 diversis
1377 2357 1600 2392 audientium
1626 2357 1825 2401 affectibus,

53 2417 225 2451 habuisse
252 2415 412 2449 affirmat
439 2414 479 2459 (l.
508 2415 551 2456 7.,
577 2413 601 2448 l.
628 2425 657 2448 0.
684 2425 717 2458 p.
746 2410 965 2455 553—556).
1015 2411 1070 2445 Ac
1099 2412 1251 2446 Carolus
1278 2412 1433 2445 Visconti
1461 2410 1715 2456 (Vicecomes),
1755 2412 1827 2457 epi-

51 2481 182 2516 scopus
216 2467 507 2510 vintimiliensis,
545 2467 677 2508 refert,
716 2466 881 2500 Lainium
921 2464 1051 2507 „molto
1082 2464 1455 2499 accomodatamente“
1487 2464 1643 2507 dixisse,
1683 2465 1826 2508 „diffen-

52 2523 166 2558 dendo
210 2521 521 2567 gagliardamente
564 2520 749 2555 l⁷autorita
793 2518 887 2553 della
931 2518 1016 2552 sede
1061 2517 1277 2563 apostolica“
1321 2517 1475 2562 (Grisar
1509 2518 1533 2553 1.
1569 2530 1599 2553 0.
1636 2518 1671 2561 Ι,
1707 2518 1825 2563 44*¹).

52 2576 226 2612 Similiter
252 2576 429 2610 Paleottus
454 2574 571 2609 Lainii
597 2584 798 2609 sermonem
828 2571 954 2615 „valde
991 2571 1189 2611 eruditum,
1226 2571 1455 2614 distinctum,
1492 2573 1528 2606 et
1552 2572 1604 2606 rei
1630 2583 1826 2607 accommo-

52 2631 195 2665 datum“
225 2631 334 2663 vocat
358 2628 539 2672 simulque
564 2629 677 2667 notat,
705 2638 786 2660 eum
805 2625 918 2660 fuisse
949 2625 1087 2667 „virum
1105 2636 1267 2659 summae
1284 2625 1476 2670 probitatis
1502 2637 1544 2660 ac
1569 2625 1764 2669 religionis,
1792 2629 1828 2660 et

52 2684 110 2719 001
135 2683 261 2718 fideles
287 2694 410 2717 omnes
435 2681 588 2715 multum
615 2693 679 2726 pro
705 2679 857 2723 magnis,
895 2690 984 2724 quos
1010 2679 1046 2712 in
1073 2678 1251 2713 catholica
1278 2678 1431 2713 ecclesia
1457 2679 1598 2713 fructus
1624 2679 1722 2721 fecit,
1753 2691 1827 2713 om-

51 2738 135 2772 nino
162 2736 335 2771 debeant“
368 2735 407 2780 (l.
434 2746 463 2769 c.
490 2735 534 2776 H,
563 2734 659 2778 596).

173 2790 187 2810 ³
212 2789 296 2825 Sub.
331 2789 364 2823 9.
390 2787 605 2823 Novembris
640 2786 747 2821 huius
782 2785 947 2829 suffragii
982 2785 1188 2830 exemplum
1223 2785 1402 2829 quoddam
1438 2796 1459 2819 a
1492 2785 1617 2820 Lainio
1652 2786 1696 2820 ad
1722 2785 1826 2821 Vice-

53 2843 220 2879 comitem
246 2845 283 2877 et
308 2842 352 2876 ab
377 2841 446 2876 1100
470 2841 621 2875 Romam
648 2840 692 2874 ad
719 2840 752 2874 S.
781 2839 950 2874 001-0111111
975 2838 1230 2873 Borromaeum
1256 2838 1407 2872 missum
1434 2850 1514 2873 esse
1540 2851 1586 2873 ex
1612 2840 1828 2874 Vicecomitis

51 2897 185 2932 litteris
219 2896 390 2930 Tridento
425 2896 458 2929 9.
484 2893 699 2929 Novembris
728 2893 818 2928 1562
853 2893 898 2927 ad
933 2892 1086 2926 eundem
1118 2892 1373 2926 Borromaeum
1410 2892 1504 2926 datis
1544 2892 1654 2937 (apud
1693 2895 1827 2928 Grisar

53 2951 76 2986 1.
105 2963 134 2986 c.
160 2963 194 2996 p.
221 2951 278 2990 46,
305 2948 441 2991 adnot.)
479 2946 720 2991 cognoscitur.
772 2946 873 2988 Quod
908 2945 1114 2991 exemplum
1142 2944 1202 2989 (ab
1229 2945 1408 2986 oratione,
1447 2957 1556 2990 quam
1582 2958 1645 2990 pro
1670 2946 1826 2982 lainiano

54 3015 218 3040 sermone
243 3003 369 3037 vendit
388 3003 543 3046 Sarpius
567 3001 590 3034 l.
617 3012 659 3042 0.,
685 3000 792 3035 valde
818 2998 1018 3043 diversum)
1047 3000 1292 3033 Pallavicinus
1317 3010 1398 3033 cum
1424 2999 1461 3033 in
1487 2999 1634 3033 archivo
1658 3000 1826 3035 vaticano

53 3057 273 3099 invenisset,
299 3055 420 3090 italice
446 3055 566 3100 posuit
591 3054 628 3088 in
653 3053 836 3088 Historiae
861 3053 1079 3088 tridentinae
1105 3053 1127 3087 l.
1157 3053 1216 3095 18,
1245 3064 1274 3087 0.
1304 3053 1361 3094 15,
1397 3065 1432 3087 11.
1459 3052 1587 3094 2-17,
1613 3053 1740 3088 merito
1767 3054 1826 3089 ad-

54 3112 193 3153 notans,
220 3109 395 3151 Lainium,
421 3108 594 3154 temporis
621 3119 783 3150 avarum,
811 3107 947 3152 scripto
974 3105 1227 3148 restrinxisse,
1264 3106 1356 3150 quod
1385 3105 1478 3140 dicto
1504 3105 1643 3150 largius
1669 3107 1826 3142 fuderat.

55 3164 187 3199 Exstat
220 3165 408 3209 praeterea
443 3161 719 3197 commentarius
755 3160 1025 3206 copiosissimus
1059 3172 1080 3195 a
1105 3159 1230 3194 Lainio
1256 3159 1419 3194 Tridenti
1443 3159 1665 3203 legatorum,
1701 3162 1742 3195 ut
1775 3162 1826 3196 vi-

55 3218 169 3260 detur,
195 3217 298 3251 iussu
324 3217 367 3251 de
394 3216 518 3250 eodem
544 3216 756 3259 argumento
791 3214 828 3248 in
854 3214 1075 3258 eandemque
1109 3213 1326 3248 sententiam
1353 3213 1578 3258 conscriptus
1613 3213 1673 3248 vel
1706 3215 1826 3260 potius

127 3283 150 3306 B
160 3281 436 3312 raunsberger‚
458 3281 569 3305 canisii
583 3279 741 3311 Epistulae
754 3279 785 3304 et
798 3280 882 3304 Acta.
904 3279 958 3304 ΙΙΙ.
1503 3275 1547 3305 32
