2093 3444
474 222 631 256 Monum.
662 221 897 266 (augustana)
927 221 1007 256 263.
1043 221 1091 266 (S.
1117 220 1331 255 Novembris
1360 219 1477 263 1562.)
1777 221 1859 262 647

914 339 1045 381 263.

783 429 815 464 8.
842 427 1055 465 Novembris
1082 428 1175 465 1562.

210 518 266 553 Ex
293 517 368 552 cod.
400 516 505 559 „Can
533 517 576 551 X.
604 517 656 551 U“
687 517 712 551 f.
742 517 819 551 112.
848 518 946 552 1132.

215 596 384 629 Canise'us
411 605 426 628 e
450 605 553 627 sacro
578 598 739 637 angyesta
764 594 881 635 fideles
905 599 1038 637 monet,
1077 598 1111 627 ut
1138 598 1235 627 tanto
1260 594 1373 636 mayae‘s
1400 593 1546 626 Sanetos
1573 594 1707 635 colant,
1735 597 1866 636 (statuto

93 650 291 684 maioribus
315 649 354 681 hi
376 648 574 691 fraudibus
600 658 621 679 a
640 648 806 680 daemone
822 648 924 680 modo
952 649 1211 691 impugynentnr.
1250 647 1462 680 Sanctormn
1479 646 1659 689 historiae,
1689 647 1867 690 essnzayines,

91 704 267 747 reliquiae
295 706 354 735 etc.

211 789 265 830 In
298 789 501 830 contionis
526 788 594 830 die
627 794 769 830 octava.
800 788 900 841 festi
926 788 1122 830 Omnium
1146 790 1395 829 Sanctorum
1420 793 1455 829 et
1477 788 1703 829 Dominica
1725 787 1865 829 XXV.

86 859 183 909 post
215 855 479 896 Pentecosten
512 852 573 905 (δ’.
598 853 865 905 Novembris)
900 855 1015 896 1562
1047 854 1264 909 Auqastae
1298 855 1341 894 in
1375 854 1542 895 ecclesia
1574 853 1809 895 cathedrali
1842 867 1868 894 a

97 919 268 961 Canisio
298 919 468 961 habitae
490 920 786 961 commentario
810 919 861 960 ab
885 920 1064 960 Amlrea
1089 920 1185 961 Sto'r
1207 920 1358 973 scripto
1381 919 1482 960 haec
1503 924 1625 960 szmt:
1659 915 1866 972 [Sathan]

95 985 229 1026 semel
263 984 465 1027 detrusus
498 983 550 1026 de
584 984 703 1026 caelo
727 998 858 1037 aegre
881 983 968 1026 fert
1000 983 1042 1025 in
1075 998 1199 1024 suum
1231 984 1372 1025 locum
1395 983 1578 1026 Sanctos
1601 983 1866 1033 succedere,

93 1050 208 1092 vnde
240 1049 338 1092 illos
370 1051 516 1092 tentat
547 1050 744 1102 grauiter
776 1050 831 1091 ad
862 1052 1046 1091 mortem
1080 1063 1235 1102 usque,
1277 1051 1322 1090 29
1355 1048 1459 1090 Cum
1491 1048 1576 1090 iam
1609 1048 1793 1091 Sanctos
1825 1047 1869 1089 in

96 1115 216 1157 caelo
248 1114 368 1158 uidet
401 1129 427 1157 a
459 1114 630 1157 Christo
664 1117 894 1157 coronatos
936 1117 984 1157 ut
1017 1128 1101 1156 non
1134 1114 1271 1168 possit
1302 1113 1473 1156 illorum
1508 1114 1791 1156 faelicitatem
1825 1115 1869 1156 et

95 1179 277 1234 gloriam
310 1180 542 1235 impedire,
576 1180 725 1223 studet
756 1180 800 1221 in
832 1179 962 1222 terris
993 1179 1091 1221 illos
1122 1179 1344 1234 persequi,
1379 1182 1423 1221 et
1455 1193 1501 1221 se
1534 1178 1619 1221 illis
1651 1192 1869 1233 opponere

95 1245 243 1288 multis
265 1245 403 1288 modis
428 1248 472 1287 19
505 1248 554 1288 ut
576 1246 834 1288 aboleantur
856 1244 1027 1287 illorum
1050 1245 1164 1287 festa
1194 1281 1200 1287 .
1229 1281 1234 1286 .
1263 1278 1286 1291 .,
1322 1246 1367 1287 29
1400 1247 1448 1287 ut
1470 1244 1677 1287 historiae
1698 1244 1870 1286 illorum

96 1314 333 1365 negentur,
368 1314 412 1353 et
443 1311 655 1365 legendae
688 1325 765 1364 pro
798 1311 1047 1364 lugenden1
1083 1311 1347 1360 habeantur,
1388 1324 1483 1351 cum
1524 1313 1699 1352 tamena
1731 1307 1871 1351 sancti

97 1377 190 1420 doc.
214 1376 523 1431 descripserint
545 1376 692 1418 Hiero.
718 1377 874 1418 Euseb.
895 1375 1111 1430 Nicepl1.2
1135 1374 1220 1430 [et]
1245 1375 1431 1417 maiores
1453 1389 1659 1428 magnum
1682 1374 1871 1417 fructum

98 1456 154 1484 ex
186 1442 446 1485 Sanctorum
479 1441 691 1496 exemplis
724 1440 993 1496 acceperint,
1038 1443 1082 1483 et
1114 1455 1191 1483 nos
1231 1440 1406 1482 credere
1439 1440 1582 1494 potius
1615 1438 1872 1482 Christianis

98 1508 345 1557 debeamus,
392 1521 521 1561 quam
566 1506 763 1550 Ethnicis
804 1505 1166 1560 historiographis
1210 1541 1217 1547 .
1262 1507 1303 1547 3⁰
1340 1506 1401 1547 Vt
1445 1505 1658 1558 imagines
1700 1504 1873 1546 illorum

99 1573 382 1615 destruantur
414 1586 525 1626 quae
557 1575 659 1615 sunt
690 1572 787 1626 librj
810 1571 1039 1614 Laicorum
1073 1575 1116 1614 et
1149 1571 1368 1625 sapientes
1391 1570 1520 1613 etiam
1554 1570 1789 1612 admonent
1821 1569 1873 1610 de

98 1638 247 1681 multis
280 1638 409 1680 rebus
431 1637 526 1693 pijs.
565 1674 570 1680 .
599 1674 605 1680 .
629 1674 635 1680 .
682 1639 743 1680 42³
777 1637 837 1679 Vt
869 1637 1120 1692 sepulturae
1153 1637 1410 1679 Sanctorum
1437 1635 1771 1690 uilipendantur.
1799 1670 1806 1677 .
1834 1670 1840 1676 .
1864 1669 1871 1675 .

102 1706 147 1746 59
181 1704 241 1747 Vt
274 1706 609 1746 contemnantur
650 1706 693 1745 et
734 1702 1019 1757 proijciantur
1051 1702 1309 1744 Sanctorum
1351 1716 1462 1744 ossa.
1490 1737 1496 1743 .
1524 1737 1530 1743 .
1559 1737 1565 1743 .
1632 1703 1670 1743 6.
1704 1700 1766 1743 Vt
1799 1701 1875 1742 ab·

101 1770 302 1813 oleantur
332 1769 493 1811 ieiunia
526 1771 569 1811 et
592 1768 767 1822 uigiliae
799 1767 842 1809 in
868 1768 1030 1809 honore
1054 1768 1311 1810 Sanctorum
1333 1766 1547 1809 instituta.
1575 1802 1581 1808 .
1609 1802 1616 1808 .
1644 1801 1650 1807 .
1688 1767 1733 1807 79
1766 1765 1875 1807 Con-

100 1834 244 1878 tendit
277 1834 444 1877 Sathan
475 1834 680 1883 breuiter,
718 1847 887 1876 omnem
911 1833 1166 1875 Sanctorum
1200 1832 1451 1874 memoriam
1483 1832 1669 1881 abolere,
1702 1830 1876 1872 illorum

100 1900 275 1942 nomina
317 1914 339 1942 e
380 1899 675 1942 Kalendariob
719 1898 898 1941 eradere
940 1911 1108 1939 omnem
1152 1897 1238 1939 illis
1281 1897 1488 1938 honorem
1534 1895 1785 1946 detrahere,
1832 1897 1877 1937 et

103 1965 305 2019 quicquid
336 1965 380 2006 in
413 1979 561 2007 eorum
594 1964 847 2006 memoriam
880 1963 1154 2005 aedificatum
1188 1965 1232 2004 et
1256 1962 1499 2005 ordinatum
1533 1965 1601 2004 est
1632 1960 1876 2015 opprimere

102 2033 147 2073 et
188 2031 434 2081 destruere,
476 2031 552 2073 Jta
591 2032 739 2084 sperat
779 2043 864 2071 non
906 2028 1045 2070 solum
1085 2027 1256 2070 Sanctis
1298 2028 1372 2069 sed
1415 2027 1543 2070 etiam
1588 2026 1757 2069 Christo
1798 2039 1876 2067 no-

103 2098 351 2139 cumentum
374 2096 559 2145 adferre,
594 2094 835 2137 Ecclesiam
859 2094 1032 2148 priuare
1055 2099 1236 2146 magno⁰
1261 2093 1479 2143 thesauro,
1515 2094 1559 2134 et
1585 2092 1714 2134 fidem
1735 2091 1876 2145 ipsam

102 2161 242 2215 magis
275 2161 580 2215 extinguered,
624 2161 736 2203 sicut
776 2160 862 2202 iam
895 2159 1057 2214 passim
1100 2158 1339 2211 extinguit,
1383 2159 1506 2200 tanto
1548 2156 1688 2211 magis
1724 2158 1878 2198 contra

105 2227 343 2269 Sathanam
376 2226 501 2268 nobis
533 2226 720 2268 eundum
753 2228 797 2268 et
828 2224 981 2278 maiorj
1015 2223 1156 2266 studio
1191 2223 1357 2265 colendi
1391 2222 1550 2265 Sancti.

226 2293 385 2345 Quibus
415 2291 552 2334 verbis
584 2306 608 2333 a
643 2292 780 2333 Stoi-io
813 2291 980 2345 scriptis
1015 2290 1216 2331 Canisius
1257 2303 1335 2330 seca
1378 2303 1508 2330 manu
1545 2289 1646 2330 haec
1679 2287 1878 2329 addid-it.-

105 2357 266 2407 Quibus
299 2357 524 2399 fraudibus
558 2356 722 2399 Sathan
756 2355 962 2398 honorem
996 2354 1253 2396 Sanctorum
1287 2356 1506 2396 extenuet.

229 2424 249 2464 1
284 2422 449 2477 Jncipit
489 2423 544 2464 ab
577 2421 770 2464 externis
812 2434 924 2474 quae
966 2419 1105 2473 magis
1146 2421 1335 2462 mouent.
1399 2418 1507 2468 Quid
1550 2432 1657 2473 opus
1690 2430 1877 2471 grauare

105 2488 312 2543 populum
344 2489 412 2530 tot
442 2486 582 2538 festis,
616 2500 757 2529 nonne
789 2485 943 2527 melius
975 2485 1176 2527 laborare
1209 2498 1338 2537 quam
1370 2485 1483 2526 male
1515 2483 1676 2526 feriari.

228 2555 252 2594 2
286 2552 382 2606 quis
403 2552 548 2594 nouit0
581 2566 636 2594 an
658 2551 745 2594 sint
767 2550 907 2593 sancti
931 2585 938 2592 .
964 2550 1101 2591 multa
1123 2549 1377 2603 excogitata
1399 2552 1443 2592 et
1465 2549 1580 2591 falsa
1600 2549 1645 2590 in
1666 2547 1876 2602 legendis,

227 2704 241 2719 ἃ
271 2698 367 2739 Quae
391 2702 600 2741 sequuntur,
629 2708 735 2740 usque
760 2696 808 2729 ad
825 2694 976 2739 Niceph.
1004 2695 1098 2738 incl„
1125 2705 1147 2727 a
1177 2694 1212 2728 C.
1232 2696 1307 2737 ipso
1332 2705 1446 2737 supra
1470 2704 1608 2727 versam
1634 2694 1760 2727 addita
1784 2698 1877 2728 sunt.

228 2752 242 2772 b
269 2750 487 2784 Kalendaria
513 2751 564 2784 St.
663 2755 674 2770 ⁰
700 2750 734 2783 A
761 2749 811 2783 St.
840 2752 1034 2782 correctum
1060 2759 1103 2781 ex
1128 2758 1280 2781 summo.

227 2805 242 2824 d
268 2806 302 2838 A
330 2804 380 2838 St.
407 2807 603 2837 correctum
629 2814 672 2836 ex
697 2802 901 2836 extendere.
1019 2806 1031 2821 θ
1059 2801 1230 2844 Sequitur
1255 2799 1383 2844 qualis,
1410 2811 1433 2833 a
1463 2800 1499 2834 Ο.
1526 2800 1603 2844 ipso
1629 2800 1877 2834 oblitteratum.

235 2940 242 2958 ¹
269 2937 450 2981 Lugende,
477 2936 650 2980 Lugente,
678 2936 848 2980 Liigende
867 2950 911 2965 z
931 2935 1029 2978 Liige
1057 2933 1336 2978 (mendacium);
1364 2945 1471 2978 quam
1491 2933 1593 2967 verbi
1617 2932 1725 2966 huius
1752 2932 1879 2966 distor-

109 2992 244 3026 tionem
261 2990 441 3025 Lutherus
467 2989 623 3035 primum
648 3000 843 3034 usurpasse
869 2988 1012 3023 videtur
1032 2988 1126 3032 (Jac.
1146 3000 1180 3022 u.
1199 2988 1301 3022 thh.
1325 2988 1476 3031 Grlmm,
1501 2985 1704 3020 Deutsches
1718 2985 1880 3020 Worter-

110 3045 205 3080 buch
232 3045 283 3080 VI
310 3043 472 3089 [Leipzig
500 3042 616 3088 1885]‚
646 3043 765 3086 1279).

231 3098 245 3118 2
272 3097 449 3132 Eusebius
483 3096 735 3132 Caesareensis
774 3096 809 3137 (†
835 3095 941 3139 340),
978 3095 1039 3140 qui
1073 3097 1217 3140 praeter
1251 3093 1448 3128 Historiam
1482 3092 1774 3127 Ecclesiastieam
1811 3094 1879 3127 etc.

112 3151 218 3187 Vitas
244 3153 446 3196 martyrum
471 3149 789 3196 palaestinensium
816 3148 980 3194 scripsit,
1008 3150 1043 3183 et
1068 3147 1292 3193 Nicephorus
1319 3146 1459 3181 Callisti
1487 3146 1524 3190 (†
1549 3149 1631 3192 post
1659 3145 1787 3190 1341),
1820 3145 1881 3190 qui

113 3208 150 3240 et
175 3206 253 3251 ipse
279 3204 477 3239 Historiam
504 3203 796 3238 Ecclesiasticam
823 3202 980 3247 scripsit.
1027 3201 1080 3236 De
1107 3201 1326 3247 Hieronymo
1353 3200 1436 3234 vide
1462 3211 1571 3245 supra
1595 3211 1629 3245 p.
1657 3199 1736 3234 279.
