2093 3444
213 171 299 211 426
778 165 857 200 682.
895 164 1062 202 canisius
1087 166 1267 202 Stanislao
1293 166 1415 201 Hosio.

332 285 371 327 di
405 285 545 326 Viena
577 286 621 327 et
651 283 819 325 hanche
852 282 953 324 delli
985 278 1087 325 altri
1119 282 1276 336 collegi
1308 282 1343 324 ci
1378 282 1619 324 manchano
1652 282 1982 335 quadrimestre.
2035 266 2040 311 i'

211 351 264 393 V.
298 349 562 392 Reuerentia
603 349 672 391 dia
715 347 863 390 ordine
905 348 983 389 che
1015 347 1049 390 si
1083 347 1285 390 mandino
1327 350 1444 391 tutte
1485 348 1627 401 quelle
1660 348 1737 389 che
1769 361 1874 390 sono
1906 362 1983 390 ne-

212 416 376 458 cesarie
393 416 420 458 1.
464 429 549 456 non
590 416 710 456 resta
752 413 865 456 altro
907 413 985 454 che
1026 426 1094 455 me
1136 412 1226 455 dire
1263 413 1311 467 jn
1353 415 1507 466 questa
1548 416 1617 456 etc
1651 447 1659 455 .
1695 412 1736 454 di
1772 412 1912 455 Roma
1952 413 1982 455 li
2034 405 2041 419 “’
2083 421 2093 438 ⁰

214 483 267 524 ,2.
303 481 345 523 di
376 480 550 534 maggio
588 481 713 521 1562.

330 546 393 588 La
424 545 639 588 setimana
671 546 828 598 pasata
860 542 896 585 si
930 543 1110 594 mando,
1154 545 1179 585 a
1212 543 1263 586 V.
1298 543 1563 586 Reuerentia
1594 557 1680 585 vna
1720 544 1881 586 lettera
1913 543 1983 585 del

213 611 440 654 Cardinale
485 610 537 652 de
579 610 780 662 Augusta
822 608 894 663 pel
935 607 1132 662 Capitolo
1177 608 1354 650 acioche
1397 608 1473 650 sel'
1502 608 1572 650 dia
1615 608 1792 651 licentia
1834 608 1983 662 perfar

212 677 256 718 la
288 676 419 718 uisita
436 676 464 718 2.

331 819 619 855 Vindobonensis
654 820 763 863 atque
799 818 907 852 etiam
943 817 1162 862 reliquorum
1199 817 1430 862 collegiorum
1466 818 1608 853 litteras
1639 819 1815 863 quasdam
1841 819 1982 864 quadri·
2027 822 2043 826 ’“
2092 819 2093 826 ’

211 876 365 908 mestres
391 885 460 907 non
480 872 705 918 accepimus;
732 883 843 916 quare
869 871 1072 906 reverentia
1091 874 1225 913 vestra,
1252 874 1427 916 quotquot
1446 884 1568 906 earum
1587 872 1753 918 exempla
1776 873 1983 907 necessaria

211 929 297 962 sunt
311 929 330 969 ¹,
367 927 461 961 mitti
498 926 630 960 iubeat.
680 925 806 969 Neque
842 925 937 959 aliud
964 925 1095 968 habeo,
1131 925 1224 969 quod
1259 925 1296 959 in
1322 925 1389 960 hac
1416 925 1570 970 epistula
1599 925 1715 961 dicam
1751 928 1818 961 etc.
1869 926 1982 961 Roma
2047 933 2049 940 ⁴

216 982 248 1015 2.
276 981 363 1015 Maii
392 981 494 1014 1562.

331 1034 519 1079 Superiore
555 1033 774 1067 hebdomade
810 1032 855 1066 ad
890 1032 1131 1066 reverentiam
1167 1034 1328 1067 vestram
1366 1032 1507 1067 litteras
1544 1033 1707 1068 misimus
1746 1045 1767 1068 a
1801 1033 1982 1068 cardinale

212 1089 424 1132 Augustano
459 1087 504 1122 ad
531 1086 727 1132 capitulum
754 1086 874 1126 datas,
910 1088 951 1119 ut
976 1085 1016 1120 R.
1036 1085 1078 1120 V.
1107 1086 1264 1120 facultas
1299 1086 1452 1131 collegia
1486 1086 1664 1121 invisendi
1691 1087 1946 1122 concederetur
1957 1087 1981 1122 ².

1031 1205 1162 1246 (382.

949 1297 1246 1346 CANISIUS

528 1396 940 1441 STANISLAO
975 1396 1385 1439 CARDINALI
1416 1395 1665 1450 110S10‚

474 1480 533 1513 uni
562 1492 606 1513 ex
632 1478 771 1513 concilii
798 1478 983 1512 tridentini
1011 1479 1238 1524 praesidibus
1265 1480 1301 1513 et
1327 1479 1494 1524 episcopo
1520 1478 1726 1513 varmiensi.

852 1565 1051 1613 Oeniponte
1075 1565 1110 1601 4.
1137 1564 1222 1601 Maii
1248 1564 1342 1601 1562.

332 1650 387 1683 Ex
422 1649 645 1694 autographo
683 1649 755 1693 (20;
795 1650 811 1683 1
839 1661 892 1694 p.;
930 1649 965 1683 in
1000 1661 1034 1694 p.
1061 1650 1094 1683 4.
1121 1648 1228 1683 inscr.
1262 1650 1298 1682 et
1333 1647 1429 1692 sig.).
1482 1647 1566 1683 Cod.
1599 1648 1746 1692 gothan.
1778 1649 1835 1692 „E.
1864 1648 1908 1684 H.
1935 1649 1975 1683 2“

213 1703 237 1738 f·
266 1704 310 1738 30
335 1704 639 1801 Eikautographo
667 1756 857 1801 epistulam
885 1756 1022 1801 primns
1055 1755 1244 1799 evulgavit
1274 1756 1478 1800 Cyprianus
1508 1755 1531 1789 l.
1559 1767 1588 1790 c.
1615 1767 1648 1800 p.
1675 1755 1874 1791 231—232.
1925 1755 1980 1790 Ex

214 1822 284 1855 quo
311 1810 487 1856 epistulae
514 1814 635 1855 partes
662 1812 859 1855 posuerunt
885 1811 1200 1854 Layomm·se'nitcs,
1229 1809 1376 1853 Pogiani
1403 1808 1587 1854 Epistolae
1614 1808 1674 1850 111,
1701 1810 1776 1851 67⁰,
1804 1811 1840 1844 et
1866 1811 1981 1844 Boero

217 1863 382 1908 (italice),
411 1864 495 1898 Can.
523 1876 554 1908 p.
582 1864 781 1898 244—245.

332 1941 443 1974 Hosio
466 1943 606 1984 yrafe'as
632 1943 716 1984 ayt't,
744 1941 837 1984 quod
861 1941 982 1974 Socios
1005 1940 1168 1973 Tridenti
1191 1939 1397 1973 humaniter
1422 1941 1554 1982 excepit
1579 1943 1683 1983 atque
1706 1951 1840 1983 &emper
1866 1941 1979 1974 Socie-

212 1997 296 2028 tatoe's
314 1999 510 2038 patronum
538 2006 572 2028 se
597 1999 764 2035 praestat.
817 1995 895 2037 Ipse
926 1994 1132 2026 Tridentum
1159 1995 1295 2036 venire,
1334 1994 1370 2026 id
1396 1994 1489 2036 quod
1514 1994 1649 2027 Hosius
1674 1994 1872 2038 desiderat,
1908 2004 1979 2027 non

209 2053 338 2092 potest,
375 2050 459 2091 quia
491 2053 519 2081 ct
548 2048 727 2091 Aussustae
761 2048 856 2081 brevi
891 2048 1093 2080 contionari
1127 2051 1157 2080 et
1188 2047 1340 2089 colleyiis
1370 2047 1438 2079 sibi
1471 2047 1621 2080 subditis
1648 2048 1850 2091 prospicere
1875 2047 1979 2081 debet.

211 2103 326 2145 Atque
361 2102 508 2135 concillo
538 2102 706 2136 canisius
734 2112 870 2144 parum
904 2101 1004 2134 utilis
1036 2101 1139 2143 foret.
1191 2101 1335 2133 Venient
1371 2105 1486 2133 autem
1521 2101 1678 2134 Lainius
1713 2105 1743 2134 et
1778 2101 1977 2144 SMmeron,

211 2157 462 2198 eoespectalioni
485 2156 718 2197 satisfacturi.
773 2155 1015 2198 „Sasona-mn
1035 2152 1267 2198 prodiyium“
1296 2157 1327 2187 et
1351 2154 1507 2187 libellum
1531 2154 1761 2188 lutheranum
1785 2155 1901 2188 mittit.

1081 2243 1108 2294 ,

459 2326 579 2368 Paxa
612 2325 768 2369 Christi
802 2325 1024 2368 nobiscum
1055 2325 1279 2368 Illustriss.
1313 2325 1495 2368 Domine
1527 2325 1729 2368 Patrone.

330 2409 441 2450 Veni
480 2408 548 2450 his
589 2408 738 2450 diebus
780 2408 1091 2462 Oenipontum,
1135 2411 1184 2450 vt
1225 2407 1326 2449 noui
1367 2407 1536 2462 collegij
1578 2421 1648 2450 res
1689 2409 1977 2462 apparentur:

210 2476 423 2516 uenerunt
455 2476 499 2516 et
531 2487 586 2515 ex
618 2473 735 2515 Vrbe
768 2473 927 2524 nostri,
971 2472 1267 2527 amplitudinis
1298 2475 1401 2515 tuae
1442 2472 1757 2515 humanitatem
1788 2472 1978 2514 maxime

208 2538 511 2593 praedicantes
527 2539 555 2581 3.
619 2538 782 2580 Verum
815 2538 924 2580 satis
957 2552 1038 2591 ego
1080 2537 1328 2580 iamdudum
1362 2540 1637 2592 perspectum
1669 2537 1829 2588 habeo,
1872 2536 1978 2578 nihil

209 2618 235 2646 a
268 2603 532 2646 Celsitudine
563 2605 640 2645 tua
672 2603 963 2658 praetermitti,
998 2603 1111 2656 quod
1144 2603 1199 2645 ad
1230 2603 1441 2645 iuuandos
1471 2602 1773 2656 ornandosque
1804 2604 1978 2644 nostros

209 2669 428 2724 pertinere
468 2668 681 2712 uideatur.
744 2667 885 2718 Quare
926 2682 1116 2710 summas
1155 2682 1323 2710 summo
1355 2668 1446 2710 Deo
1488 2668 1656 2721 gratias
1697 2668 1902 2710 debemus
1935 2668 1980 2710 et

209 2734 400 2788 agimus,
448 2733 520 2788 qui
560 2733 694 2776 talem
738 2736 996 2787 tantumque
1040 2733 1277 2776 Patronum
1320 2732 1443 2775 nobis
1487 2733 1710 2776 fauentem
1754 2746 1805 2775 ac
1848 2733 1978 2774 bene-

209 2799 336 2841 ficum
370 2800 531 2841 seruat.

327 2926 342 2940 ³
368 2920 446 2953 Hoc
471 2931 499 2953 v.
528 2924 559 2953 et
585 2921 605 2952 5
629 2930 702 2963 sqq.
729 2930 752 2952 a
782 2919 887 2963 Cypr.
916 2922 1044 2954 omissa
1068 2925 1161 2954 sunt.

332 3044 341 3063 ¹
368 3042 458 3076 Vide
484 3054 594 3088 supra
619 3054 654 3087 p.
681 3042 726 3077 60
737 3043 760 3076 ³.

329 3096 342 3116 2
367 3095 419 3130 De
444 3095 502 3130 his
526 3095 670 3136 litteris,
697 3095 810 3129 Roma
836 3095 892 3129 25.
916 3094 1052 3140 Aprilis
1081 3094 1171 3129 1562
1197 3094 1302 3136 datis,
1329 3094 1412 3129 vide
1438 3094 1543 3137 infra,
1569 3105 1724 3128 monum.
1750 3093 1832 3128 281.

329 3149 342 3168 ³
367 3148 419 3182 De
445 3148 512 3182 hac
536 3148 761 3183 humanitate
786 3147 871 3182 vide
898 3159 1009 3193 supra
1034 3160 1067 3193 p.
1094 3147 1176 3182 406.
