2093 3444
191 230 291 257 XXH
742 212 787 246 ll.
823 211 1050 246 Prooemium
1077 210 1272 245 voluminis
1298 210 1408 245 tertii.

191 331 385 374 Canisius
418 329 645 372 concilium
678 329 765 381 (cui
797 330 982 384 primum
1024 331 1291 382 congregato
1332 328 1425 382 ipse
1466 342 1505 371 a.
1542 330 1652 371 1547
1698 328 1962 372 interfuerat

191 395 422 439 cardinalis
443 394 693 449 Augustani
723 394 973 448 theologus)
1007 394 1324 445 „necessarium
1348 393 1556 436 ecclesiae
1577 394 1838 436 remedium“
1866 408 1962 437 esse

190 462 395 504 censebat
437 461 530 515 (14)
572 475 711 514 neque
753 460 891 502 solum
934 460 1161 513 Augustae
1203 473 1259 501 ex
1300 458 1508 501 ecclesiae
1551 459 1814 501 cathedralis
1858 474 1961 513 sug-

189 530 339 581 gestu,
374 526 527 580 quanti
558 526 765 568 momenti
799 528 937 576 esset,
982 524 1185 579 exposuit
1217 527 1261 567 et
1294 525 1455 566 multas
1487 538 1565 578 pro
1598 524 1689 566 eius
1720 524 1836 567 felici
1867 539 1961 567 suc-

189 606 314 634 cessu
348 591 622 645 precationes
655 594 699 634 et
731 591 824 645 ipse
856 590 1048 633 faciebat
1081 592 1125 632 et
1157 590 1211 632 ab
1244 589 1340 631 aliis
1378 589 1600 631 faciendas
1639 590 1809 633 curavit
1841 590 1959 644 (622.

189 659 288 700 375.
324 659 422 700 392.
458 659 557 700 444.
593 658 693 700 457.
730 656 855 706 759),
898 656 974 697 sed
1016 655 1149 697 etiam
1191 655 1416 709 episcopos
1450 654 1729 705 Germaniae,
1775 658 1824 698 ut
1865 655 1961 698 Tri-

189 723 366 765 dentum
400 723 470 764 vel
501 722 583 777 ipsi
616 722 729 764 irent
762 721 832 763 vel
865 722 1023 763 saltem
1056 724 1254 762 oratores
1287 720 1536 770 mitterent,
1583 721 1842 775 compluries
1883 721 1960 764 ad-

186 787 354 830 monuit
377 787 514 841 (383).
555 787 669 837 Quos
699 787 917 837 „cunctari
939 800 1058 828 more
1081 788 1183 828 suo“
1217 785 1396 836 „mirum
1419 788 1464 828 et
1485 785 1803 828 miserandum“
1832 787 1961 829 duce-

186 854 276 896 bat.
346 853 526 904 „Omnia
567 852 800 895 metuimus
842 852 981 905 magis
1020 866 1149 905 quam
1191 852 1330 893 solum
1363 851 1526 893 Deum“
1573 851 1692 903 (317.
1727 853 1825 895 319.
1861 854 1960 896 395.

187 921 287 962 409.
323 919 441 972 437).
507 918 571 960 Ac
603 932 714 971 quae
746 917 907 959 Hosius
940 917 1148 960 Tridento
1185 919 1252 959 10.
1286 916 1510 958 Februarii
1548 918 1659 958 1562
1694 917 1864 959 Canisio
1909 918 1961 960 de

185 984 534 1039 protestantibus
567 983 824 1037 scripserat:
875 983 1112 1033 „Veniant‚
1146 982 1347 1032 veniant,
1391 996 1662 1035 quocumque
1704 982 1846 1024 animo
1885 997 1961 1025 ve-

187 1049 322 1099 niant,
355 1049 574 1104 reperient
606 1048 674 1090 hic
705 1048 876 1090 viscera
908 1050 1120 1102 paternae
1153 1047 1381 1089 charitatis
1414 1048 1565 1101 plena“
1594 1047 1731 1100 (377),
1766 1047 1962 1090 Canisius

186 1115 354 1168 aliquot
385 1115 604 1157 mensibus
637 1116 737 1168 post
769 1127 968 1155 sermone
1001 1113 1172 1155 ardenti
1203 1112 1398 1166 repetiit:
1432 1113 1740 1155 Protestantes
1765 1112 1962 1156 Tridenti

194 1181 424 1231 „liberans‘
462 1180 688 1223 habituros
721 1193 817 1221 esse
847 1179 1059 1232 synodum
1090 1179 1435 1231 „clementesque
1459 1180 1684 1220 censores“
1714 1181 1798 1221 etc.
1822 1178 1960 1232 (457).

186 1246 392 1289 Eiusdem
425 1246 487 1288 rei
519 1246 665 1299 gratia
698 1245 829 1287 etiam
863 1243 1031 1286 concilii
1062 1243 1334 1298 praesidibus
1367 1243 1519 1294 suasit,
1555 1246 1602 1286 ut
1634 1246 1806 1298 patrum
1836 1244 1961 1287 theo-

186 1312 471 1365 logorumque
512 1311 555 1353 in
597 1310 777 1353 concilio
819 1312 1184 1363 congregatorum
1226 1309 1401 1351 nomina
1443 1311 1488 1351 et
1529 1310 1753 1362 elegantes
1795 1309 1962 1363 aliquot

187 1391 408 1419 sermones
431 1377 485 1419 ab
507 1376 560 1418 iis
584 1376 755 1418 recitati
779 1375 896 1429 typis
920 1375 1232 1428 evulgarentur
1255 1374 1373 1426 (325.
1399 1376 1498 1416 346.
1524 1375 1642 1427 373).
1686 1374 1790 1416 Cum
1813 1377 1961 1417 tamen

187 1457 422 1493 caesarem,
457 1442 721 1484 cardinalem
754 1441 1074 1494 August-anum,
1110 1439 1277 1482 concilii
1310 1440 1480 1493 legatos
1513 1440 1566 1482 de
1589 1439 1758 1482 Canisio
1781 1440 1960 1482 Triden-

186 1511 278 1551 tum
312 1508 534 1550 evocando
568 1507 763 1560 cogitare
786 1506 969 1558 audiret,
1004 1506 1131 1548 valde
1154 1506 1408 1553 recusabam
1444 1520 1543 1547 nam
1577 1505 1654 1555 „ad
1677 1519 1766 1547 rem
1789 1508 1960 1548 tantam

187 1587 324 1627 aeque
356 1573 534 1615 idoneus
567 1575 698 1625 atque
731 1572 785 1614 ad
818 1572 959 1625 lyram
992 1571 1162 1613 asinus“
1195 1574 1238 1613 et
1260 1571 1348 1612 illic
1376 1571 1526 1621 „idem,
1561 1571 1674 1623 quod
1697 1584 1825 1613 anser
1846 1570 1962 1613 inter

187 1639 352 1681 olores“
399 1639 573 1681 futurus
615 1651 710 1679 esse
751 1637 830 1679 sibi
873 1636 1104 1679 videbatur
1137 1635 1255 1688 (347.
1291 1638 1390 1678 391.
1427 1638 1465 1679 2.
1503 1636 1605 1688 727)
1646 1636 1829 1689 ideoque
1871 1635 1961 1678 Au-

187 1707 344 1758 gustae
381 1704 583 1758 „frigide“
623 1702 864 1746 contionari
900 1716 1027 1755 quam
1052 1701 1247 1744 Tridenti
1285 1701 1456 1756 „inepte
1489 1701 1737 1756 disputare“
1769 1701 1962 1744 malebat

188 1770 325 1823 (255).
375 1770 435 1812 At
466 1770 644 1812 tandem
686 1783 742 1811 ex
784 1767 998 1810 communi
1041 1767 1346 1816 cardinalium,
1391 1767 1463 1820 qui
1504 1766 1670 1820 synodo
1712 1769 1959 1821 praeerant,

188 1835 394 1888 suffragio
434 1836 510 1885 „ob
545 1834 786 1877 doctrinam
821 1837 864 1876 ct
896 1848 1038 1875 rerum
1073 1832 1412 1887 experientiam“
1451 1829 1671 1887 pontificia
1698 1831 1961 1874 auctoritate

187 1901 424 1943 arcessitus
457 1901 575 1953 (434.
612 1902 728 1953 725),
762 1914 818 1941 m.
849 1899 964 1941 Maio
992 1900 1103 1939 1562
1138 1898 1391 1940 Tridentum
1425 1898 1636 1940 advectus
1669 1900 1713 1939 et
1744 1897 1960 1950 theologis

192 1966 478 2018 „minoribus‘·'
517 1967 828 2008 annumeratus
861 1967 940 2006 est.
993 1964 1109 2013 Quos
1142 1977 1197 2004 ex
1219 1963 1353 2005 variis
1385 1963 1631 2005 nationibus
1660 1964 1780 2004 ortos
1811 1962 1960 2011 libere,

186 2032 405 2082 modeste,
449 2032 642 2085 copiose,
691 2030 938 2072 doctissime
984 2030 1208 2083 disputare
1250 2028 1368 2082 (455.
1412 2030 1517 2081 464)
1559 2031 1691 2080 atque
1731 2027 1846 2069 inter
1886 2041 1961 2069 eos

189 2097 485 2140 Salineronem
518 2096 732 2138 excellere
765 2109 815 2137 ac
854 2109 1083 2148 ⁷,magnum
1115 2094 1322 2136 honorem
1347 2093 1555 2136 Societati
1581 2093 1808 2135 attulisse“
1837 2091 1961 2145 (461)

187 2161 347 2205 litteris
379 2161 587 2204 Tridento
620 2161 804 2202 Romam
837 2163 880 2202 et
912 2160 955 2201 in
989 2160 1267 2201 Germaniam
1307 2159 1449 2201 missis
1495 2159 1757 2201 affirmabat.
1815 2157 1961 2211 Atque

189 2227 281 2281 ipse
326 2227 455 2269 etiam
500 2226 696 2268 Canisius
740 2228 915 2280 patrum
959 2225 1347 2278 theologorumque
1390 2223 1525 2266 Indici
1566 2223 1841 2266 reformando
1887 2223 1961 2265 de-

189 2293 461 2345 signatorum
485 2291 667 2345 collegio
692 2291 908 2345 ascriptus
932 2293 1011 2341 est,
1046 2290 1238 2332 Antonio
1261 2290 1373 2331 Brus
1400 2289 1723 2343 archiepiscopo
1755 2287 1960 2343 pragensi

189 2357 465 2411 Caesarisque
507 2357 671 2400 oratori
712 2356 944 2411 praecipuo
992 2355 1184 2397 nonnihil
1226 2369 1384 2409 operae
1438 2354 1642 2404 navavit,
1696 2353 1961 2396 cardinalem

189 2422 393 2471 Hosium,
437 2422 506 2475 qui
541 2423 678 2465 multa
715 2423 926 2472 ,‚arcana“
965 2436 1060 2463 cum
1094 2435 1144 2463 eo
1179 2420 1548 2470 communicabat,
1592 2432 1723 2473 saepe
1754 2419 1961 2461 multum-

190 2502 272 2541 que
316 2487 484 2530 adiuvit
528 2486 646 2540 (442.
693 2488 792 2528 449.
840 2485 957 2539 753).
1030 2486 1079 2527 In
1124 2485 1342 2540 publicum
1387 2498 1559 2538 quoque
1603 2483 1775 2538 prodire
1820 2485 1865 2526 et
1909 2483 1962 2525 de

190 2553 376 2606 quinque
416 2552 502 2594 illis
548 2552 791 2603 „articulis“
840 2552 895 2593 ad
936 2565 1061 2593 usum
1105 2564 1258 2592 sacrae
1307 2549 1597 2592 eucharistiae
1648 2547 1961 2603 spectantibus,

190 2618 262 2671 qui
294 2618 595 2671 theologorum
620 2616 901 2671 disputationi
925 2616 1135 2671 propositi
1158 2619 1297 2666 erant,
1334 2617 1401 2658 15.
1425 2615 1451 2657 J
1456 2615 1527 2656 uni
1553 2615 1665 2656 1562
1689 2612 1808 2668 (post
1829 2627 1962 2668 pran-

190 2684 324 2736 dium)
357 2683 619 2726 sententiam
653 2683 794 2724 dicere
827 2685 1003 2725 coactus
1036 2684 1103 2723 est
1136 2680 1254 2734 (462.
1290 2682 1388 2723 743.
1425 2679 1541 2732 753).
1605 2678 1684 2728 Qui
1718 2692 1859 2720 sermo
1893 2692 1962 2720 ce-

190 2748 439 2790 lebritatem
481 2748 699 2801 quandam
740 2750 967 2789 assecutus
1002 2749 1070 2788 est
1103 2760 1174 2796 eo,
1218 2746 1331 2799 quod
1363 2744 1560 2787 Canisius
1592 2743 1856 2798 principibus
1889 2757 1962 2785 ca-

189 2814 316 2855 licem
359 2828 437 2867 pro
476 2813 598 2855 laicis
639 2812 887 2867 petentibus
931 2811 1095 2865 aliquid
1140 2810 1461 2853 concedendum
1507 2823 1602 2851 esse
1647 2808 1850 2862 opinatus
1895 2809 1963 2850 est

214 2879 478 2931 749—754).

311 2943 506 2985 Canisius
538 2943 582 2984 in
615 2942 803 2997 epistula
825 2944 995 2984 secreta
1017 2941 1072 2983 ad
1095 2941 1301 2983 Sanctum
1326 2939 1605 2982 Franciscum
1627 2937 1835 2991 Borgiam
1858 2937 1962 2979 data

194 3008 246 3049 de
285 3008 366 3050 hoc
398 3022 618 3050 sermone:
669 3008 992 3058 „Successum“,
1035 3006 1196 3059 inquit,
1241 3005 1339 3056 „alii
1372 3003 1691 3046 commendant.
1752 3001 1963 3044 Dominus

193 3072 296 3113 mihi
342 3073 482 3115 adfuit
525 3087 602 3127 per
646 3072 889 3114 communia
934 3070 1166 3114 Societatis
1213 3070 1447 3122 suffragia“
1500 3067 1786 3121 (461—462).
1863 3066 1963 3108 Ser—

194 3150 364 3178 monem
396 3137 536 3191 ipsum
569 3138 763 3191 Angelus
796 3136 1100 3186 Massarellus,
1144 3134 1310 3177 concilii
1343 3133 1626 3182 secretarius,
1665 3131 1753 3173 suis
1786 3131 1962 3173 auribus

195 3204 426 3255 exceptum
459 3216 576 3244 more
609 3217 685 3244 suo
717 3201 877 3244 litteris
910 3200 1197 3253 consignavit,
1231 3198 1463 3241 admodum
1491 3200 1640 3239 tamen
1662 3194 1855 3238 breviter
1886 3208 1962 3236 ne-
