<?xml version="1.0" encoding="UTF-8"?>
<!DOCTYPE html PUBLIC "-//W3C//DTD XHTML 1.0 Transitional//EN"
    "http://www.w3.org/TR/xhtml1/DTD/xhtml1-transitional.dtd">
<html xmlns="http://www.w3.org/1999/xhtml" xml:lang="en" lang="en">
 <head>
  <title>
</title>
<meta http-equiv="Content-Type" content="text/html;charset=utf-8" />
  <meta name='ocr-system' content='tesseract 3.04.00' />
  <meta name='ocr-capabilities' content='ocr_page ocr_carea ocr_par ocr_line ocrx_word'/>
</head>
<body>
  <div class='ocr_page' id='page_1' title='image "beatipetricanisi03cani_0108.png"; bbox 0 0 2093 3444; ppageno 0'>
   <div class='ocr_carea' id='block_1_1' title="bbox 191 143 1428 212">
    <p class='ocr_par' dir='ltr' id='par_1_1' title="bbox 191 143 1428 212">
     <span class='ocr_line' id='line_1_1' title="bbox 1391 143 1404 156; baseline 0 0"><span class='ocrx_word' id='word_1_1' title='bbox 1391 143 1404 156; x_wconf 61' lang='grc' dir='ltr'>ι</span> 
     </span>
     <span class='ocr_line' id='line_1_2' title="bbox 191 167 1428 212; baseline -0.002 -7"><span class='ocrx_word' id='word_1_2' title='bbox 191 171 246 212; x_wconf 80' lang='grc'>32</span> <span class='ocrx_word' id='word_1_3' title='bbox 725 169 803 203; x_wconf 76' lang='grc'><strong>515.</strong></span> <span class='ocrx_word' id='word_1_4' title='bbox 843 168 995 202; x_wconf 88' lang='lat' dir='ltr'>Ioannes</span> <span class='ocrx_word' id='word_1_5' title='bbox 1021 168 1065 202; x_wconf 89' lang='lat' dir='ltr'>de</span> <span class='ocrx_word' id='word_1_6' title='bbox 1090 167 1245 201; x_wconf 86' lang='lat' dir='ltr'>Polanco</span> <span class='ocrx_word' id='word_1_7' title='bbox 1274 167 1428 202; x_wconf 84' lang='lat' dir='ltr'>Canisio.</span> 
     </span>
    </p>
   </div>
   <div class='ocr_carea' id='block_1_2' title="bbox 602 284 1547 431">
    <p class='ocr_par' dir='ltr' id='par_1_2' title="bbox 602 284 1547 431">
     <span class='ocr_line' id='line_1_3' title="bbox 1010 284 1131 327; baseline -0.008 0"><span class='ocrx_word' id='word_1_8' title='bbox 1010 284 1131 327; x_wconf 81' lang='lat'>515.</span> 
     </span>
     <span class='ocr_line' id='line_1_4' title="bbox 602 376 1547 431; baseline 0.003 -13"><span class='ocrx_word' id='word_1_9' title='bbox 602 377 666 419; x_wconf 88' lang='lat' dir='ltr'>P.</span> <span class='ocrx_word' id='word_1_10' title='bbox 699 376 1020 420; x_wconf 76' lang='lat' dir='ltr'><strong>IOANNES</strong></span> <span class='ocrx_word' id='word_1_11' title='bbox 1054 377 1151 419; x_wconf 78' lang='lat' dir='ltr'>DE</span> <span class='ocrx_word' id='word_1_12' title='bbox 1185 376 1547 431; x_wconf 67' lang='lat' dir='ltr'>POLANGQ</span> 
     </span>
    </p>
   </div>
   <div class='ocr_carea' id='block_1_3' title="bbox 794 458 1349 500">
    <p class='ocr_par' dir='ltr' id='par_1_3' title="bbox 794 458 1349 500">
     <span class='ocr_line' id='line_1_5' title="bbox 794 458 1349 500; baseline 0 -8"><span class='ocrx_word' id='word_1_13' title='bbox 794 458 1013 493; x_wconf 78' lang='lat' dir='ltr'>secretarius</span> <span class='ocrx_word' id='word_1_14' title='bbox 1039 458 1232 493; x_wconf 82' lang='lat' dir='ltr'>Societatis</span> <span class='ocrx_word' id='word_1_15' title='bbox 1258 459 1349 500; x_wconf 88' lang='lat' dir='ltr'>Iesu,</span> 
     </span>
    </p>
   </div>
   <div class='ocr_carea' id='block_1_4' title="bbox 533 541 1604 596">
    <p class='ocr_par' dir='ltr' id='par_1_4' title="bbox 533 541 1604 596">
     <span class='ocr_line' id='line_1_6' title="bbox 533 541 1604 596; baseline -0.001 -13"><span class='ocrx_word' id='word_1_16' title='bbox 533 541 706 583; x_wconf 89' lang='lat' dir='ltr'>nomine</span> <span class='ocrx_word' id='word_1_17' title='bbox 738 541 884 583; x_wconf 86' lang='lat' dir='ltr'>Iacobi</span> <span class='ocrx_word' id='word_1_18' title='bbox 916 541 1069 592; x_wconf 82' lang='lat' dir='ltr'>Lainii,</span> <span class='ocrx_word' id='word_1_19' title='bbox 1103 541 1341 596; x_wconf 79' lang='lat' dir='ltr'>praepositi</span> <span class='ocrx_word' id='word_1_20' title='bbox 1373 541 1604 595; x_wconf 85' lang='lat' dir='ltr'>generalis,</span> 
     </span>
    </p>
   </div>
   <div class='ocr_carea' id='block_1_5' title="bbox 935 643 1210 691">
    <p class='ocr_par' dir='ltr' id='par_1_5' title="bbox 935 643 1210 691">
     <span class='ocr_line' id='line_1_7' title="bbox 935 643 1210 691; baseline 0 -1"><span class='ocrx_word' id='word_1_21' title='bbox 935 643 1210 691; x_wconf 83' lang='lat' dir='ltr'>CANISIO.</span> 
     </span>
    </p>
   </div>
   <div class='ocr_carea' id='block_1_6' title="bbox 664 744 1492 782">
    <p class='ocr_par' dir='ltr' id='par_1_6' title="bbox 664 744 1492 782">
     <span class='ocr_line' id='line_1_8' title="bbox 664 744 1492 782; baseline -0.001 -1"><span class='ocrx_word' id='word_1_22' title='bbox 664 745 778 781; x_wconf 87' lang='lat' dir='ltr'>Roma</span> <span class='ocrx_word' id='word_1_23' title='bbox 805 745 853 781; x_wconf 89' lang='lat'>31.</span> <span class='ocrx_word' id='word_1_24' title='bbox 881 744 1045 782; x_wconf 82' lang='lat' dir='ltr'>Ianuarii</span> <span class='ocrx_word' id='word_1_25' title='bbox 1071 747 1107 782; x_wconf 84' lang='lat' dir='ltr'>et</span> <span class='ocrx_word' id='word_1_26' title='bbox 1134 745 1158 781; x_wconf 93' lang='lat' dir='ltr'>l.</span> <span class='ocrx_word' id='word_1_27' title='bbox 1186 744 1381 781; x_wconf 79' lang='lat' dir='ltr'><strong>Februarii</strong></span> <span class='ocrx_word' id='word_1_28' title='bbox 1406 744 1492 781; x_wconf 82' lang='lat'>1561.</span> 
     </span>
    </p>
   </div>
   <div class='ocr_carea' id='block_1_7' title="bbox 187 828 1959 1248">
    <p class='ocr_par' dir='ltr' id='par_1_7' title="bbox 187 828 1959 1085">
     <span class='ocr_line' id='line_1_9' title="bbox 308 828 1959 874; baseline -0.001 -11"><span class='ocrx_word' id='word_1_29' title='bbox 308 828 363 863; x_wconf 84' lang='lat' dir='ltr'>Ex</span> <span class='ocrx_word' id='word_1_30' title='bbox 389 829 597 873; x_wconf 83' lang='lat' dir='ltr'>apographo</span> <span class='ocrx_word' id='word_1_31' title='bbox 624 829 785 863; x_wconf 85' lang='lat' dir='ltr'>eiusdem</span> <span class='ocrx_word' id='word_1_32' title='bbox 812 828 983 873; x_wconf 85' lang='lat' dir='ltr'>temporis</span> <span class='ocrx_word' id='word_1_33' title='bbox 1012 828 1097 872; x_wconf 84' lang='lat' dir='ltr'>(A);</span> <span class='ocrx_word' id='word_1_34' title='bbox 1134 828 1243 873; x_wconf 85' lang='lat' dir='ltr'><strong>priori</strong></span> <span class='ocrx_word' id='word_1_35' title='bbox 1279 828 1455 873; x_wconf 84' lang='lat' dir='ltr'>epistulae</span> <span class='ocrx_word' id='word_1_36' title='bbox 1487 828 1565 862; x_wconf 89' lang='lat' dir='ltr'>sive</span> <span class='ocrx_word' id='word_1_37' title='bbox 1601 829 1776 874; x_wconf 73' lang='lat' dir='ltr'>epistulae</span> <span class='ocrx_word' id='word_1_38' title='bbox 1802 828 1897 874; x_wconf 84' lang='lat' dir='ltr'>parti</span> <span class='ocrx_word' id='word_1_39' title='bbox 1923 829 1959 862; x_wconf 92' lang='lat' dir='ltr'>in</span> 
     </span>
     <span class='ocr_line' id='line_1_10' title="bbox 187 881 1958 927; baseline 0.001 -11"><span class='ocrx_word' id='word_1_40' title='bbox 187 882 349 926; x_wconf 81' lang='lat' dir='ltr'>margine</span> <span class='ocrx_word' id='word_1_41' title='bbox 385 882 595 916; x_wconf 84' lang='lat' dir='ltr'>adnotatum</span> <span class='ocrx_word' id='word_1_42' title='bbox 631 884 686 916; x_wconf 87' lang='lat' dir='ltr'>est</span> <span class='ocrx_word' id='word_1_43' title='bbox 718 881 939 925; x_wconf 74' lang='lat' dir='ltr'>„Alemagna</span> <span class='ocrx_word' id='word_1_44' title='bbox 967 881 1206 923; x_wconf 84' lang='lat' dir='ltr'>Prouincial“,</span> <span class='ocrx_word' id='word_1_45' title='bbox 1243 881 1348 916; x_wconf 82' lang='lat' dir='ltr'>alteri</span> <span class='ocrx_word' id='word_1_46' title='bbox 1380 881 1600 926; x_wconf 78' lang='lat' dir='ltr'>„Alemagna</span> <span class='ocrx_word' id='word_1_47' title='bbox 1626 882 1832 917; x_wconf 84' lang='lat' dir='ltr'>Prouincial</span> <span class='ocrx_word' id='word_1_48' title='bbox 1864 884 1958 927; x_wconf 90' lang='lat' dir='ltr'>post-</span> 
     </span>
     <span class='ocr_line' id='line_1_11' title="bbox 188 934 1958 981; baseline 0 -11"><span class='ocrx_word' id='word_1_49' title='bbox 188 936 347 981; x_wconf 82' lang='lat' dir='ltr'>cripta“;</span> <span class='ocrx_word' id='word_1_50' title='bbox 384 947 475 980; x_wconf 90' lang='lat' dir='ltr'>quae</span> <span class='ocrx_word' id='word_1_51' title='bbox 505 936 701 970; x_wconf 87' lang='lat' dir='ltr'>ostendunt</span> <span class='ocrx_word' id='word_1_52' title='bbox 736 936 838 970; x_wconf 85' lang='lat' dir='ltr'>binas</span> <span class='ocrx_word' id='word_1_53' title='bbox 865 936 930 970; x_wconf 88' lang='lat' dir='ltr'>has</span> <span class='ocrx_word' id='word_1_54' title='bbox 965 935 1108 969; x_wconf 82' lang='lat' dir='ltr'>litteras</span> <span class='ocrx_word' id='word_1_55' title='bbox 1135 935 1258 969; x_wconf 89' lang='lat' dir='ltr'>eodem</span> <span class='ocrx_word' id='word_1_56' title='bbox 1285 937 1445 980; x_wconf 86' lang='lat' dir='ltr'>tempore</span> <span class='ocrx_word' id='word_1_57' title='bbox 1473 934 1616 970; x_wconf 84' lang='lat' dir='ltr'>Canisio</span> <span class='ocrx_word' id='word_1_58' title='bbox 1643 936 1773 970; x_wconf 88' lang='lat' dir='ltr'>missas</span> <span class='ocrx_word' id='word_1_59' title='bbox 1799 947 1861 981; x_wconf 90' lang='lat' dir='ltr'>pro</span> <span class='ocrx_word' id='word_1_60' title='bbox 1888 947 1958 970; x_wconf 86' lang='lat' dir='ltr'>una</span> 
     </span>
     <span class='ocr_line' id='line_1_12' title="bbox 188 988 1957 1035; baseline -0.001 -11"><span class='ocrx_word' id='word_1_61' title='bbox 188 989 344 1035; x_wconf 83' lang='lat' dir='ltr'>epistula</span> <span class='ocrx_word' id='word_1_62' title='bbox 369 989 492 1024; x_wconf 89' lang='lat' dir='ltr'>haberi</span> <span class='ocrx_word' id='word_1_63' title='bbox 521 1000 646 1034; x_wconf 85' lang='lat' dir='ltr'>posse;</span> <span class='ocrx_word' id='word_1_64' title='bbox 674 989 706 1023; x_wconf 89' lang='lat' dir='ltr'>id</span> <span class='ocrx_word' id='word_1_65' title='bbox 735 989 828 1033; x_wconf 87' lang='lat' dir='ltr'>quod</span> <span class='ocrx_word' id='word_1_66' title='bbox 855 989 965 1023; x_wconf 80' lang='lat' dir='ltr'>etiam</span> <span class='ocrx_word' id='word_1_67' title='bbox 992 988 1165 1023; x_wconf 80' lang='lat' dir='ltr'>extremis</span> <span class='ocrx_word' id='word_1_68' title='bbox 1192 988 1402 1033; x_wconf 87' lang='lat' dir='ltr'>posterioris</span> <span class='ocrx_word' id='word_1_69' title='bbox 1429 989 1543 1034; x_wconf 86' lang='lat' dir='ltr'>partis</span> <span class='ocrx_word' id='word_1_70' title='bbox 1567 989 1688 1024; x_wconf 90' lang='lat' dir='ltr'>verbis</span> <span class='ocrx_word' id='word_1_71' title='bbox 1715 989 1957 1024; x_wconf 87' lang='lat' dir='ltr'>confirmatur.</span> 
     </span>
     <span class='ocr_line' id='line_1_13' title="bbox 189 1042 912 1085; baseline -0.001 -7"><span class='ocrx_word' id='word_1_72' title='bbox 189 1043 273 1078; x_wconf 82' lang='lat' dir='ltr'>cod.</span> <span class='ocrx_word' id='word_1_73' title='bbox 304 1042 444 1085; x_wconf 64' lang='lat' dir='ltr'>„Germ</span> <span class='ocrx_word' id='word_1_74' title='bbox 475 1043 585 1077; x_wconf 83' lang='lat'>1559“</span> <span class='ocrx_word' id='word_1_75' title='bbox 616 1043 640 1077; x_wconf 88' lang='lat' dir='ltr'>f.</span> <span class='ocrx_word' id='word_1_76' title='bbox 668 1043 912 1077; x_wconf 63' lang='lat'>2960—29721.</span> 
     </span>
    </p>

    <p class='ocr_par' dir='ltr' id='par_1_8' title="bbox 187 1095 1956 1248">
     <span class='ocr_line' id='line_1_14' title="bbox 306 1095 1954 1141; baseline 0 -11"><span class='ocrx_word' id='word_1_77' title='bbox 306 1096 392 1131; x_wconf 88' lang='lat' dir='ltr'>Eius</span> <span class='ocrx_word' id='word_1_78' title='bbox 418 1096 623 1130; x_wconf 88' lang='lat' dir='ltr'>litterarum</span> <span class='ocrx_word' id='word_1_79' title='bbox 648 1097 773 1141; x_wconf 85' lang='lat' dir='ltr'>partis,</span> <span class='ocrx_word' id='word_1_80' title='bbox 801 1108 871 1140; x_wconf 88' lang='lat' dir='ltr'>qua</span> <span class='ocrx_word' id='word_1_81' title='bbox 898 1096 940 1130; x_wconf 92' lang='lat' dir='ltr'>de</span> <span class='ocrx_word' id='word_1_82' title='bbox 968 1095 1205 1129; x_wconf 82' lang='lat' dir='ltr'>facultatibus</span> <span class='ocrx_word' id='word_1_83' title='bbox 1231 1095 1434 1140; x_wconf 85' lang='lat' dir='ltr'>impetratis</span> <span class='ocrx_word' id='word_1_84' title='bbox 1461 1096 1590 1139; x_wconf 85' lang='lat' dir='ltr'>agitur,</span> <span class='ocrx_word' id='word_1_85' title='bbox 1618 1096 1866 1141; x_wconf 84' lang='lat' dir='ltr'>apographum</span> <span class='ocrx_word' id='word_1_86' title='bbox 1895 1096 1954 1140; x_wconf 87' lang='grc' dir='ltr'>(Β)</span> 
     </span>
     <span class='ocr_line' id='line_1_15' title="bbox 187 1148 1956 1196; baseline 0 -12"><span class='ocrx_word' id='word_1_87' title='bbox 187 1150 294 1196; x_wconf 87' lang='lat' dir='ltr'>paulo</span> <span class='ocrx_word' id='word_1_88' title='bbox 320 1153 403 1195; x_wconf 86' lang='lat' dir='ltr'>post</span> <span class='ocrx_word' id='word_1_89' title='bbox 428 1150 582 1194; x_wconf 79' lang='lat' dir='ltr'>quidem,</span> <span class='ocrx_word' id='word_1_90' title='bbox 609 1150 672 1183; x_wconf 89' lang='lat' dir='ltr'>sed</span> <span class='ocrx_word' id='word_1_91' title='bbox 700 1150 776 1195; x_wconf 83' lang='lat' dir='ltr'>ipso</span> <span class='ocrx_word' id='word_1_92' title='bbox 803 1161 894 1183; x_wconf 86' lang='lat' dir='ltr'>anuo</span> <span class='ocrx_word' id='word_1_93' title='bbox 924 1150 1010 1183; x_wconf 83' lang='lat'>1561</span> <span class='ocrx_word' id='word_1_94' title='bbox 1041 1149 1077 1183; x_wconf 88' lang='lat' dir='ltr'>in</span> <span class='ocrx_word' id='word_1_95' title='bbox 1104 1148 1254 1192; x_wconf 84' lang='lat' dir='ltr'>collegio</span> <span class='ocrx_word' id='word_1_96' title='bbox 1282 1148 1316 1184; x_wconf 84' lang='lat' dir='ltr'>S.</span> <span class='ocrx_word' id='word_1_97' title='bbox 1336 1149 1367 1183; x_wconf 86' lang='lat' dir='ltr'>J.</span> <span class='ocrx_word' id='word_1_98' title='bbox 1394 1149 1671 1193; x_wconf 80' lang='lat' dir='ltr'>ingolstadiensi</span> <span class='ocrx_word' id='word_1_99' title='bbox 1697 1150 1872 1196; x_wconf 84' lang='lat' dir='ltr'>scriptum</span> <span class='ocrx_word' id='word_1_100' title='bbox 1898 1162 1956 1184; x_wconf 85' lang='lat' dir='ltr'>ex-</span> 
     </span>
     <span class='ocr_line' id='line_1_16' title="bbox 188 1203 983 1248; baseline -0.001 -10"><span class='ocrx_word' id='word_1_101' title='bbox 188 1206 262 1239; x_wconf 82' lang='lat' dir='ltr'>stat</span> <span class='ocrx_word' id='word_1_102' title='bbox 288 1204 323 1237; x_wconf 90' lang='lat' dir='ltr'>in</span> <span class='ocrx_word' id='word_1_103' title='bbox 350 1204 425 1238; x_wconf 90' lang='lat' dir='ltr'>cod.</span> <span class='ocrx_word' id='word_1_104' title='bbox 458 1203 626 1248; x_wconf 87' lang='lat' dir='ltr'>„Antiqu.</span> <span class='ocrx_word' id='word_1_105' title='bbox 653 1203 824 1246; x_wconf 82' lang='lat' dir='ltr'>Ingolst.“</span> <span class='ocrx_word' id='word_1_106' title='bbox 856 1204 879 1237; x_wconf 88' lang='lat' dir='ltr'>f.</span> <span class='ocrx_word' id='word_1_107' title='bbox 909 1204 983 1237; x_wconf 73' lang='lat'>79³.</span> 
     </span>
    </p>
   </div>
   <div class='ocr_carea' id='block_1_8' title="bbox 184 1277 1958 1536">
    <p class='ocr_par' dir='ltr' id='par_1_9' title="bbox 184 1277 1958 1536">
     <span class='ocr_line' id='line_1_17' title="bbox 311 1277 1958 1321; baseline 0 -10"><span class='ocrx_word' id='word_1_108' title='bbox 311 1279 458 1312; x_wconf 74' lang='lat' dir='ltr'>Tarcae.</span> <span class='ocrx_word' id='word_1_109' title='bbox 480 1279 645 1321; x_wconf 74' lang='lat' dir='ltr'>Synodus</span> <span class='ocrx_word' id='word_1_110' title='bbox 662 1279 912 1321; x_wconf 69' lang='lat' dir='ltr'>tyrnaviensis.</span> <span class='ocrx_word' id='word_1_111' title='bbox 956 1277 1144 1321; x_wconf 65' lang='lat' dir='ltr'>Colle91&#39;111›1</span> <span class='ocrx_word' id='word_1_112' title='bbox 1164 1278 1339 1310; x_wconf 68' lang='lat' dir='ltr'>Zittaviae</span> <span class='ocrx_word' id='word_1_113' title='bbox 1359 1279 1624 1311; x_wconf 68' lang='lat' dir='ltr'>instituendum.</span> <span class='ocrx_word' id='word_1_114' title='bbox 1659 1279 1814 1312; x_wconf 74' lang='lat' dir='ltr'>Externe·</span> <span class='ocrx_word' id='word_1_115' title='bbox 1827 1279 1958 1312; x_wconf 77' lang='lat' dir='ltr'>Vindo-</span> 
     </span>
     <span class='ocr_line' id='line_1_18' title="bbox 187 1331 1958 1375; baseline 0 -11"><span class='ocrx_word' id='word_1_116' title='bbox 187 1332 298 1365; x_wconf 79' lang='lat' dir='ltr'>bonae</span> <span class='ocrx_word' id='word_1_117' title='bbox 323 1343 346 1365; x_wconf 85' lang='lat' dir='ltr'>a</span> <span class='ocrx_word' id='word_1_118' title='bbox 374 1332 488 1365; x_wconf 75' lang='lat' dir='ltr'>Sociis</span> <span class='ocrx_word' id='word_1_119' title='bbox 513 1332 560 1364; x_wconf 83' lang='lat' dir='ltr'>ad</span> <span class='ocrx_word' id='word_1_120' title='bbox 586 1332 781 1364; x_wconf 64' lang='lat' dir='ltr'>convicium</span> <span class='ocrx_word' id='word_1_121' title='bbox 812 1331 962 1364; x_wconf 73' lang='lat' dir='ltr'>inritati.</span> <span class='ocrx_word' id='word_1_122' title='bbox 1018 1331 1137 1363; x_wconf 73' lang='lat' dir='ltr'>Index.</span> <span class='ocrx_word' id='word_1_123' title='bbox 1189 1331 1394 1364; x_wconf 74' lang='lat' dir='ltr'>Facultates</span> <span class='ocrx_word' id='word_1_124' title='bbox 1419 1332 1466 1363; x_wconf 77' lang='lat' dir='ltr'>ad</span> <span class='ocrx_word' id='word_1_125' title='bbox 1499 1331 1591 1365; x_wconf 76' lang='lat' dir='ltr'>cibos</span> <span class='ocrx_word' id='word_1_126' title='bbox 1619 1332 1820 1375; x_wconf 71' lang='lat' dir='ltr'>prohibitos</span> <span class='ocrx_word' id='word_1_127' title='bbox 1847 1335 1877 1365; x_wconf 86' lang='lat' dir='ltr'>et</span> <span class='ocrx_word' id='word_1_128' title='bbox 1911 1332 1958 1365; x_wconf 82' lang='lat' dir='ltr'>ad</span> 
     </span>
     <span class='ocr_line' id='line_1_19' title="bbox 184 1384 1958 1429; baseline 0.001 -11"><span class='ocrx_word' id='word_1_129' title='bbox 184 1390 409 1428; x_wconf 77' lang='lat' dir='ltr'>peccatorum</span> <span class='ocrx_word' id='word_1_130' title='bbox 435 1386 675 1418; x_wconf 76' lang='lat' dir='ltr'>remissionem</span> <span class='ocrx_word' id='word_1_131' title='bbox 701 1389 902 1427; x_wconf 71' lang='lat' dir='ltr'>spectantes.</span> <span class='ocrx_word' id='word_1_132' title='bbox 958 1384 1149 1426; x_wconf 69' lang='lat' dir='ltr'>Colleyinm</span> <span class='ocrx_word' id='word_1_133' title='bbox 1185 1389 1387 1418; x_wconf 70' lang='lat' dir='ltr'>treverense.</span> <span class='ocrx_word' id='word_1_134' title='bbox 1440 1385 1578 1427; x_wconf 67' lang='lat' dir='ltr'>Sibylla</span> <span class='ocrx_word' id='word_1_135' title='bbox 1603 1386 1780 1429; x_wconf 71' lang='lat' dir='ltr'>Fuyyera.</span> <span class='ocrx_word' id='word_1_136' title='bbox 1833 1386 1958 1419; x_wconf 64' lang='lat' dir='ltr'>Messvs</span> 
     </span>
     <span class='ocr_line' id='line_1_20' title="bbox 187 1437 1957 1482; baseline 0.001 -11"><span class='ocrx_word' id='word_1_137' title='bbox 187 1444 399 1482; x_wconf 66' lang='lat' dir='ltr'>(myas-tana.</span> <span class='ocrx_word' id='word_1_138' title='bbox 448 1438 635 1481; x_wconf 67' lang='lat' dir='ltr'>Colleyium</span> <span class='ocrx_word' id='word_1_139' title='bbox 665 1439 713 1471; x_wconf 74' lang='lat' dir='ltr'>ibi</span> <span class='ocrx_word' id='word_1_140' title='bbox 739 1438 968 1471; x_wconf 79' lang='lat' dir='ltr'>condendum.</span> <span class='ocrx_word' id='word_1_141' title='bbox 1021 1437 1225 1471; x_wconf 71' lang='lat' dir='ltr'>Concilium.</span> <span class='ocrx_word' id='word_1_142' title='bbox 1275 1437 1412 1471; x_wconf 43' lang='lat' dir='ltr'>Ca&#39;nisii</span> <span class='ocrx_word' id='word_1_143' title='bbox 1438 1438 1665 1472; x_wconf 79' lang='lat' dir='ltr'>catechismus</span> <span class='ocrx_word' id='word_1_144' title='bbox 1690 1444 1720 1472; x_wconf 86' lang='lat' dir='ltr'>et</span> <span class='ocrx_word' id='word_1_145' title='bbox 1744 1440 1784 1472; x_wconf 83' lang='lat' dir='ltr'>in</span> <span class='ocrx_word' id='word_1_146' title='bbox 1811 1439 1957 1472; x_wconf 85' lang='lat' dir='ltr'>Italiam</span> 
     </span>
     <span class='ocr_line' id='line_1_21' title="bbox 187 1492 1150 1536; baseline -0.002 -10"><span class='ocrx_word' id='word_1_147' title='bbox 187 1494 471 1536; x_wconf 69' lang='lat' dir='ltr'>Hispaniamque</span> <span class='ocrx_word' id='word_1_148' title='bbox 499 1493 619 1525; x_wconf 73' lang='lat' dir='ltr'>illatus</span> <span class='ocrx_word' id='word_1_149' title='bbox 645 1496 673 1525; x_wconf 77' lang='lat' dir='ltr'>et</span> <span class='ocrx_word' id='word_1_150' title='bbox 702 1492 827 1535; x_wconf 72' lang='lat' dir='ltr'>ubsque</span> <span class='ocrx_word' id='word_1_151' title='bbox 854 1492 1150 1525; x_wconf 70' lang='lat' dir='ltr'>disseminandas.</span> 
     </span>
    </p>
   </div>
   <div class='ocr_carea' id='block_1_9' title="bbox 186 1574 1957 1892">
    <p class='ocr_par' dir='ltr' id='par_1_10' title="bbox 186 1574 1957 1892">
     <span class='ocr_line' id='line_1_22' title="bbox 306 1574 1956 1630; baseline 0 -13"><span class='ocrx_word' id='word_1_152' title='bbox 306 1577 356 1617; x_wconf 76' lang='lat' dir='ltr'>R.</span> <span class='ocrx_word' id='word_1_153' title='bbox 385 1576 429 1618; x_wconf 78' lang='lat' dir='ltr'>V.</span> <span class='ocrx_word' id='word_1_154' title='bbox 464 1577 625 1617; x_wconf 82' lang='lat' dir='ltr'>litteras</span> <span class='ocrx_word' id='word_1_155' title='bbox 659 1576 843 1617; x_wconf 74' lang='lat' dir='ltr'><em>nondum</em></span> <span class='ocrx_word' id='word_1_156' title='bbox 879 1576 1123 1629; x_wconf 73' lang='lat' dir='ltr'>accepimus.</span> <span class='ocrx_word' id='word_1_157' title='bbox 1169 1574 1332 1623; x_wconf 85' lang='lat' dir='ltr'>Questa</span> <span class='ocrx_word' id='word_1_158' title='bbox 1364 1588 1465 1616; x_wconf 88' lang='lat' dir='ltr'>sara</span> <span class='ocrx_word' id='word_1_159' title='bbox 1496 1589 1626 1629; x_wconf 85' lang='lat' dir='ltr'>sopra</span> <span class='ocrx_word' id='word_1_160' title='bbox 1658 1575 1799 1617; x_wconf 88' lang='lat' dir='ltr'>alcuni</span> <span class='ocrx_word' id='word_1_161' title='bbox 1833 1575 1956 1630; x_wconf 91' lang='lat' dir='ltr'>punti</span> 
     </span>
     <span class='ocr_line' id='line_1_23' title="bbox 187 1639 1956 1694; baseline 0.001 -12"><span class='ocrx_word' id='word_1_162' title='bbox 187 1641 262 1683; x_wconf 91' lang='lat' dir='ltr'>alli</span> <span class='ocrx_word' id='word_1_163' title='bbox 294 1641 409 1694; x_wconf 86' lang='lat' dir='ltr'>quali</span> <span class='ocrx_word' id='word_1_164' title='bbox 452 1641 593 1682; x_wconf 88' lang='lat' dir='ltr'>danno</span> <span class='ocrx_word' id='word_1_165' title='bbox 627 1640 875 1682; x_wconf 75' lang='lat' dir='ltr'>occassione</span> <span class='ocrx_word' id='word_1_166' title='bbox 917 1640 956 1681; x_wconf 92' lang='lat' dir='ltr'>le</span> <span class='ocrx_word' id='word_1_167' title='bbox 990 1639 1146 1682; x_wconf 89' lang='lat' dir='ltr'>lettere</span> <span class='ocrx_word' id='word_1_168' title='bbox 1179 1640 1237 1681; x_wconf 87' lang='lat' dir='ltr'>dil</span> <span class='ocrx_word' id='word_1_169' title='bbox 1271 1639 1410 1681; x_wconf 84' lang='lat' dir='ltr'>Padre</span> <span class='ocrx_word' id='word_1_170' title='bbox 1444 1640 1635 1682; x_wconf 88' lang='lat' dir='ltr'>Vittoria</span> <span class='ocrx_word' id='word_1_171' title='bbox 1667 1640 1697 1682; x_wconf 90' lang='grc'>11</span> <span class='ocrx_word' id='word_1_172' title='bbox 1739 1641 1839 1694; x_wconf 89' lang='lat' dir='ltr'>qual</span> <span class='ocrx_word' id='word_1_173' title='bbox 1871 1655 1956 1683; x_wconf 92' lang='lat' dir='ltr'>non</span> 
     </span>
     <span class='ocr_line' id='line_1_24' title="bbox 187 1705 1957 1760; baseline 0 -12"><span class='ocrx_word' id='word_1_174' title='bbox 187 1707 279 1748; x_wconf 87' lang='lat' dir='ltr'>dice</span> <span class='ocrx_word' id='word_1_175' title='bbox 312 1707 458 1749; x_wconf 88' lang='lat' dir='ltr'>niente</span> <span class='ocrx_word' id='word_1_176' title='bbox 500 1706 567 1747; x_wconf 90' lang='lat' dir='ltr'>del</span> <span class='ocrx_word' id='word_1_177' title='bbox 600 1705 790 1760; x_wconf 88' lang='lat' dir='ltr'>periculo</span> <span class='ocrx_word' id='word_1_178' title='bbox 825 1705 925 1747; x_wconf 90' lang='lat' dir='ltr'>delli</span> <span class='ocrx_word' id='word_1_179' title='bbox 958 1705 1147 1747; x_wconf 89' lang='lat' dir='ltr'>Turchil</span> <span class='ocrx_word' id='word_1_180' title='bbox 1189 1705 1328 1747; x_wconf 84' lang='lat' dir='ltr'>iusino</span> <span class='ocrx_word' id='word_1_181' title='bbox 1370 1705 1443 1747; x_wconf 89' lang='lat' dir='ltr'>alli</span> <span class='ocrx_word' id='word_1_182' title='bbox 1478 1708 1531 1748; x_wconf 86' lang='lat'>.6.</span> <span class='ocrx_word' id='word_1_183' title='bbox 1567 1705 1608 1747; x_wconf 90' lang='lat' dir='ltr'>di</span> <span class='ocrx_word' id='word_1_184' title='bbox 1642 1706 1828 1759; x_wconf 88' lang='lat' dir='ltr'>gennaio</span> <span class='ocrx_word' id='word_1_185' title='bbox 1860 1706 1957 1748; x_wconf 90' lang='lat' dir='ltr'>anzi</span> 
     </span>
     <span class='ocr_line' id='line_1_25' title="bbox 186 1769 1955 1824; baseline 0 -10"><span class='ocrx_word' id='word_1_186' title='bbox 186 1775 312 1814; x_wconf 90' lang='lat' dir='ltr'>tocca</span> <span class='ocrx_word' id='word_1_187' title='bbox 355 1772 468 1814; x_wconf 89' lang='lat' dir='ltr'>della</span> <span class='ocrx_word' id='word_1_188' title='bbox 501 1771 650 1813; x_wconf 87' lang='lat' dir='ltr'>sinodo</span> <span class='ocrx_word' id='word_1_189' title='bbox 693 1771 772 1813; x_wconf 88' lang='lat' dir='ltr'>che</span> <span class='ocrx_word' id='word_1_190' title='bbox 813 1771 883 1812; x_wconf 93' lang='lat' dir='ltr'>uol</span> <span class='ocrx_word' id='word_1_191' title='bbox 925 1770 994 1813; x_wconf 87' lang='lat' dir='ltr'>far</span> <span class='ocrx_word' id='word_1_192' title='bbox 1025 1769 1358 1812; x_wconf 86' lang='lat' dir='ltr'>l’Arciuescouo</span> <span class='ocrx_word' id='word_1_193' title='bbox 1401 1771 1442 1812; x_wconf 87' lang='lat' dir='ltr'>di</span> <span class='ocrx_word' id='word_1_194' title='bbox 1477 1770 1749 1824; x_wconf 85' lang='lat' dir='ltr'>Strigonia2‚</span> <span class='ocrx_word' id='word_1_195' title='bbox 1792 1774 1837 1814; x_wconf 90' lang='lat' dir='ltr'>et</span> <span class='ocrx_word' id='word_1_196' title='bbox 1877 1771 1955 1814; x_wconf 89' lang='lat' dir='ltr'>seli</span> 
     </span>
     <span class='ocr_line' id='line_1_26' title="bbox 186 1835 1419 1892; baseline -0.001 -13"><span class='ocrx_word' id='word_1_197' title='bbox 186 1840 538 1892; x_wconf 83' lang='lat' dir='ltr'>permete&#39;poter</span> <span class='ocrx_word' id='word_1_198' title='bbox 570 1837 708 1878; x_wconf 87' lang='lat' dir='ltr'>andar</span> <span class='ocrx_word' id='word_1_199' title='bbox 741 1850 820 1878; x_wconf 90' lang='lat' dir='ltr'>con</span> <span class='ocrx_word' id='word_1_200' title='bbox 853 1850 949 1878; x_wconf 85' lang='lat' dir='ltr'>esso</span> <span class='ocrx_word' id='word_1_201' title='bbox 982 1850 1060 1890; x_wconf 87' lang='lat' dir='ltr'>per</span> <span class='ocrx_word' id='word_1_202' title='bbox 1092 1835 1234 1877; x_wconf 89' lang='lat' dir='ltr'>alcuni</span> <span class='ocrx_word' id='word_1_203' title='bbox 1266 1835 1419 1889; x_wconf 87' lang='lat' dir='ltr'>giorni.</span> 
     </span>
    </p>
   </div>
   <div class='ocr_carea' id='block_1_10' title="bbox 185 1913 1956 2296">
    <p class='ocr_par' dir='ltr' id='par_1_11' title="bbox 185 1913 1956 2296">
     <span class='ocr_line' id='line_1_27' title="bbox 305 1913 1956 1968; baseline 0.001 -13"><span class='ocrx_word' id='word_1_204' title='bbox 305 1915 354 1956; x_wconf 90' lang='lat' dir='ltr'>P.</span> <span class='ocrx_word' id='word_1_205' title='bbox 398 1914 581 1955; x_wconf 77' lang='lat' dir='ltr'>Victoria</span> <span class='ocrx_word' id='word_1_206' title='bbox 622 1928 696 1955; x_wconf 73' lang='lat' dir='ltr'>uos</span> <span class='ocrx_word' id='word_1_207' title='bbox 737 1913 1086 1968; x_wconf 76' lang='lat' dir='ltr'>opportunissime</span> <span class='ocrx_word' id='word_1_208' title='bbox 1127 1914 1339 1967; x_wconf 30' lang='lat' dir='ltr'>collelqimn</span> <span class='ocrx_word' id='word_1_209' title='bbox 1385 1914 1647 1955; x_wconf 78' lang='lat' dir='ltr'>institutzcros</span> <span class='ocrx_word' id='word_1_210' title='bbox 1692 1927 1778 1956; x_wconf 83' lang='lat' dir='ltr'>esse</span> <span class='ocrx_word' id='word_1_211' title='bbox 1822 1919 1956 1956; x_wconf 77' lang='lat' dir='ltr'>censet</span> 
     </span>
     <span class='ocr_line' id='line_1_28' title="bbox 185 1978 1952 2034; baseline -0.001 -12"><span class='ocrx_word' id='word_1_212' title='bbox 185 1980 445 2033; x_wconf 73' lang='lat' dir='ltr'>Zittariae3,</span> <span class='ocrx_word' id='word_1_213' title='bbox 481 1994 530 2020; x_wconf 62' lang='lat' dir='ltr'>er</span> <span class='ocrx_word' id='word_1_214' title='bbox 562 1993 662 2034; x_wconf 72' lang='lat' dir='ltr'>quo,</span> <span class='ocrx_word' id='word_1_215' title='bbox 702 1983 880 2033; x_wconf 80' lang='lat' dir='ltr'>tempore</span> <span class='ocrx_word' id='word_1_216' title='bbox 905 1978 1176 2033; x_wconf 75' lang='lat' dir='ltr'>procedente,</span> <span class='ocrx_word' id='word_1_217' title='bbox 1217 1980 1458 2033; x_wconf 72' lang='lat' dir='ltr'>provinciae</span> <span class='ocrx_word' id='word_1_218' title='bbox 1489 1980 1651 2020; x_wconf 80' lang='lat' dir='ltr'>vicinae</span> <span class='ocrx_word' id='word_1_219' title='bbox 1683 1979 1952 2021; x_wconf 69' lang='lat' dir='ltr'>adiuventur.</span> 
     </span>
     <span class='ocr_line' id='line_1_29' title="bbox 185 2044 1955 2100; baseline 0 -14"><span class='ocrx_word' id='word_1_220' title='bbox 185 2045 328 2100; x_wconf 76' lang='lat' dir='ltr'>Neque</span> <span class='ocrx_word' id='word_1_221' title='bbox 353 2046 476 2099; x_wconf 74' lang='lat' dir='ltr'>patri</span> <span class='ocrx_word' id='word_1_222' title='bbox 508 2049 646 2085; x_wconf 75' lang='lat' dir='ltr'>nostro</span> <span class='ocrx_word' id='word_1_223' title='bbox 681 2045 726 2085; x_wconf 75' lang='lat' dir='ltr'>id</span> <span class='ocrx_word' id='word_1_224' title='bbox 759 2044 961 2099; x_wconf 75' lang='lat' dir='ltr'>displicet,</span> <span class='ocrx_word' id='word_1_225' title='bbox 996 2044 1220 2085; x_wconf 79' lang='lat' dir='ltr'>dummodo</span> <span class='ocrx_word' id='word_1_226' title='bbox 1245 2045 1338 2099; x_wconf 74' lang='lat' dir='ltr'>ipsi,</span> <span class='ocrx_word' id='word_1_227' title='bbox 1372 2058 1473 2099; x_wconf 78' lang='lat' dir='ltr'>quos</span> <span class='ocrx_word' id='word_1_228' title='bbox 1497 2045 1730 2086; x_wconf 73' lang='lat' dir='ltr'>Germania</span> <span class='ocrx_word' id='word_1_229' title='bbox 1762 2046 1955 2100; x_wconf 77' lang='lat' dir='ltr'>superior</span> 
     </span>
     <span class='ocr_line' id='line_1_30' title="bbox 186 2109 1951 2166; baseline 0.001 -15"><span class='ocrx_word' id='word_1_230' title='bbox 186 2112 273 2152; x_wconf 84' lang='lat' dir='ltr'>iam</span> <span class='ocrx_word' id='word_1_231' title='bbox 294 2111 428 2163; x_wconf 76' lang='lat' dir='ltr'>habet,</span> <span class='ocrx_word' id='word_1_232' title='bbox 464 2111 574 2152; x_wconf 83' lang='lat' dir='ltr'>Socii</span> <span class='ocrx_word' id='word_1_233' title='bbox 596 2111 812 2151; x_wconf 76' lang='lat' dir='ltr'>instituere</span> <span class='ocrx_word' id='word_1_234' title='bbox 847 2109 954 2151; x_wconf 75' lang='lat' dir='ltr'>illud</span> <span class='ocrx_word' id='word_1_235' title='bbox 983 2114 1019 2150; x_wconf 89' lang='lat' dir='ltr'>et</span> <span class='ocrx_word' id='word_1_236' title='bbox 1038 2124 1115 2164; x_wconf 73' lang='lat' dir='ltr'>per</span> <span class='ocrx_word' id='word_1_237' title='bbox 1137 2110 1310 2165; x_wconf 75' lang='lat' dir='ltr'>aliquod</span> <span class='ocrx_word' id='word_1_238' title='bbox 1331 2114 1491 2164; x_wconf 78' lang='lat' dir='ltr'>tempus</span> <span class='ocrx_word' id='word_1_239' title='bbox 1513 2124 1758 2151; x_wconf 82' lang='lat' dir='ltr'>conservare</span> <span class='ocrx_word' id='word_1_240' title='bbox 1775 2111 1951 2166; x_wconf 78' lang='lat' dir='ltr'>possint.</span> 
     </span>
     <span class='ocr_line' id='line_1_31' title="bbox 187 2174 1954 2230; baseline -0.001 -13"><span class='ocrx_word' id='word_1_241' title='bbox 187 2176 329 2228; x_wconf 78' lang='lat' dir='ltr'>Quare</span> <span class='ocrx_word' id='word_1_242' title='bbox 361 2177 449 2230; x_wconf 85' lang='lat' dir='ltr'>ipse</span> <span class='ocrx_word' id='word_1_243' title='bbox 482 2190 569 2216; x_wconf 82' lang='lat' dir='ltr'>eam</span> <span class='ocrx_word' id='word_1_244' title='bbox 605 2189 690 2216; x_wconf 84' lang='lat' dir='ltr'>rem</span> <span class='ocrx_word' id='word_1_245' title='bbox 723 2175 771 2217; x_wconf 84' lang='lat' dir='ltr'>P.</span> <span class='ocrx_word' id='word_1_246' title='bbox 806 2175 1014 2216; x_wconf 73' lang='lat' dir='ltr'>Victoriae</span> <span class='ocrx_word' id='word_1_247' title='bbox 1046 2179 1081 2216; x_wconf 86' lang='lat' dir='ltr'>et</span> <span class='ocrx_word' id='word_1_248' title='bbox 1114 2175 1165 2217; x_wconf 73' lang='lat' dir='ltr'>R.</span> <span class='ocrx_word' id='word_1_249' title='bbox 1196 2174 1242 2216; x_wconf 91' lang='lat' dir='ltr'>V.</span> <span class='ocrx_word' id='word_1_250' title='bbox 1278 2174 1456 2216; x_wconf 84' lang='lat' dir='ltr'>arbitrio</span> <span class='ocrx_word' id='word_1_251' title='bbox 1485 2176 1699 2230; x_wconf 80' lang='lat' dir='ltr'>permittit.</span> <span class='ocrx_word' id='word_1_252' title='bbox 1746 2176 1862 2228; x_wconf 76' lang='lat' dir='ltr'>Quae</span> <span class='ocrx_word' id='word_1_253' title='bbox 1894 2175 1954 2216; x_wconf 79' lang='lat' dir='ltr'>ad</span> 
     </span>
     <span class='ocr_line' id='line_1_32' title="bbox 185 2240 1120 2296; baseline 0 -14"><span class='ocrx_word' id='word_1_254' title='bbox 185 2241 234 2282; x_wconf 87' lang='lat' dir='ltr'>P.</span> <span class='ocrx_word' id='word_1_255' title='bbox 269 2242 508 2293; x_wconf 80' lang='lat' dir='ltr'>Victoriam,</span> <span class='ocrx_word' id='word_1_256' title='bbox 543 2240 647 2296; x_wconf 68' lang='lat' dir='ltr'>quid</span> <span class='ocrx_word' id='word_1_257' title='bbox 679 2241 843 2293; x_wconf 75' lang='lat' dir='ltr'>sentiat,</span> <span class='ocrx_word' id='word_1_258' title='bbox 871 2240 1120 2295; x_wconf 72' lang='lat' dir='ltr'>perscribat.</span> 
     </span>
    </p>
   </div>
   <div class='ocr_carea' id='block_1_11' title="bbox 1646 2334 1842 2338">
    <p class='ocr_par' dir='ltr' id='par_1_12' title="bbox 1646 2334 1842 2338">
     <span class='ocr_line' id='line_1_33' title="bbox 1646 2334 1842 2338; baseline 0 0"><span class='ocrx_word' id='word_1_259' title='bbox 1646 2334 1842 2338; x_wconf 95' lang='lat' dir='ltr'> </span> 
     </span>
    </p>
   </div>
   <div class='ocr_carea' id='block_1_12' title="bbox 191 2331 1147 2341">
    <p class='ocr_par' dir='ltr' id='par_1_13' title="bbox 191 2331 1147 2341">
     <span class='ocr_line' id='line_1_34' title="bbox 191 2331 1147 2341; baseline 0 0"><span class='ocrx_word' id='word_1_260' title='bbox 191 2331 1147 2341; x_wconf 95' lang='lat' dir='ltr'> </span> 
     </span>
    </p>
   </div>
   <div class='ocr_carea' id='block_1_13' title="bbox 183 2383 1952 2644">
    <p class='ocr_par' dir='ltr' id='par_1_14' title="bbox 183 2383 1952 2644">
     <span class='ocr_line' id='line_1_35' title="bbox 304 2383 1950 2428; baseline -0.001 -8"><span class='ocrx_word' id='word_1_261' title='bbox 304 2387 347 2420; x_wconf 80' lang='lat' dir='ltr'>R.</span> <span class='ocrx_word' id='word_1_262' title='bbox 375 2386 412 2420; x_wconf 87' lang='lat' dir='ltr'>V.</span> <span class='ocrx_word' id='word_1_263' title='bbox 438 2387 575 2419; x_wconf 81' lang='lat' dir='ltr'>litteras</span> <span class='ocrx_word' id='word_1_264' title='bbox 600 2386 758 2418; x_wconf 73' lang='lat' dir='ltr'>nondum</span> <span class='ocrx_word' id='word_1_265' title='bbox 783 2386 988 2428; x_wconf 79' lang='lat' dir='ltr'>accepimus.</span> <span class='ocrx_word' id='word_1_266' title='bbox 1033 2383 1135 2418; x_wconf 88' lang='lat' dir='ltr'>Nunc</span> <span class='ocrx_word' id='word_1_267' title='bbox 1163 2384 1204 2418; x_wconf 89' lang='lat' dir='ltr'>de</span> <span class='ocrx_word' id='word_1_268' title='bbox 1230 2384 1337 2418; x_wconf 89' lang='lat' dir='ltr'>rebus</span> <span class='ocrx_word' id='word_1_269' title='bbox 1364 2384 1501 2428; x_wconf 80' lang='lat' dir='ltr'>aliquot</span> <span class='ocrx_word' id='word_1_270' title='bbox 1526 2384 1653 2424; x_wconf 86' lang='lat' dir='ltr'>scribo,</span> <span class='ocrx_word' id='word_1_271' title='bbox 1681 2395 1832 2428; x_wconf 89' lang='lat' dir='ltr'>quarum</span> <span class='ocrx_word' id='word_1_272' title='bbox 1858 2386 1950 2418; x_wconf 87' lang='lat' dir='ltr'>trac-</span> 
     </span>
     <span class='ocr_line' id='line_1_36' title="bbox 183 2437 1952 2482; baseline -0.001 -9"><span class='ocrx_word' id='word_1_273' title='bbox 183 2439 376 2473; x_wconf 85' lang='lat' dir='ltr'>tandarum</span> <span class='ocrx_word' id='word_1_274' title='bbox 402 2438 625 2473; x_wconf 82' lang='lat' dir='ltr'>occasionem</span> <span class='ocrx_word' id='word_1_275' title='bbox 650 2437 738 2471; x_wconf 89' lang='lat' dir='ltr'>mihi</span> <span class='ocrx_word' id='word_1_276' title='bbox 755 2437 930 2482; x_wconf 83' lang='lat' dir='ltr'>praebent</span> <span class='ocrx_word' id='word_1_277' title='bbox 953 2437 1097 2471; x_wconf 87' lang='lat' dir='ltr'>litterae</span> <span class='ocrx_word' id='word_1_278' title='bbox 1115 2437 1230 2482; x_wconf 84' lang='lat' dir='ltr'>patris</span> <span class='ocrx_word' id='word_1_279' title='bbox 1248 2437 1431 2471; x_wconf 85' lang='lat' dir='ltr'>Victoriae</span> <span class='ocrx_word' id='word_1_280' title='bbox 1443 2451 1450 2478; x_wconf 91' lang='lat'>;</span> <span class='ocrx_word' id='word_1_281' title='bbox 1478 2449 1522 2471; x_wconf 86' lang='lat' dir='ltr'>ex</span> <span class='ocrx_word' id='word_1_282' title='bbox 1541 2437 1671 2482; x_wconf 88' lang='lat' dir='ltr'>quibus</span> <span class='ocrx_word' id='word_1_283' title='bbox 1688 2437 1788 2472; x_wconf 90' lang='lat' dir='ltr'>nulla</span> <span class='ocrx_word' id='word_1_284' title='bbox 1813 2437 1952 2472; x_wconf 74' lang='lat' dir='ltr'>ratione</span> 
     </span>
     <span class='ocr_line' id='line_1_37' title="bbox 185 2490 1950 2537; baseline -0.001 -11"><span class='ocrx_word' id='word_1_285' title='bbox 185 2492 307 2535; x_wconf 84' lang='lat' dir='ltr'>colligi</span> <span class='ocrx_word' id='word_1_286' title='bbox 333 2494 471 2537; x_wconf 86' lang='lat' dir='ltr'>potest,</span> <span class='ocrx_word' id='word_1_287' title='bbox 507 2491 589 2525; x_wconf 92' lang='lat' dir='ltr'>illos</span> <span class='ocrx_word' id='word_1_288' title='bbox 615 2492 698 2525; x_wconf 90' lang='lat' dir='ltr'>ante</span> <span class='ocrx_word' id='word_1_289' title='bbox 725 2491 756 2525; x_wconf 89' lang='lat'>6.</span> <span class='ocrx_word' id='word_1_290' title='bbox 783 2491 942 2525; x_wconf 87' lang='lat' dir='ltr'>Ianuarii</span> <span class='ocrx_word' id='word_1_291' title='bbox 967 2491 1010 2525; x_wconf 90' lang='lat' dir='ltr'>de</span> <span class='ocrx_word' id='word_1_292' title='bbox 1036 2490 1163 2525; x_wconf 86' lang='lat' dir='ltr'>Turcis</span> <span class='ocrx_word' id='word_1_293' title='bbox 1199 2490 1390 2535; x_wconf 86' lang='lat' dir='ltr'>quicquam</span> <span class='ocrx_word' id='word_1_294' title='bbox 1424 2490 1632 2532; x_wconf 79' lang='lat' dir='ltr'>timuisse13</span> <span class='ocrx_word' id='word_1_295' title='bbox 1668 2491 1776 2525; x_wconf 85' lang='lat' dir='ltr'>immo</span> <span class='ocrx_word' id='word_1_296' title='bbox 1811 2490 1950 2536; x_wconf 86' lang='lat' dir='ltr'>synodi,</span> 
     </span>
     <span class='ocr_line' id='line_1_38' title="bbox 184 2543 1950 2590; baseline -0.001 -10"><span class='ocrx_word' id='word_1_297' title='bbox 184 2557 293 2590; x_wconf 90' lang='lat' dir='ltr'>quam</span> <span class='ocrx_word' id='word_1_298' title='bbox 319 2544 610 2590; x_wconf 86' lang='lat' dir='ltr'>archiepiscopus</span> <span class='ocrx_word' id='word_1_299' title='bbox 636 2543 888 2588; x_wconf 86' lang='lat' dir='ltr'>strigoniensis</span> <span class='ocrx_word' id='word_1_300' title='bbox 913 2543 1103 2578; x_wconf 88' lang='lat' dir='ltr'>habiturus</span> <span class='ocrx_word' id='word_1_301' title='bbox 1129 2544 1186 2586; x_wconf 85' lang='lat' dir='ltr'>sit,</span> <span class='ocrx_word' id='word_1_302' title='bbox 1214 2544 1430 2578; x_wconf 88' lang='lat' dir='ltr'>mentionem</span> <span class='ocrx_word' id='word_1_303' title='bbox 1457 2544 1588 2585; x_wconf 81' lang='lat' dir='ltr'>facit²;</span> <span class='ocrx_word' id='word_1_304' title='bbox 1615 2555 1721 2588; x_wconf 88' lang='lat' dir='ltr'>quem</span> <span class='ocrx_word' id='word_1_305' title='bbox 1746 2546 1788 2578; x_wconf 90' lang='lat' dir='ltr'>ut</span> <span class='ocrx_word' id='word_1_306' title='bbox 1810 2544 1855 2579; x_wconf 84' lang='lat' dir='ltr'>ad</span> <span class='ocrx_word' id='word_1_307' title='bbox 1873 2544 1950 2579; x_wconf 88' lang='lat' dir='ltr'>dies</span> 
     </span>
     <span class='ocr_line' id='line_1_39' title="bbox 184 2597 987 2644; baseline -0.002 -11"><span class='ocrx_word' id='word_1_308' title='bbox 184 2599 324 2644; x_wconf 88' lang='lat' dir='ltr'>aliquot</span> <span class='ocrx_word' id='word_1_309' title='bbox 348 2599 435 2633; x_wconf 86' lang='lat' dir='ltr'>illuc</span> <span class='ocrx_word' id='word_1_310' title='bbox 461 2599 649 2633; x_wconf 87' lang='lat' dir='ltr'>comitetur</span> <span class='ocrx_word' id='word_1_311' title='bbox 675 2598 707 2632; x_wconf 91' lang='lat' dir='ltr'>ei</span> <span class='ocrx_word' id='word_1_312' title='bbox 732 2597 987 2642; x_wconf 85' lang='lat' dir='ltr'>permittimus.</span> 
     </span>
    </p>
   </div>
   <div class='ocr_carea' id='block_1_14' title="bbox 303 2662 884 2707">
    <p class='ocr_par' dir='ltr' id='par_1_15' title="bbox 303 2662 884 2707">
     <span class='ocr_line' id='line_1_40' title="bbox 303 2662 884 2707; baseline -0.005 -9"><span class='ocrx_word' id='word_1_313' title='bbox 303 2665 342 2698; x_wconf 89' lang='lat' dir='ltr'>P.</span> <span class='ocrx_word' id='word_1_314' title='bbox 370 2665 529 2697; x_wconf 77' lang='lat' dir='ltr'>Victoria</span> <span class='ocrx_word' id='word_1_315' title='bbox 554 2663 649 2707; x_wconf 75' lang='lat' dir='ltr'>[etc.7</span> <span class='ocrx_word' id='word_1_316' title='bbox 675 2667 714 2696; x_wconf 85' lang='lat' dir='ltr'>ut</span> <span class='ocrx_word' id='word_1_317' title='bbox 737 2662 884 2705; x_wconf 69' lang='lat' dir='ltr'>supra]</span> 
     </span>
    </p>
   </div>
   <div class='ocr_carea' id='block_1_15' title="bbox 304 2773 1947 2875">
    <p class='ocr_par' dir='ltr' id='par_1_16' title="bbox 304 2773 1947 2875">
     <span class='ocr_line' id='line_1_41' title="bbox 306 2773 843 2821; baseline -0.004 -11"><span class='ocrx_word' id='word_1_318' title='bbox 306 2778 317 2797; x_wconf 91' lang='lat'>¹</span> <span class='ocrx_word' id='word_1_319' title='bbox 343 2775 397 2811; x_wconf 82' lang='lat' dir='ltr'>Cf.</span> <span class='ocrx_word' id='word_1_320' title='bbox 424 2787 533 2821; x_wconf 85' lang='lat' dir='ltr'>supra</span> <span class='ocrx_word' id='word_1_321' title='bbox 559 2787 593 2820; x_wconf 88' lang='lat' dir='ltr'>p.</span> <span class='ocrx_word' id='word_1_322' title='bbox 622 2775 675 2809; x_wconf 81' lang='lat'>12.</span> <span class='ocrx_word' id='word_1_323' title='bbox 707 2775 759 2809; x_wconf 88' lang='grc'>13.</span> <span class='ocrx_word' id='word_1_324' title='bbox 787 2773 843 2808; x_wconf 84' lang='grc'>25.</span> 
     </span>
     <span class='ocr_line' id='line_1_42' title="bbox 304 2825 1947 2875; baseline -0.001 -11"><span class='ocrx_word' id='word_1_325' title='bbox 304 2831 318 2850; x_wconf 74' lang='lat'><strong><em>2</em></strong></span> <span class='ocrx_word' id='word_1_326' title='bbox 343 2829 548 2875; x_wconf 87' lang='lat' dir='ltr'>Tyrnaviae</span> <span class='ocrx_word' id='word_1_327' title='bbox 575 2840 596 2862; x_wconf 88' lang='lat' dir='ltr'>a</span> <span class='ocrx_word' id='word_1_328' title='bbox 620 2827 768 2862; x_wconf 87' lang='lat' dir='ltr'>Nicolao</span> <span class='ocrx_word' id='word_1_329' title='bbox 795 2826 910 2861; x_wconf 87' lang='lat' dir='ltr'>Olaho</span> <span class='ocrx_word' id='word_1_330' title='bbox 935 2825 1205 2871; x_wconf 87' lang='lat' dir='ltr'>archiepiscopo</span> <span class='ocrx_word' id='word_1_331' title='bbox 1236 2825 1326 2860; x_wconf 86' lang='lat' dir='ltr'>haec</span> <span class='ocrx_word' id='word_1_332' title='bbox 1361 2825 1521 2870; x_wconf 86' lang='lat' dir='ltr'>synodus</span> <span class='ocrx_word' id='word_1_333' title='bbox 1555 2825 1679 2860; x_wconf 81' lang='lat' dir='ltr'>habita</span> <span class='ocrx_word' id='word_1_334' title='bbox 1714 2827 1771 2860; x_wconf 87' lang='lat' dir='ltr'>est</span> <span class='ocrx_word' id='word_1_335' title='bbox 1798 2825 1947 2870; x_wconf 81' lang='lat' dir='ltr'>(Franc.</span> 
     </span>
    </p>
   </div>
   <div class='ocr_carea' id='block_1_16' title="bbox 184 2877 1947 3192">
    <p class='ocr_par' dir='ltr' id='par_1_17' title="bbox 184 2877 1947 3192">
     <span class='ocr_line' id='line_1_43' title="bbox 184 2877 1947 2927; baseline -0.002 -10"><span class='ocrx_word' id='word_1_336' title='bbox 184 2884 290 2927; x_wconf 78' lang='lat' dir='ltr'>Kazy</span> <span class='ocrx_word' id='word_1_337' title='bbox 316 2882 350 2917; x_wconf 89' lang='lat' dir='ltr'>S.</span> <span class='ocrx_word' id='word_1_338' title='bbox 379 2883 432 2924; x_wconf 91' lang='lat' dir='ltr'>J.,</span> <span class='ocrx_word' id='word_1_339' title='bbox 468 2881 629 2916; x_wconf 88' lang='lat' dir='ltr'>Historia</span> <span class='ocrx_word' id='word_1_340' title='bbox 663 2879 915 2915; x_wconf 84' lang='lat' dir='ltr'>universitatis</span> <span class='ocrx_word' id='word_1_341' title='bbox 949 2879 1211 2925; x_wconf 83' lang='lat' dir='ltr'>Tyrnaviensis</span> <span class='ocrx_word' id='word_1_342' title='bbox 1247 2878 1438 2913; x_wconf 84' lang='lat' dir='ltr'>Societatis</span> <span class='ocrx_word' id='word_1_343' title='bbox 1472 2878 1554 2913; x_wconf 87' lang='lat' dir='ltr'>Iesu</span> <span class='ocrx_word' id='word_1_344' title='bbox 1590 2877 1809 2924; x_wconf 85' lang='lat' dir='ltr'>[Tyrnaviae</span> <span class='ocrx_word' id='word_1_345' title='bbox 1842 2879 1947 2924; x_wconf 82' lang='lat'><strong>1737]</strong></span> 
     </span>
     <span class='ocr_line' id='line_1_44' title="bbox 185 2935 1946 3033; baseline -0.002 -10"><span class='ocrx_word' id='word_1_346' title='bbox 185 2948 218 2980; x_wconf 46' lang='lat' dir='ltr'>p·</span> <span class='ocrx_word' id='word_1_347' title='bbox 246 2948 265 2970; x_wconf 63' lang='grc' dir='ltr'>Ο</span> <span class='ocrx_word' id='word_1_348' title='bbox 304 2935 435 3022; x_wconf 52' lang='lat' dir='ltr'>36liide</span> <span class='ocrx_word' id='word_1_349' title='bbox 469 2999 579 3033; x_wconf 86' lang='lat' dir='ltr'>supra</span> <span class='ocrx_word' id='word_1_350' title='bbox 614 2999 646 3032; x_wconf 93' lang='lat' dir='ltr'>p.</span> <span class='ocrx_word' id='word_1_351' title='bbox 676 2986 730 3021; x_wconf 86' lang='lat'>18.</span> <span class='ocrx_word' id='word_1_352' title='bbox 781 2986 838 3020; x_wconf 82' lang='lat' dir='ltr'>Ex</span> <span class='ocrx_word' id='word_1_353' title='bbox 865 2987 1040 3020; x_wconf 83' lang='lat' dir='ltr'>Victoriae</span> <span class='ocrx_word' id='word_1_354' title='bbox 1073 2985 1238 3019; x_wconf 88' lang='lat' dir='ltr'>*litteris</span> <span class='ocrx_word' id='word_1_355' title='bbox 1273 2986 1304 3020; x_wconf 83' lang='lat'>6.</span> <span class='ocrx_word' id='word_1_356' title='bbox 1332 2985 1488 3019; x_wconf 86' lang='lat' dir='ltr'>Ianuarii</span> <span class='ocrx_word' id='word_1_357' title='bbox 1516 2986 1605 3020; x_wconf 86' lang='lat'>1561</span> <span class='ocrx_word' id='word_1_358' title='bbox 1641 2985 1790 3020; x_wconf 81' lang='lat' dir='ltr'>Romam</span> <span class='ocrx_word' id='word_1_359' title='bbox 1825 2985 1946 3020; x_wconf 85' lang='lat' dir='ltr'>missis</span> 
     </span>
     <span class='ocr_line' id='line_1_45' title="bbox 185 3038 1945 3083; baseline -0.002 -7"><span class='ocrx_word' id='word_1_360' title='bbox 185 3043 346 3077; x_wconf 86' lang='lat' dir='ltr'>conicere</span> <span class='ocrx_word' id='word_1_361' title='bbox 380 3042 484 3083; x_wconf 85' lang='lat' dir='ltr'>licet,</span> <span class='ocrx_word' id='word_1_362' title='bbox 522 3053 602 3075; x_wconf 88' lang='lat' dir='ltr'>eum</span> <span class='ocrx_word' id='word_1_363' title='bbox 637 3040 674 3074; x_wconf 92' lang='lat' dir='ltr'>in</span> <span class='ocrx_word' id='word_1_364' title='bbox 708 3039 926 3074; x_wconf 86' lang='lat' dir='ltr'>monasterio</span> <span class='ocrx_word' id='word_1_365' title='bbox 951 3038 1270 3073; x_wconf 82' lang='lat' dir='ltr'>Franciscanorum</span> <span class='ocrx_word' id='word_1_366' title='bbox 1306 3038 1512 3072; x_wconf 86' lang='lat' dir='ltr'>zittaviensi</span> <span class='ocrx_word' id='word_1_367' title='bbox 1546 3039 1617 3072; x_wconf 90' lang='lat' dir='ltr'>iam</span> <span class='ocrx_word' id='word_1_368' title='bbox 1646 3038 1707 3072; x_wconf 87' lang='lat' dir='ltr'>diu</span> <span class='ocrx_word' id='word_1_369' title='bbox 1732 3038 1872 3073; x_wconf 84' lang='lat' dir='ltr'>deserto</span> <span class='ocrx_word' id='word_1_370' title='bbox 1899 3042 1945 3080; x_wconf 87' lang='lat' dir='ltr'>et,</span> 
     </span>
     <span class='ocr_line' id='line_1_46' title="bbox 184 3090 1945 3140; baseline -0.002 -11"><span class='ocrx_word' id='word_1_371' title='bbox 184 3095 317 3140; x_wconf 83' lang='lat' dir='ltr'>partim</span> <span class='ocrx_word' id='word_1_372' title='bbox 343 3095 492 3135; x_wconf 86' lang='lat' dir='ltr'>saltem,</span> <span class='ocrx_word' id='word_1_373' title='bbox 527 3105 549 3128; x_wconf 87' lang='lat' dir='ltr'>a</span> <span class='ocrx_word' id='word_1_374' title='bbox 575 3093 791 3128; x_wconf 83' lang='lat' dir='ltr'>Lutheranis</span> <span class='ocrx_word' id='word_1_375' title='bbox 817 3093 990 3136; x_wconf 86' lang='lat' dir='ltr'>occupato</span> <span class='ocrx_word' id='word_1_376' title='bbox 1017 3091 1206 3135; x_wconf 89' lang='lat' dir='ltr'>collegium</span> <span class='ocrx_word' id='word_1_377' title='bbox 1232 3091 1421 3125; x_wconf 83' lang='lat' dir='ltr'>instituere</span> <span class='ocrx_word' id='word_1_378' title='bbox 1446 3090 1605 3126; x_wconf 84' lang='lat' dir='ltr'>voluisse</span> <span class='ocrx_word' id='word_1_379' title='bbox 1644 3091 1704 3135; x_wconf 86' lang='lat' dir='ltr'>(ex</span> <span class='ocrx_word' id='word_1_380' title='bbox 1738 3091 1945 3137; x_wconf 85' lang='lat' dir='ltr'>apographo</span> 
     </span>
     <span class='ocr_line' id='line_1_47' title="bbox 185 3144 1110 3192; baseline -0.004 -10"><span class='ocrx_word' id='word_1_381' title='bbox 185 3148 344 3183; x_wconf 88' lang='lat' dir='ltr'>eiusdem</span> <span class='ocrx_word' id='word_1_382' title='bbox 370 3147 553 3192; x_wconf 85' lang='lat' dir='ltr'>temporis.</span> <span class='ocrx_word' id='word_1_383' title='bbox 596 3145 680 3180; x_wconf 84' lang='lat' dir='ltr'>cod.</span> <span class='ocrx_word' id='word_1_384' title='bbox 712 3145 773 3188; x_wconf 81' lang='lat' dir='ltr'>„G.</span> <span class='ocrx_word' id='word_1_385' title='bbox 801 3145 865 3189; x_wconf 90' lang='lat' dir='ltr'>Ep.</span> <span class='ocrx_word' id='word_1_386' title='bbox 892 3144 958 3178; x_wconf 81' lang='lat' dir='ltr'>II.&#39;‘</span> <span class='ocrx_word' id='word_1_387' title='bbox 987 3144 1011 3179; x_wconf 86' lang='lat' dir='ltr'>f.</span> <span class='ocrx_word' id='word_1_388' title='bbox 1041 3144 1110 3188; x_wconf 74' lang='lat'>1¹³).</span> 
     </span>
    </p>
   </div>
   <div class='ocr_carea' id='block_1_17' title="bbox 2047 0 2093 3444">
    <p class='ocr_par' dir='ltr' id='par_1_18' title="bbox 2047 0 2093 3444">
     <span class='ocr_line' id='line_1_48' title="bbox 2047 0 2093 3444; baseline 0 0"><span class='ocrx_word' id='word_1_389' title='bbox 2047 0 2093 3444; x_wconf 95' lang='lat' dir='ltr'> </span> 
     </span>
    </p>
   </div>
  </div>
 </body>
</html>
