2093 3444
540 197 704 240 Augusta
731 197 999 231 Vindelicorum
1028 199 1081 233 19.
1111 198 1265 232 Ianuarii
1294 198 1394 232 1561.
1797 200 1848 240 21

208 314 333 355 Nunc
375 313 633 355 adferuntur
674 315 712 355 4.
747 314 944 367 Januarij
979 314 1131 364 datae,
1175 315 1260 355 400
1295 315 1344 356 D.
1380 314 1560 355 Velsero
1606 314 1852 355 numeraui-

88 394 196 430 mus,
232 381 275 420 et
307 378 393 420 iam
425 378 566 419 isthuc
600 379 847 432 peruenisse
882 379 1089 421 confidol.

210 450 375 503 Sequar
396 449 658 491 sententiani
683 450 731 492 R.
756 450 818 499 T„
854 450 886 490 si
916 450 1029 491 forte
1061 450 1198 504 nostrj
1223 450 1276 491 ad
1301 450 1520 503 Synodum
1553 452 1852 503 expetantur¹².

90 516 225 557 Doleo
258 528 363 556 sane
396 515 508 567 quod
532 514 683 556 scribit
715 515 769 556 ad
803 529 869 556 me
893 515 1161 556 Cardinalis2
1185 515 1342 568 frigide
1376 514 1559 567 cogitari
1593 515 1643 555 de
1667 514 1853 556 Concilio

89 580 343 623 inchoando.
409 579 503 632 Ego
536 593 638 621 uero
672 594 697 620 a
730 580 914 621 Caesare
948 580 1135 621 nondum
1169 582 1372 634 expetor,
1407 579 1483 621 sed
1515 579 1658 632 monuj
1692 583 1852 628 tamen,

90 650 139 688 ut
171 645 324 688 scirem
358 644 458 697 quid
481 648 664 697 urgente
689 645 872 686 Caesare
906 645 1007 686 mihi
1040 645 1314 686 faciundumb
1347 647 1475 694 esset,
1510 658 1648 697 neque
1680 659 1854 698 possum

89 711 347 764 intelligere,
382 710 483 763 quid
516 710 676 751 Caesar
707 710 903 751 facturus
937 710 1015 759 sit,
1059 712 1106 752 ut
1147 710 1307 751 idcirco
1340 710 1500 752 iustum
1534 709 1649 751 forte
1684 723 1766 750 11011
1799 709 1856 752 sit

90 790 253 831 negare
282 775 497 829 Cardinalj
532 789 672 817 meam
706 789 895 829 operam,
930 775 964 817 si
996 775 1058 816 illi
1091 776 1223 817 semel
1255 775 1469 830 promissa
1502 777 1580 825 est,
1614 774 1695 815 nisi
1729 774 1857 816 aliter

92 842 140 886 T.
174 842 223 885 R.
259 841 470 883 uideatur.

212 913 350 954 Valde
384 912 675 961 commodum,
719 911 803 952 imo
837 911 1129 953 necessarium
1162 912 1283 953 nobis
1317 911 1400 953 erit
1432 910 1708 961 beneficium,
1743 910 1857 963 quod

93 978 333 1021 Cardinalis
366 977 571 1019 Moronus
611 977 725 1018 circa
759 976 1036 1029 Catalogum⁰
1077 979 1121 1018 et
1162 977 1303 1029 legem
1341 976 1594 1018 ieiuniorum
1627 975 1857 1030 promittit,

95 1058 270 1087 oramus
303 1045 463 1092 autem,
498 1045 547 1084 ut
578 1041 647 1083 ind
678 1044 875 1095 tempore
909 1041 1031 1083 nobis
1064 1042 1194 1084 haece
1227 1041 1371 1095 gratia
1403 1041 1660 1095 impetretur
1676 1042 1706 1084 3.

215 1114 390 1158 Gaudeo
423 1113 600 1155 tandem
634 1113 685 1154 de
718 1112 989 1155 Catechismo
1022 1113 1291 1156 intellectam
1333 1112 1435 1154 mihi
1468 1126 1563 1154 esse
1597 1111 1859 1154 sententiam

95 1181 144 1224 R.
179 1181 228 1223 T.
262 1182 306 1222 et
338 1179 544 1234 promitto
577 1192 645 1220 me
678 1192 896 1231 nunquam
930 1181 1295 1221 commutaturum
1341 1192 1435 1220 esse
1468 1178 1614 1227 uerba,
1650 1180 1698 1220 ut
1731 1177 1860 1219 aeda-

93 1249 178 1290 tur.
213 1245 249 1287 si
282 1245 334 1286 de
355 1245 525 1297 integro
560 1246 692 1297 queat
724 1243 976 1296 recognosci
1009 1247 1052 1286 et
1085 1257 1109 1285 a
1143 1244 1260 1285 calce
1294 1244 1348 1285 ad
1377 1246 1507 1297 caput
1530 1257 1665 1296 usque
1688 1241 1860 1295 corrigi,

92 1312 137 1354 id
170 1325 250 1364 ego
283 1310 475 1352 uiderem
507 1310 708 1351 lubenter
739 1311 984 1363 propterea,
1020 1309 1132 1361 quod
1163 1308 1284 1358 liber,
1319 1322 1387 1350 me
1419 1308 1521 1350 licet
1553 1308 1687 1350 inscio
1721 1310 1766 1350 et
1796 1307 1862 1348 in-

95 1377 200 1428 uito,
233 1376 277 1418 in
309 1376 449 1417 lucem
481 1374 690 1429 prodierit
722 1374 800 1416 sub
832 1387 928 1415 meo
962 1373 1132 1415 nomine
1149 1375 1177 1416 4.
1241 1373 1392 1415 Faciat
1424 1376 1569 1416 autem
1592 1373 1642 1415 R.
1667 1373 1714 1415 T.
1750 1372 1863 1426 quod

97 1442 151 1485 ad
174 1441 381 1484 maiorem
404 1440 747 1483 aedificationem
770 1439 988 1493 pertinere
1011 1439 1194 1493 putabit,
1219 1439 1346 1480 Liber
1367 1439 1411 1480 in
1434 1440 1500 1481 tot
1522 1438 1697 1480 millena
1718 1440 1863 1479 trans-

96 1507 219 1549 fusus
252 1509 319 1549 est
352 1505 642 1560 exemplaria,
689 1505 846 1547 teritur
889 1504 933 1546 in
977 1504 1157 1555 scholis,
1199 1505 1416 1554 Viennae,
1450 1504 1621 1556 Pragae
1663 1506 1706 1546 et
1748 1502 1863 1554 alibi,

97 1572 353 1628 praesertim
388 1571 431 1613 in
465 1570 696 1613 Germania
728 1569 934 1620 inferiori,
971 1569 1304 1624 Opereprecium
1337 1568 1496 1611 facturi
1528 1568 1788 1618 uidebimur,
1829 1568 1866 1610 si

97 1638 141 1680 in
174 1640 301 1680 tanta
324 1636 642 1689 Theologorum
676 1635 799 1690 copia
832 1649 942 1676 unus
975 1649 997 1677 e
1030 1635 1190 1677 nostris
1224 1635 1353 1677 aedat
1376 1634 1583 1688 optimam
1608 1633 1865 1676 Catechismi

98 1703 354 1753 doctrinam,
390 1716 571 1755 eamque
604 1715 862 1755 spargamus
894 1714 972 1754 per
1008 1702 1146 1743 totam
1181 1701 1421 1754 Europam,
1464 1702 1512 1742 ut
1543 1699 1733 1741 habeant
1766 1713 1866 1752 par-

100 1768 189 1823 uulj
213 1782 404 1823 panem
438 1767 589 1809 uitae
620 1769 673 1809 et
698 1765 1079 1808 intellectus5.
1124 1765 1294 1807 -Jterum
1316 1768 1447 1818 atque
1468 1764 1625 1806 iterum
1648 1778 1726 1806 nos
1750 1778 1866 1806 com-

101 1832 381 1876 mendamusf
409 1833 460 1876 R.
494 1832 542 1875 T.
578 1831 845 1875 orationibus
877 1831 921 1872 in
953 1830 1122 1873 Christo
1157 1830 1341 1873 domino.

973 1943 1000 1994 †

222 2044 279 2086 Al
310 2044 444 2087 molto
467 2043 722 2086 Reuerendo
745 2043 885 2085 Padre
917 2042 1000 2084 mio
1033 2042 1063 2084 il
1098 2042 1236 2084 Padre
1258 2042 1316 2085 M.
1339 2043 1366 2084 J
1370 2055 1518 2084 3001110
1540 2042 1713 2095 Laynez
1736 2041 1868 2082 Prae-

105 2109 290 2165 [po]sito
324 2109 536 2152 Generale
570 2109 683 2150 della
716 2106 1003 2162 Com[pagnia
1036 2106 1097 2162 di]
1131 2108 1242 2150 ι111311

1509 2188 1566 2230 Jn
1598 2188 1749 2231 Roma.

225 2289 372 2324 Lainius
398 2301 462 2334 per
488 2289 684 2323 Polancum
712 2288 854 2323 Canisio
880 2288 1067 2333 rescripsit
1096 2289 1124 2323 l.
1153 2287 1335 2322 Februarii
1366 2288 1467 2322 1561.

226 2466 240 2481 ἃ
267 2461 309 2494 Β.
335 2461 454 2493 minus
479 2462 590 2492 recte:
616 2459 865 2502 expectantur.
963 2458 978 2477 b
1004 2457 1208 2491 faciendum
1234 2459 1275 2491 B.

227 2520 237 2534 ⁰
266 2512 504 2556 Cathalogum
530 2513 572 2545 B.
671 2511 686 2531 ‘¹
713 2512 772 2545 Sic
799 2512 852 2553 B;
878 2522 1021 2545 oramus
1048 2513 1180 2552 autem,
1207 2510 1242 2544 in
1271 2512 1314 2544 A.

228 2573 240 2588 θ
266 2566 334 2600 hac
360 2567 402 2600 B.
499 2565 511 2585 f
535 2564 788 2598 comendamus
815 2566 859 2598 A.

232 2736 243 2756 ¹
269 2735 361 2769 Vide
386 2746 496 2779 supra
521 2746 554 2779 p.
584 2734 613 2768 1.
644 2734 696 2768 16.
844 2733 856 2753 2
883 2733 1129 2776 Augustanus,
1156 2730 1242 2765 Otto
1268 2728 1468 2763 Truchsess
1495 2729 1537 2763 de
1565 2728 1779 2772 VValdburg.

232 2790 245 2809 3
271 2788 322 2823 Eo
364 2799 456 2822 anno
497 2787 669 2822 sollemne
712 2785 799 2820 illud
840 2786 1011 2820 ieiunium
1058 2782 1410 2828 „quadragesimale“
1459 2783 1513 2817 19.
1556 2782 1740 2816 Februarii
1790 2781 1876 2815 inci-

112 2843 258 2916 Plebat?
262 2854 408 2930 ι1311111311
434 2894 591 2929 auctoris
617 2905 745 2927 nomen
780 2891 980 2937 ascriptum
1014 2893 1071 2925 est
1100 2889 1347 2933 „Catechismo
1375 2888 1578 2923 Catholico“
1613 2887 1746 2930 (Parvo
1782 2889 1876 2922 cate-

103 2949 250 2984 chismo
290 2946 571 2990 Catholicorum)
616 2958 707 2980 anno
749 2946 838 2980 1559
877 2945 1099 2989 Antverpiae
1141 2943 1235 2988 apud
1275 2943 1443 2977 Ioannem
1486 2941 1667 2975 Bellerum
1709 2940 1804 2974 edito
1842 2942 1878 2974 et

119 3002 324 3045 „Summae⁴‘
364 3002 408 3036 ab
443 3000 582 3044 Angelo
617 2999 763 3034 Dovitio
798 2998 832 3033 S.
869 2999 902 3033 J.
939 2998 1059 3032 italice
1095 3008 1221 3031 versae
1261 2998 1296 3030 et
1332 3008 1361 3030 a.
1401 2995 1490 3029 1560
1525 2994 1689 3028 Venetiis
1725 3005 1787 3038 per
1813 2993 1878 3028 Mi-

114 3056 276 3091 chaelem
313 3054 564 3089 Tramezinum
599 3064 754 3088 excusae
792 3052 1080 3096 (Sommervoqel,
1120 3050 1211 3084 Bibl.
1246 3050 1300 3091 ΙΙ,
1337 3049 1416 3084 633.
1452 3048 1531 3083 634.
1588 3047 1672 3082 Can.
1708 3047 1797 3092 Epp.
1835 3047 1878 3090 ΙΙ,

195 3111 206 3129 4
326 3110 336 3129 1

102 3109 184 3147 ’606
210 3109 384 3196 ’56111οὲ11
414 3161 466 3203 15,
495 3161 526 3196 3.
570 3159 624 3194 Cf.
652 3159 781 3193 Tin-en.
808 3159 842 3199 4,
869 3159 901 3192 4.
