2093 3444
314 184 393 219 665.
430 182 633 217 Stanislaus
660 183 793 217 Hosius
821 183 973 218 Canisio.
1018 183 1188 218 Tridento
1217 184 1270 219 10.
1298 183 1484 219 Februarii
1511 184 1613 218 1562.
1766 186 1850 228 375

903 302 1034 344 665.

335 392 790 437 STANISLAUS
825 392 1278 436 CARDINALIS
1311 393 1602 447 HGSIUS,

327 486 420 509 unus
447 486 491 509 ex
518 474 659 508 concilii
685 473 871 508 tridentini
898 474 1134 519 praesidibus,
1163 475 1352 520 episcopus
1378 475 1604 516 varmiensis,

829 557 1103 606 CANISIO.

671 658 844 696 Γ1111101111)
870 659 920 696 10.
946 659 1144 697 Februarii
1169 660 1264 697 1562.

201 742 257 776 Ex
282 742 489 787 apographo
518 742 579 787 (A)
608 742 752 776 saeculo
780 742 864 776 XVI
894 743 1000 785 (anno
1029 744 1149 778 1578?
1191 744 1283 778 Vide
1308 744 1422 785 infra,
1458 756 1491 789 p.
1520 744 1627 788 37911)
1657 743 1791 789 scripto
1819 746 1855 778 et

81 797 134 831 sic
168 795 360 840 inscripto:
401 795 529 838 „Petro
556 795 697 829 Canisio
733 795 924 830 Societatis
958 796 1039 831 lesu
1075 796 1259 832 Sacerdoti
1287 826 1294 832 .
1323 797 1572 832 Concionatori
1598 797 1854 840 Augustano“;

81 850 175 894 quod
201 851 324 883 exstat
359 849 395 883 in
421 849 542 884 codice
576 849 714 883 archivi
740 849 898 883 vaticani
931 850 1082 891 „ConciL
1110 851 1206 886 Trid.
1234 851 1312 893 35“,
1350 851 1373 885 f.
1403 851 1652 892 1252—127f=;
1688 853 1798 896 atque
1824 851 1855 885 is

83 903 196 938 codex
231 903 316 937 olim
342 903 412 937 fuit
438 902 610 937 Stanislai
637 903 776 944 1105011,
813 903 873 947 qui
900 904 1000 937 Hosii
1036 905 1271 939 secretarium
1307 905 1382 948 egit
1417 907 1453 939 et
1478 906 1603 949 postea
1639 905 1715 939 eius
1741 905 1855 940 vitam

81 957 240 1002 scripsit.

202 1010 368 1044 Alterum
403 1009 651 1055 apographum
690 1008 771 1053 (B),
811 1010 903 1054 quod
943 1011 1088 1045 saeculo
1124 1011 1267 1055 quidem
1302 1010 1418 1053 XVI„
1457 1012 1520 1046 sed
1555 1011 1740 1056 aliquanto
1775 1013 1857 1057 post

84 1063 166 1107 (sub
196 1063 286 1098 1580
297 1064 332 1107 ‘?)
360 1063 537 1108 scriptum
563 1074 642 1097 esse
668 1063 812 1097 videtur
830 1083 875 1087 —-
894 1063 1040 1108 scripsit
1066 1064 1233 1099 librarius
1259 1065 1406 1108 ignotus
1427 1085 1484 1106 —,
1511 1067 1633 1099 exstat
1659 1065 1856 1099 cracoviae

80 1116 118 1151 in
143 1116 361 1151 bibliotheca
387 1116 656 1157 universitatis,
685 1116 768 1151 Cod.
799 1117 861 1151 161
892 1117 980 1152 fasc.
1010 1119 1048 1159 1,
1084 1130 1117 1152 11.
1147 1118 1200 1153 10.
1251 1118 1469 1163 inscriptum
1495 1121 1552 1153 est
1577 1119 1701 1152 eadem
1727 1130 1856 1152 manu:

87 1170 311 1213 „Stanislaus
338 1170 471 1204 Hosius
499 1169 699 1204 Cardinalis
726 1169 766 1204 P.
794 1170 968 1205 Canisio.“

201 1223 404 1268 Epistulam
444 1222 527 1267 (ΗΟ)
568 1235 649 1258 cum
688 1223 813 1257 eadem
848 1224 1081 1269 inscriptione
1115 1224 1253 1270 primus
1289 1225 1400 1259 edidit
1433 1225 1529 1259 idem
1564 1227 1665 1260 Stoa.
1698 1226 1858 1270 Rescius,

82 1277 123 1312 D.
152 1277 324 1312 Stanislai
350 1277 453 1311 Hosii
480 1276 639 1321 Operum
665 1276 799 1311 Tomus
825 1278 1005 1312 secundus
1034 1278 1217 1321 (Coloniae
1246 1278 1351 1322 1584)
1380 1290 1414 1324 p.
1444 1279 1641 1313 192—193.

202 1331 349 1365 Partem
365 1330 449 1374 (Rv)
468 1331 644 1375 epistulae
661 1330 868 1376 ([Cuperem
888 1344 1011 1366 verum
1032 1343 1111 1366 esse
1130 1333 1223 1376 quod
1242 1332 1397 1376 dicitur,]
1421 1332 1535 1376 ⁷,quod
1552 1332 1697 1366 missuri
1712 1334 1798 1366 sunt
1810 1351 1857 1355 —·

79 1384 232 1419 fiduciae
258 1384 415 1429 positum
440 1383 654 1427 habemus“)
684 1385 779 1418 idem
804 1386 949 1418 Rescius
974 1388 1100 1430 postea
1125 1385 1245 1430 posuit
1270 1386 1307 1420 in
1335 1385 1395 1428 „D.
1425 1385 1596 1420 Stanislai
1623 1385 1725 1419 Hosii
1744 1385 1850 1419 Vita“

86 1437 237 1482 (Romae
276 1437 382 1482 1587)
423 1450 456 1483 p.
486 1438 673 1472 107-108
711 1438 762 1482 (111
799 1438 914 1472 altera
954 1439 1101 1481 „Vitae“
1140 1439 1314 1481 editione,
1354 1439 1481 1474 Olivae
1519 1439 1609 1474 1690
1646 1439 1764 1481 facta,
1803 1441 1859 1473 est

83 1503 116 1537 p.
147 1491 362 1536 138—139).
408 1492 566 1526 Eandem
592 1494 733 1536 partem
763 1492 848 1536 (ΒΖ)
876 1492 975 1537 typis
1002 1493 1195 1537 exscripsit
1221 1493 1357 1527 Abrah.
1384 1494 1535 1527 Bzovias
1562 1492 1603 1527 O.
1629 1492 1706 1535 Pr„
1739 1493 1858 1527 Anna-

84 1545 173 1579 lium
292 1545 531 1579 Continuatio.
583 1545 717 1580 Tomus
742 1545 822 1580 XX.
853 1545 1036 1590 (Coloniae
1064 1546 1285 1591 Agrippinae
1321 1547 1426 1590 1641)
1462 1559 1494 1592 p.
1521 1546 1602 1581 473.
1653 1546 1859 1581 Particulas

82 1601 283 1644 posuerunt
308 1600 436 1633 etiam:
474 1600 796 1644 La90121a7·sim'u3‚
822 1599 975 1643 Pogiani
1002 1600 1185 1645 Epistolae
1212 1600 1282 1642 111,
1310 1601 1394 1642 35²2
1430 1601 1560 1634 Michel
1585 1600 1607 1634 l.
1637 1613 1665 1634 c.
1693 1612 1725 1645 p.
1753 1600 1859 1642 24823

82 1654 185 1687 Rz'ess
210 1652 234 1687 l.
253 1664 284 1686 c.
307 1665 339 1698 p.
360 1652 546 1687 300—301
578 1652 831 1696 (germanice).
870 1653 1057 1698 Epistulae
1083 1665 1261 1688 summam
1287 1655 1493 1698 germanice
1518 1654 1638 1699 posuit
1662 1655 1860 1698 Ez'ehhorn,

84 1705 219 1740 Hosius
245 1706 289 1746 ΙΙ,
318 1706 373 1740 73.
424 1705 559 1740 Eadem
587 1706 743 1751 epistula
769 1718 856 1741 usus
883 1709 940 1741 est
964 1708 1091 1752 Boero7
1118 1706 1202 1741 Can.
1231 1720 1264 1752 p.
1291 1708 1371 1742 234.

205 1784 320 1818 Sociis
348 1795 420 1827 pro
447 1784 594 1818 concilio
631 1785 819 1817 orandam.
870 1785 903 1817 A
930 1785 1072 1818 concilii
1098 1786 1219 1829 leyatis
1245 1786 1420 1819 decretam
1446 1789 1512 1826 est,
1549 1790 1587 1819 ut
1619 1797 1661 1819 ex
1689 1785 1860 1829 precibus

86 1847 109 1870 a
130 1837 278 1870 Canisio
304 1837 407 1870 editis
432 1837 557 1881 aliqua
578 1838 733 1881 publicis
758 1839 897 1871 litcmiis
921 1840 1174 1872 insererentur.
1215 1839 1392 1884 Coloniae,
1419 1840 1624 1882 Moyantiae
1650 1844 1709 1873 etc.
1747 1839 1861 1872 Sociis

86 1891 311 1933 efficiendum
336 1895 403 1935 est,
438 1895 478 1924 at
503 1891 658 1934 episcopi
683 1892 731 1924 ad
757 1892 946 1924 concilium
972 1893 1111 1925 adeant.
1163 1893 1386 1926 Vehementer
1411 1894 1546 1926 Hosius
1572 1896 1688 1936 optat,
1714 1897 1753 1926 ut
1772 1903 1861 1935 pro-

83 1945 288 1977 testantium
323 1954 459 1988 auoque
486 1945 699 1988 principum
736 1949 897 1978 oratores
933 1947 1092 1989 veniant,
1129 1957 1344 1989 qaocamqae
1368 1947 1509 1980 tandem
1541 1947 1662 1980 animo
1696 1947 1862 1987 veniant,-

84 2008 140 2031 eos
157 1997 420 2031 clementissime
438 2001 616 2041 exceptum
635 2000 695 2032 iri.
732 1999 841 2032 Falso
861 1998 1026 2032 catholici
1043 2004 1167 2032 contra
1183 2003 1417 2042 protestantes
1433 2001 1655 2043 conspirasse
1675 2001 1859 2042 ferantur.

88 2050 220 2084 Caesar
238 2062 309 2094 per
335 2056 495 2085 oratores
521 2052 669 2085 concilio
689 2054 944 2095 protectionem
970 2063 1105 2085 omnem
1124 2054 1302 2096 promi-sit.
1347 2054 1407 2086 Ex
1433 2054 1689 2087 chtheranismo
1716 2054 1789 2086 iam
1814 2053 1862 2085 ad

84 2104 352 2148 cahinismum,
388 2116 431 2138 ex
456 2105 521 2139 hoc
546 2106 594 2138 ad
620 2106 829 2138 atlzeismum
854 2106 1060 2140 delabimur.
1113 2106 1408 2149 Harclenberyias
1433 2107 1502 2140 Dei
1525 2107 1641 2149 filium
1667 2118 1710 2140 ex
1736 2106 1861 2139 Maria

84 2168 228 2191 carnem
262 2160 470 2203 suscepisse,
506 2159 635 2192 Petrus
660 2159 807 2202 Mai-tyr
835 2159 1017 2192 Christum
1046 2163 1127 2202 post
1161 2162 1456 2194 resurrectionem
1491 2161 1620 2194 clausis
1655 2161 1780 2193 ianuis
1813 2160 1862 2193 ad

84 2211 278 2255 discipulos
310 2213 465 2245 intrasse
497 2217 723 2255 neyaverimt.
776 2213 823 2245 At
849 2213 1008 2245 maxima
1041 2224 1083 2245 ex
1108 2213 1182 2246 Deo
1208 2214 1399 2256 speranda.
1455 2213 1639 2247 Canisiam
1664 2218 1787 2257 φοραί,
1822 2218 1862 2247 ut

83 2265 215 2309 Zeyatos
231 2266 273 2298 de
290 2266 441 2299 alniensi
459 2270 628 2299 conventa
646 2277 687 2298 ac
704 2267 746 2299 de
763 2266 867 2299 rebus
885 2267 1058 2309 omnibus,
1086 2277 1174 2310 qaas
1192 2278 1247 2300 eos
1263 2268 1353 2300 scire
1371 2268 1522 2312 intersit,
1549 2268 1714 2301 certiores
1735 2268 1860 2309 faciat.

202 2378 263 2383 ——
295 2353 514 2407 Synodum
536 2353 624 2395 iam
645 2354 823 2397 tandem
846 2356 1045 2408 apertam
1068 2354 1182 2408 quod
1203 2355 1286 2409 pijs
1308 2355 1423 2398 uotis
1445 2355 1721 2409 prosequeris
1738 2356 1754 2383 1
1776 2369 1861 2398 non

83 2420 232 2473 potest
261 2432 349 2461 non
381 2432 477 2461 esse
508 2419 591 2474 pijs
625 2419 821 2461 omnibus
843 2419 971 2461 ualde
992 2421 1182 2472 gratum,
1217 2423 1349 2473 atque
1371 2422 1421 2462 vt
1451 2420 1495 2462 id
1524 2421 1669 2463 facere
1701 2434 1861 2475 pergas

84 2498 172 2526 una
204 2498 301 2526 cum
333 2484 554 2527 Societate
585 2487 663 2528 tua
693 2484 896 2527 hortarer
926 2486 992 2536 te,
1036 2484 1119 2526 nisi
1151 2485 1319 2536 scirem,
1354 2486 1545 2528 currenti
1577 2486 1691 2539 quod
1724 2485 1858 2537 aiunt,

85 2550 232 2592 calcar
263 2550 504 2602 addere22,
546 2565 633 2592 non
665 2564 760 2592 esse
792 2549 1106 2592 necessarium:
1150 2564 1245 2592 cum
1287 2551 1547 2605 praesertim
1577 2552 1759 2605 legerim
1792 2565 1861 2594 se-

84 2615 224 2658 lectas
245 2629 397 2669 preces
429 2630 538 2669 quas
571 2616 639 2658 edi
662 2615 825 2658 curasti
841 2616 857 2643 3
890 2615 1163 2669 comprimisb
1187 2614 1248 2671 [Ρ]
1281 2617 1376 2671 pias
1399 2618 1553 2670 quibus
1578 2618 1863 2659 uehementer

85 2694 179 2723 sum
213 2680 469 2732 delectatus,
509 2695 560 2723 ac
593 2681 838 2735 exemplum
871 2695 1003 2722 unuin
1034 2681 1345 2724 Illustrissimis
1378 2682 1573 2724 Dominis
1606 2685 1651 2725 et
1683 2682 1861 2736 collegis

204 2829 220 2844 ἃ
244 2825 303 2858 Ita
328 2825 362 2858 B
387 2828 417 2858 et
441 2824 514 2867 R⁰;
539 2823 641 2857 aiunt
667 2822 796 2864 calcar,
822 2822 954 2856 addere
980 2824 1025 2857 A.
1123 2823 1138 2844 b
1165 2825 1225 2858 Sic
1251 2825 1348 2867 AB;
1374 2824 1583 2869 cumprimis
1608 2825 1667 2858 ΕΟ.

209 2958 219 2979 ¹
245 2958 379 2993 Hosius
404 2957 461 2992 his
487 2957 619 2992 litteris
653 2957 697 2991 ad
724 2956 859 2991 canisii
885 2957 1078 3002 epistulam
1104 2957 1160 2992 29.
1188 2956 1345 2991 Ianuarii
1372 2957 1462 2992 1562
1499 2957 1621 2991 datam
1653 2956 1858 3002 respondet.

208 3011 221 3031 ²
250 3011 452 3054 „Addidisti
478 3022 563 3054 ergo
590 3009 745 3045 calcaria
771 3011 898 3055 sponte
925 3010 1125 3044 currenti“:
1156 3011 1192 3045 C.
1219 3011 1374 3055 Plinius,
1400 3010 1588 3055 Epistulae
1613 3009 1636 3044 1.
1664 3010 1694 3051 1,
1720 3022 1754 3044 11.
1781 3010 1814 3045 8.

208 3065 221 3085 3
245 3065 379 3099 Hosius
404 3064 561 3098 fortasse
585 3063 666 3098 libri
692 3063 941 3108 precationum
967 3064 1172 3108 germanice
1199 3075 1229 3098 a.
1253 3064 1344 3099 1560
1369 3063 1537 3107 Dilingae
1563 3074 1584 3097 a
1603 3062 1746 3098 Canisio
1773 3063 1861 3098 editi

90 3118 290 3153 versionem
315 3117 467 3152 latinam
492 3117 692 3160 significat;
727 3117 787 3151 vel
818 3116 1031 3160 „Hortulum
1067 3117 1226 3152 animae“
1265 3117 1325 3152 vel
1350 3129 1476 3163 preces
1506 3129 1570 3162 pro
1605 3117 1755 3152 concilio
1790 3119 1859 3152 etc.

87 3171 293 3205 recitandas
319 3171 417 3206 dicit.
451 3171 543 3205 Vide
569 3170 673 3211 insta,
699 3182 854 3205 monum.
882 3171 961 3205 394.
