2093 3444
357 208 436 243 549.
473 208 625 242 Ioannes
652 207 695 241 de
723 207 879 241 Polanco
908 205 1061 241 Canisio.
1104 204 1218 238 Roma
1245 204 1300 238 26.
1329 203 1464 249 Aprilis
1493 204 1594 238 1561.
1775 206 1857 246 123

204 327 264 368 Le
297 341 395 368 cose
429 325 471 368 di
503 325 688 380 spagnia
720 327 882 378 quanto
916 325 1000 366 alle
1031 323 1199 365 heresie
1232 336 1374 364 vanno
1408 322 1660 372 benissime,
1704 324 1748 364 et
1781 336 1859 363 con

85 392 221 434 hauer
251 391 453 445 brugiato
487 392 627 445 alcunj
662 390 808 433 infetti
841 391 919 432 che
952 392 1186 431 restauano
1226 388 1324 429 dell'
1349 401 1462 429 anno
1495 390 1695 441 passato,
1740 400 1859 428 come

87 459 120 499 s’
145 459 167 499 e
199 457 313 500 fatto
345 457 389 498 in
421 456 628 507 seuilla1,
672 458 705 497 s'
731 457 753 497 0
786 456 1006 497 smorbato
1050 468 1129 496 con
1162 454 1204 495 la
1242 452 1387 506 gratia
1428 452 1495 494 del
1529 452 1711 505 Signore
1743 454 1860 494 tutto

88 523 184 576 quel
218 536 352 576 regno
386 521 427 563 di
461 525 615 575 questa
648 524 771 576 peste
806 555 813 562 .
849 521 906 563 Et
938 520 966 562 il
1002 520 1065 561 Re
1097 518 1309 573 Philippo,
1345 532 1464 559 come
1497 517 1551 559 ho
1585 518 1770 567 intesso,
1805 517 1861 558 ha

88 588 392 630 commandato
425 587 461 629 si
482 587 640 629 facessi
664 586 860 628 oratione
892 586 936 627 in
959 585 1063 627 tutti
1090 584 1118 625 li
1143 583 1408 636 monasterij,
1444 582 1598 633 chiese,
1633 582 1778 636 luoghi
1801 583 1859 636 pij

89 652 130 695 di
163 653 262 706 quel
294 667 428 706 regno
462 667 540 707 per
570 654 614 695 la
637 651 967 694 conseruatione
991 650 1031 691 (11
1065 664 1161 691 0330
1183 649 1300 691 nella
1331 649 1430 690 fede
1463 648 1690 690 catholica.
1725 674 1781 677 —
1805 673 1863 677 ——

208 790 405 836 Hispaniae
431 801 499 832 res,
527 792 701 834 quantum
729 789 772 823 ad
799 789 968 822 haereses
987 789 1154 833 pertinet,
1181 787 1313 832 optime
1339 787 1557 827 succedunt3
1586 786 1697 830 aliqui
1723 786 1865 820 haeresi

87 844 223 886 infecti,
251 845 312 889 qui
339 856 383 878 ex
410 855 502 878 anno
529 843 711 888 superiore
738 844 962 888 supererant,
989 841 1167 876 combusti
1192 842 1278 875 sunt
1303 840 1442 885 Hispali
1460 841 1479 881 ¹,
1511 841 1619 884 atque
1647 840 1696 873 ita
1723 839 1864 873 domino

88 898 237 932 iuvante
263 900 379 933 totum
412 897 501 931 illud
526 908 678 940 regnum
715 907 756 930 ea
782 898 883 940 peste
910 895 1071 929 levatum
1099 896 1164 928 est.
1216 894 1263 928 Et
1288 893 1494 938 Philippum
1525 905 1646 936 regem
1673 893 1864 927 mandasse

90 951 222 997 accepi,
248 954 290 986 ut
314 952 350 985 in
368 951 533 986 omnibus
560 950 661 994 regni
688 949 786 983 illius
810 948 1050 989 monasteriis,
1079 948 1252 989 ecclesiis,
1278 947 1366 981 locis
1393 948 1461 992 piis
1480 947 1593 981 Deum
1620 948 1865 991 precarentur,

89 1007 130 1040 ut
155 1005 249 1040 idem
276 1017 428 1049 regnum
454 1005 489 1038 in
516 1003 585 1038 fide
613 1003 790 1038 catholica
817 1003 1060 1036 conservaret.
1087 1021 1132 1024 —
1158 1021 1203 1024 —

210 1086 321 1122 Nota:
349 1087 459 1120 Perez
486 1085 693 1131 apographo
720 1097 784 1119 suo
811 1084 900 1119 haec
926 1084 1129 1129 inscripsit:
1161 1083 1237 1126 „Ex
1261 1083 1376 1117 literis
1401 1083 1451 1117 .P.
1472 1082 1701 1116 Ribadineira
1721 1082 1867 1117 Genuae

93 1140 149 1175 26.
170 1141 306 1186 Aprilis
333 1141 375 1174 ad
405 1140 455 1174 .P.
475 1139 739 1173 Prouincialem
767 1137 926 1182 da[tis]“.
970 1137 1071 1171 Anno
1099 1139 1220 1171 autem
1248 1137 1336 1171 1561
1366 1136 1639 1170 Ribadeneiram
1667 1136 1867 1180 scripsisse,

91 1205 132 1228 ea
151 1194 355 1234 ostendunt,
375 1205 466 1238 quae
484 1192 543 1227 hic
561 1192 649 1227 dicit
667 1192 710 1226 de
728 1191 920 1226 haereticis
938 1191 1205 1235 hispalensibus
1228 1190 1325 1234 (vide
1344 1189 1448 1231 infra,
1468 1190 1586 1224 adnot.
1604 1190 1620 1223 1
1641 1189 1748 1223 huius
1765 1189 1864 1234 pag.)

91 1258 134 1281 ac
159 1247 202 1281 de
221 1247 411 1282 Societatis
438 1246 600 1290 collegiis
619 1246 744 1280 Monte
763 1245 890 1289 Regali
917 1247 953 1278 et
971 1244 1136 1278 Turnone
1163 1244 1325 1289 proxime
1352 1242 1560 1277 incohandis
1589 1242 1697 1286 (quae
1724 1254 1754 1276 a.
1776 1242 1863 1276 1561

91 1300 259 1336 incohata
285 1312 363 1335 esse
391 1302 551 1340 constat3
579 1299 662 1334 vide
689 1300 917 1343 Sacehz‘mcm,
945 1298 1038 1332 Hist.
1065 1298 1098 1332 S.
1119 1298 1152 1332 J.
1180 1297 1224 1331 II.
1252 1297 1274 1331 l.
1303 1299 1333 1338 5,
1360 1309 1394 1330 n.
1421 1296 1572 1331 83-90.
1603 1296 1818 1339 189—190).

213 1354 351 1388 Peresii
377 1354 622 1399 apographum
652 1353 718 1387 hoc
749 1364 820 1387 una
847 1364 925 1386 cum
954 1351 1034 1385 aliis
1061 1352 1200 1385 duobus
1233 1351 1362 1385 similis
1388 1349 1531 1393 generis
1557 1348 1774 1394 apographis
1801 1348 1869 1383 001-

93 1407 178 1452 legii
205 1407 432 1442 monacensis
457 1407 572 1442 Sociis
598 1406 818 1441 destinatum
846 1408 921 1446 est;
948 1405 1030 1439 vide
1057 1416 1166 1450 supra
1192 1417 1226 1449 p.
1256 1404 1333 1439 105.

917 1529 1048 1571 549.

509 1625 573 1666 P.
607 1622 929 1666 IOANNES
963 1622 1061 1664 DE
1094 1620 1456 1674 POLANGO,

702 1704 920 1739 secretarius
949 1704 1140 1739 Societatis
1167 1704 1259 1744 Iesu,

415 1789 587 1831 nomine
619 1787 766 1830 Iacobi
797 1787 951 1839 Lainii,
985 1787 1224 1842 praepositi
1257 1786 1550 1841 provincialis,

848 1889 1122 1937 OANISIO.

742 1998 855 2035 Roma
881 1998 937 2034 26.
965 1996 1108 2045 Aprilis
1135 1996 1221 2033 1561.

219 2082 273 2117 Ex
301 2082 510 2128 apographo
537 2082 696 2117 eiusdem
722 2082 914 2127 temporis3
941 2081 976 2115 111
1002 2081 1183 2124 margine:
1215 2080 1351 2122 „Padre
1378 2078 1520 2113 Canisio
1546 2079 1742 2122 Augusta.“
1790 2076 1874 2112 Cod.

103 2136 244 2180 „Germ.
274 2137 384 2171 1559“
415 2138 438 2171 f.
467 2137 546 2171 329.

225 2214 369 2248 Canisio
402 2214 618 2258 provinciali
646 2214 837 2256 provincia
864 2213 1007 2246 visenda
1043 2217 1100 2245 est.
1151 2211 1430 2245 Vindobonensis
1464 2210 1599 2252 eolleyiz'
1625 2208 1875 2253 typoyraphia.

102 2268 209 2301 Libri
233 2268 443 2301 scholastici.
482 2268 536 2301 De
560 2268 689 2301 stadiis
715 2268 922 2311 Ze'uyuarnm
950 2271 1008 2300 etc.
1030 2277 1100 2310 per
1125 2266 1266 2298 diversa
1293 2266 1369 2298 loca
1395 2264 1650 2296 distribuendis
1675 2266 1790 2295 actam
1818 2265 1875 2295 est.

102 2322 304 2355 Discidium
331 2333 410 2354 omn
435 2322 664 2354 universitate
689 2321 942 2354 vindobonensi
967 2320 1162 2353 vitandum.
1198 2319 1371 2352 Facultas
1392 2318 1530 2361 oradics
1555 2317 1771 2350 academicos
1797 2325 1877 2348 con-

101 2376 251 2418 ferendi.
288 2375 532 2417 Profe-ssiones
542 2385 749 2418 pragenses.
784 2375 990 2407 Facultates
1007 2374 1217 2406 novissimae
1235 2376 1407 2416 quantum
1420 2374 1581 2414 pateant.
1616 2371 1712 2403 Nam
1730 2369 1878 2402 Erasmi

103 2440 229 2463 nomen
255 2433 312 2462 eto.
340 2440 383 2462 ex
409 2429 512 2462 libris
537 2429 732 2462 delendam.
783 2428 956 2461 Fac-ultas
982 2427 1137 2470 amplior
1163 2428 1367 2469 anyasz‘z'ore
1394 2436 1464 2458 non
1491 2425 1669 2466 (infertur.

221 2517 499 2561 Riceuemmo
534 2517 675 2571 quelle
708 2517 748 2558 di
777 2516 842 2560 .V.
867 2517 917 2560 R.
953 2515 994 2558 di
1019 2517 1101 2559 .11.
1137 2515 1206 2557 del
1237 2516 1441 2569 presente
1454 2514 1484 2563 2,
1519 2514 1563 2554 et
1596 2514 1757 2565 quanto
1791 2510 1878 2552 alla

104 2583 235 2625 uisita
268 2583 309 2625 di
341 2597 420 2626 sua
444 2582 684 2633 Prouintia,
717 2596 823 2636 pare
856 2583 1018 2635 quanto
1050 2580 1191 2635 prima
1223 2580 1258 2622 si
1290 2579 1429 2621 faccia
1461 2580 1562 2620 sara
1594 2576 1765 2630 meglio,
1801 2590 1878 2617 an-

226 2727 442 2773 Accepimus
467 2727 509 2761 R.
529 2727 572 2761 V.
599 2726 742 2760 litteras
769 2726 824 2760 die
853 2726 907 2760 11.
934 2725 1041 2759 11111113
1067 2723 1201 2758 mensis
1228 2723 1376 2762 datas²;
1404 2723 1440 2756 et
1466 2721 1560 2766 quod
1586 2720 1630 2755 ad
1656 2718 1879 2765 provinciam

106 2781 214 2816 istam
240 2780 428 2816 visendam
463 2779 612 2822 attinet,
648 2779 690 2814 R.
710 2780 754 2814 V.
782 2791 822 2813 eo
858 2778 993 2813 rectius
1029 2780 1153 2812 actura
1189 2788 1268 2811 esse
1294 2776 1456 2816 videtur,
1493 2786 1561 2819 quo
1588 2773 1765 2807 maturius
1799 2783 1878 2806 eam

229 2917 240 2936 ¹
266 2915 411 2960 Hispali
436 2914 494 2948 24.
521 2912 743 2959 Septembris
772 2912 862 2947 1559
899 2913 935 2946 et
966 2911 1023 2946 22.
1055 2910 1264 2945 Decembris
1293 2910 1384 2943 1560
1424 2908 1559 2951 „Autos
1595 2907 1638 2941 de
1673 2906 1728 2940 fe“
1767 2904 1881 2939 habiti

109 2970 211 3010 sunt,
238 2969 273 3003 in
301 2968 430 3013 quibus
457 2967 596 3011 aliquot
620 2965 786 3000 monachi
813 2965 965 3009 aliique,
993 2965 1086 3009 quod
1114 2963 1307 2998 offirmatis
1332 2961 1582 2997 voluntatibus
1607 2960 1644 2994 in
1670 2958 1881 2994 haeresibus

108 3022 370 3067 persistebant,
409 3020 487 3055 vivi
513 3019 689 3054 combusti
716 3021 801 3053 sunt
830 3018 962 3062 (Marc.
990 3018 1183 3052 Menendez
1209 3017 1360 3060 Pelayo,
1395 3014 1557 3049 Historia
1583 3014 1626 3048 de
1652 3013 1706 3047 103
1732 3012 1880 3046 Hetero-

111 3075 222 3110 doxos
258 3074 458 3120 Espaiioles
494 3074 527 3108 ΙΙ
563 3072 719 3118 [Madrid
748 3071 874 3116 1881],
909 3071 1109 3106 440—449.
1162 3071 1227 3104 Fr.
1255 3071 1291 3104 J.
1323 3070 1364 3103 G.
1392 3069 1571 3112 Rodri90‚
1607 3065 1768 3100 Historia
1803 3076 1881 3099 ver·

111 3128 242 3163 dadera
268 3128 312 3163 de
337 3128 372 3162 la
398 3127 618 3172 Inquisicion
644 3126 678 3160 Π
706 3125 862 3170 [Madrid
892 3124 1007 3168 1877]‚
1035 3123 1253 3167 219-222).

230 3182 244 3202 ²
269 3181 372 3224 Vide,
400 3192 493 3226 quae
519 3191 629 3225 supra
655 3191 688 3224 p.
720 3179 786 3214 115
813 3180 938 3212 notata
965 3180 1060 3212 sunt.
