<?xml version="1.0" encoding="UTF-8"?>
<!DOCTYPE html PUBLIC "-//W3C//DTD XHTML 1.0 Transitional//EN"
    "http://www.w3.org/TR/xhtml1/DTD/xhtml1-transitional.dtd">
<html xmlns="http://www.w3.org/1999/xhtml" xml:lang="en" lang="en">
 <head>
  <title>
</title>
<meta http-equiv="Content-Type" content="text/html;charset=utf-8" />
  <meta name='ocr-system' content='tesseract 3.04.00' />
  <meta name='ocr-capabilities' content='ocr_page ocr_carea ocr_par ocr_line ocrx_word'/>
</head>
<body>
  <div class='ocr_page' id='page_1' title='image "beatipetricanisi03cani_0033.png"; bbox 0 0 2093 3444; ppageno 0'>
   <div class='ocr_carea' id='block_1_1' title="bbox 508 0 1310 65">
    <p class='ocr_par' dir='ltr' id='par_1_1' title="bbox 508 0 1310 65">
     <span class='ocr_line' id='line_1_1' title="bbox 508 0 1310 65; baseline -0.017 1"><span class='ocrx_word' id='word_1_1' title='bbox 508 24 735 65; x_wconf 53' lang='lat' dir='ltr'>inm-’er</span> <span class='ocrx_word' id='word_1_2' title='bbox 766 22 1027 63; x_wconf 44' lang='lat' dir='ltr'>ceam-22:³1</span> <span class='ocrx_word' id='word_1_3' title='bbox 1062 15 1228 61; x_wconf 42' lang='lat' dir='ltr'>,numi</span> <span class='ocrx_word' id='word_1_4' title='bbox 1288 0 1310 45; x_wconf 56' lang='grc' dir='ltr'>Ὺ</span> 
     </span>
    </p>
   </div>
   <div class='ocr_carea' id='block_1_2' title="bbox 582 100 1245 148">
    <p class='ocr_par' dir='ltr' id='par_1_2' title="bbox 582 100 1245 148">
     <span class='ocr_line' id='line_1_2' title="bbox 582 100 1245 148; baseline -0.002 -11"><span class='ocrx_word' id='word_1_5' title='bbox 582 100 795 138; x_wconf 46' lang='lat' dir='ltr'>rrae-&#39;xv</span> <span class='ocrx_word' id='word_1_6' title='bbox 814 102 883 139; x_wconf 55' lang='lat' dir='ltr'>ev</span> <span class='ocrx_word' id='word_1_7' title='bbox 916 100 1064 148; x_wconf 27' lang='grc'><strong>1111111..</strong></span> <span class='ocrx_word' id='word_1_8' title='bbox 1097 101 1245 137; x_wconf 56' lang='grc' dir='ltr'><strong>.ιέ-&gt;,·,;-«;-;-1</strong></span> 
     </span>
    </p>
   </div>
   <div class='ocr_carea' id='block_1_3' title="bbox 673 194 1890 242">
    <p class='ocr_par' dir='ltr' id='par_1_3' title="bbox 673 194 1890 242">
     <span class='ocr_line' id='line_1_3' title="bbox 673 194 1890 242; baseline 0.003 -14"><span class='ocrx_word' id='word_1_9' title='bbox 673 195 718 229; x_wconf 89' lang='grc' dir='ltr'>ΙΙ.</span> <span class='ocrx_word' id='word_1_10' title='bbox 756 194 983 230; x_wconf 83' lang='lat' dir='ltr'>Prooemium</span> <span class='ocrx_word' id='word_1_11' title='bbox 1010 195 1202 231; x_wconf 87' lang='lat' dir='ltr'>voluminis</span> <span class='ocrx_word' id='word_1_12' title='bbox 1228 196 1338 231; x_wconf 76' lang='lat' dir='ltr'>tertii.</span> <span class='ocrx_word' id='word_1_13' title='bbox 1759 215 1890 242; x_wconf 72' lang='lat' dir='ltr'>XXVH</span> 
     </span>
    </p>
   </div>
   <div class='ocr_carea' id='block_1_4' title="bbox 106 311 1891 2594">
    <p class='ocr_par' dir='ltr' id='par_1_4' title="bbox 106 311 1891 2594">
     <span class='ocr_line' id='line_1_4' title="bbox 232 311 1891 368; baseline 0.004 -15"><span class='ocrx_word' id='word_1_14' title='bbox 232 311 456 354; x_wconf 84' lang='lat' dir='ltr'>Externae</span> <span class='ocrx_word' id='word_1_15' title='bbox 488 311 586 353; x_wconf 90' lang='lat' dir='ltr'>huic</span> <span class='ocrx_word' id='word_1_16' title='bbox 620 312 932 355; x_wconf 85' lang='lat' dir='ltr'>Societatis</span> <span class='ocrx_word' id='word_1_17' title='bbox 974 313 1301 367; x_wconf 88' lang='lat' dir='ltr'>amplificationi</span> <span class='ocrx_word' id='word_1_18' title='bbox 1343 316 1636 368; x_wconf 82' lang='lat' dir='ltr'>profectus</span> <span class='ocrx_word' id='word_1_19' title='bbox 1678 316 1891 359; x_wconf 88' lang='lat' dir='ltr'>interni</span> 
     </span>
     <span class='ocr_line' id='line_1_5' title="bbox 111 376 1890 435; baseline 0.003 -17"><span class='ocrx_word' id='word_1_20' title='bbox 111 376 416 430; x_wconf 88' lang='lat' dir='ltr'>iungebantur.</span> <span class='ocrx_word' id='word_1_21' title='bbox 464 377 721 420; x_wconf 78' lang='lat' dir='ltr'>Germaniae</span> <span class='ocrx_word' id='word_1_22' title='bbox 754 378 989 432; x_wconf 86' lang='lat' dir='ltr'>superioris</span> <span class='ocrx_word' id='word_1_23' title='bbox 1012 378 1148 421; x_wconf 82' lang='lat' dir='ltr'>Sociis</span> <span class='ocrx_word' id='word_1_24' title='bbox 1181 379 1401 421; x_wconf 87' lang='lat' dir='ltr'>variorum</span> <span class='ocrx_word' id='word_1_25' title='bbox 1440 381 1679 423; x_wconf 82' lang='lat' dir='ltr'>officiorum</span> <span class='ocrx_word' id='word_1_26' title='bbox 1712 382 1890 435; x_wconf 89' lang='lat' dir='ltr'>regulae</span> 
     </span>
     <span class='ocr_line' id='line_1_6' title="bbox 112 442 1887 501; baseline 0.004 -18"><span class='ocrx_word' id='word_1_27' title='bbox 112 442 182 484; x_wconf 87' lang='lat' dir='ltr'>vel</span> <span class='ocrx_word' id='word_1_28' title='bbox 222 442 409 496; x_wconf 90' lang='lat' dir='ltr'>primum</span> <span class='ocrx_word' id='word_1_29' title='bbox 450 442 609 485; x_wconf 87' lang='lat' dir='ltr'>missae</span> <span class='ocrx_word' id='word_1_30' title='bbox 650 446 772 494; x_wconf 88' lang='lat' dir='ltr'>sunt,</span> <span class='ocrx_word' id='word_1_31' title='bbox 816 446 864 486; x_wconf 89' lang='lat' dir='ltr'>ut</span> <span class='ocrx_word' id='word_1_32' title='bbox 910 445 1280 495; x_wconf 81' lang='lat' dir='ltr'>„consultorum“,</span> <span class='ocrx_word' id='word_1_33' title='bbox 1323 446 1393 487; x_wconf 90' lang='lat' dir='ltr'>vel</span> <span class='ocrx_word' id='word_1_34' title='bbox 1436 447 1593 489; x_wconf 87' lang='lat' dir='ltr'>saltem</span> <span class='ocrx_word' id='word_1_35' title='bbox 1635 447 1887 501; x_wconf 76' lang='lat' dir='ltr'>promissae,</span> 
     </span>
     <span class='ocr_line' id='line_1_7' title="bbox 111 507 1890 566; baseline 0.003 -17"><span class='ocrx_word' id='word_1_36' title='bbox 111 510 160 550; x_wconf 91' lang='lat' dir='ltr'>ut</span> <span class='ocrx_word' id='word_1_37' title='bbox 215 507 538 558; x_wconf 86' lang='lat' dir='ltr'>„coadiutorum</span> <span class='ocrx_word' id='word_1_38' title='bbox 586 508 915 563; x_wconf 78' lang='lat' dir='ltr'>temp01·aliun1“</span> <span class='ocrx_word' id='word_1_39' title='bbox 970 508 1088 561; x_wconf 87' lang='lat'><strong>(177.</strong></span> <span class='ocrx_word' id='word_1_40' title='bbox 1140 510 1257 563; x_wconf 74' lang='lat'>819).</span> <span class='ocrx_word' id='word_1_41' title='bbox 1337 510 1567 555; x_wconf 83' lang='lat' dir='ltr'>Societatis</span> <span class='ocrx_word' id='word_1_42' title='bbox 1615 513 1890 566; x_wconf 85' lang='lat' dir='ltr'>praepositus</span> 
     </span>
     <span class='ocr_line' id='line_1_8' title="bbox 111 572 1889 632; baseline 0.003 -18"><span class='ocrx_word' id='word_1_43' title='bbox 111 573 350 626; x_wconf 86' lang='lat' dir='ltr'>generalis,</span> <span class='ocrx_word' id='word_1_44' title='bbox 385 572 561 615; x_wconf 89' lang='lat' dir='ltr'>triennii</span> <span class='ocrx_word' id='word_1_45' title='bbox 593 574 712 627; x_wconf 89' lang='lat' dir='ltr'>lege,</span> <span class='ocrx_word' id='word_1_46' title='bbox 747 588 876 627; x_wconf 88' lang='lat' dir='ltr'>quam</span> <span class='ocrx_word' id='word_1_47' title='bbox 907 574 1071 619; x_wconf 89' lang='lat' dir='ltr'>Paulus</span> <span class='ocrx_word' id='word_1_48' title='bbox 1103 575 1177 618; x_wconf 90' lang='lat' dir='ltr'>IV.</span> <span class='ocrx_word' id='word_1_49' title='bbox 1212 576 1388 627; x_wconf 88' lang='lat' dir='ltr'>tulerat,</span> <span class='ocrx_word' id='word_1_50' title='bbox 1423 577 1618 628; x_wconf 87' lang='lat' dir='ltr'>sublata,</span> <span class='ocrx_word' id='word_1_51' title='bbox 1653 581 1889 632; x_wconf 88' lang='lat' dir='ltr'>perpetuus</span> 
     </span>
     <span class='ocr_line' id='line_1_9' title="bbox 111 638 1887 695; baseline 0.003 -15"><span class='ocrx_word' id='word_1_52' title='bbox 111 652 228 689; x_wconf 89' lang='lat' dir='ltr'>esse,</span> <span class='ocrx_word' id='word_1_53' title='bbox 272 641 321 680; x_wconf 91' lang='lat' dir='ltr'>ut</span> <span class='ocrx_word' id='word_1_54' title='bbox 362 641 406 681; x_wconf 91' lang='lat' dir='ltr'>et</span> <span class='ocrx_word' id='word_1_55' title='bbox 439 638 482 680; x_wconf 88' lang='lat' dir='ltr'>in</span> <span class='ocrx_word' id='word_1_56' title='bbox 515 638 905 681; x_wconf 81' lang='lat' dir='ltr'>Constitutionibus</span> <span class='ocrx_word' id='word_1_57' title='bbox 947 640 1265 695; x_wconf 87' lang='lat' dir='ltr'>praescriptum</span> <span class='ocrx_word' id='word_1_58' title='bbox 1309 644 1352 683; x_wconf 90' lang='lat' dir='ltr'>et</span> <span class='ocrx_word' id='word_1_59' title='bbox 1385 642 1555 685; x_wconf 87' lang='lat' dir='ltr'>Canisio</span> <span class='ocrx_word' id='word_1_60' title='bbox 1596 643 1736 685; x_wconf 86' lang='lat' dir='ltr'>visum</span> <span class='ocrx_word' id='word_1_61' title='bbox 1779 647 1887 694; x_wconf 90' lang='lat' dir='ltr'>erat,</span> 
     </span>
     <span class='ocr_line' id='line_1_10' title="bbox 111 703 1888 760; baseline 0.004 -16"><span class='ocrx_word' id='word_1_62' title='bbox 111 717 137 745; x_wconf 89' lang='lat' dir='ltr'>a</span> <span class='ocrx_word' id='word_1_63' title='bbox 178 703 255 745; x_wconf 90' lang='lat' dir='ltr'>Pio</span> <span class='ocrx_word' id='word_1_64' title='bbox 293 703 368 746; x_wconf 92' lang='lat' dir='ltr'>IV.</span> <span class='ocrx_word' id='word_1_65' title='bbox 411 703 554 746; x_wconf 89' lang='lat' dir='ltr'>iussus</span> <span class='ocrx_word' id='word_1_66' title='bbox 596 706 663 747; x_wconf 90' lang='lat' dir='ltr'>est</span> <span class='ocrx_word' id='word_1_67' title='bbox 704 704 791 758; x_wconf 88' lang='grc'><strong>(62.</strong></span> <span class='ocrx_word' id='word_1_68' title='bbox 845 707 935 748; x_wconf 87' lang='grc'><strong>109.</strong></span> <span class='ocrx_word' id='word_1_69' title='bbox 982 706 1098 760; x_wconf 82' lang='grc'><strong>178).</strong></span> <span class='ocrx_word' id='word_1_70' title='bbox 1163 706 1267 748; x_wconf 84' lang='lat' dir='ltr'>Cum</span> <span class='ocrx_word' id='word_1_71' title='bbox 1308 706 1505 750; x_wconf 76' lang='lat' dir='ltr'>Victoria</span> <span class='ocrx_word' id='word_1_72' title='bbox 1549 712 1693 751; x_wconf 88' lang='lat' dir='ltr'>rector</span> <span class='ocrx_word' id='word_1_73' title='bbox 1735 708 1888 751; x_wconf 86' lang='lat' dir='ltr'>vindo-</span> 
     </span>
     <span class='ocr_line' id='line_1_11' title="bbox 110 769 1888 828; baseline 0.003 -18"><span class='ocrx_word' id='word_1_74' title='bbox 110 769 314 811; x_wconf 89' lang='lat' dir='ltr'>bonensis</span> <span class='ocrx_word' id='word_1_75' title='bbox 337 769 650 823; x_wconf 81' lang='lat' dir='ltr'>professionem</span> <span class='ocrx_word' id='word_1_76' title='bbox 673 770 1016 822; x_wconf 88' lang='lat' dir='ltr'>sollemnissime,</span> <span class='ocrx_word' id='word_1_77' title='bbox 1043 785 1220 814; x_wconf 87' lang='lat' dir='ltr'>caesare</span> <span class='ocrx_word' id='word_1_78' title='bbox 1243 772 1376 815; x_wconf 90' lang='lat' dir='ltr'>etiam</span> <span class='ocrx_word' id='word_1_79' title='bbox 1399 775 1443 816; x_wconf 90' lang='lat' dir='ltr'>et</span> <span class='ocrx_word' id='word_1_80' title='bbox 1463 773 1762 816; x_wconf 79' lang='lat' dir='ltr'>Maxiiniliano</span> <span class='ocrx_word' id='word_1_81' title='bbox 1785 788 1888 828; x_wconf 89' lang='lat' dir='ltr'>rege</span> 
     </span>
     <span class='ocr_line' id='line_1_12' title="bbox 109 834 1887 892; baseline 0.003 -16"><span class='ocrx_word' id='word_1_82' title='bbox 109 834 309 878; x_wconf 89' lang='lat' dir='ltr'>invitatis</span> <span class='ocrx_word' id='word_1_83' title='bbox 350 838 395 878; x_wconf 90' lang='lat' dir='ltr'>et</span> <span class='ocrx_word' id='word_1_84' title='bbox 426 835 562 877; x_wconf 91' lang='lat' dir='ltr'>Hosio</span> <span class='ocrx_word' id='word_1_85' title='bbox 605 850 660 877; x_wconf 84' lang='lat' dir='ltr'>ex</span> <span class='ocrx_word' id='word_1_86' title='bbox 698 850 750 877; x_wconf 91' lang='lat' dir='ltr'>ea</span> <span class='ocrx_word' id='word_1_87' title='bbox 781 850 940 891; x_wconf 89' lang='lat' dir='ltr'>pompa</span> <span class='ocrx_word' id='word_1_88' title='bbox 980 837 1255 887; x_wconf 88' lang='lat' dir='ltr'>„scandalum</span> <span class='ocrx_word' id='word_1_89' title='bbox 1289 842 1462 892; x_wconf 88' lang='lat' dir='ltr'>passo“,</span> <span class='ocrx_word' id='word_1_90' title='bbox 1507 839 1705 889; x_wconf 87' lang='lat' dir='ltr'>fecisset,</span> <span class='ocrx_word' id='word_1_91' title='bbox 1748 839 1887 882; x_wconf 89' lang='lat' dir='ltr'>Lainii</span> 
     </span>
     <span class='ocr_line' id='line_1_13' title="bbox 110 900 1887 958; baseline 0.003 -16"><span class='ocrx_word' id='word_1_92' title='bbox 110 900 349 954; x_wconf 70' lang='lat' dir='ltr'>praepositi</span> <span class='ocrx_word' id='word_1_93' title='bbox 389 900 563 943; x_wconf 82' lang='lat' dir='ltr'>litterae</span> <span class='ocrx_word' id='word_1_94' title='bbox 605 900 803 955; x_wconf 86' lang='lat' dir='ltr'>publicae</span> <span class='ocrx_word' id='word_1_95' title='bbox 843 916 922 956; x_wconf 90' lang='lat' dir='ltr'>per</span> <span class='ocrx_word' id='word_1_96' title='bbox 964 902 1108 944; x_wconf 89' lang='lat' dir='ltr'>omnia</span> <span class='ocrx_word' id='word_1_97' title='bbox 1149 903 1400 957; x_wconf 89' lang='lat' dir='ltr'>provinciae</span> <span class='ocrx_word' id='word_1_98' title='bbox 1446 905 1631 958; x_wconf 91' lang='lat' dir='ltr'>collegia</span> <span class='ocrx_word' id='word_1_99' title='bbox 1674 905 1887 948; x_wconf 77' lang='lat' dir='ltr'>recitatae</span> 
     </span>
     <span class='ocr_line' id='line_1_14' title="bbox 111 966 1886 1025; baseline 0.003 -18"><span class='ocrx_word' id='word_1_100' title='bbox 111 968 225 1016; x_wconf 90' lang='lat' dir='ltr'>sunt,</span> <span class='ocrx_word' id='word_1_101' title='bbox 261 966 414 1019; x_wconf 86' lang='lat' dir='ltr'>quibus</span> <span class='ocrx_word' id='word_1_102' title='bbox 437 966 660 1008; x_wconf 85' lang='lat' dir='ltr'>Victoriae</span> <span class='ocrx_word' id='word_1_103' title='bbox 693 967 746 1008; x_wconf 90' lang='lat' dir='ltr'>ob</span> <span class='ocrx_word' id='word_1_104' title='bbox 780 967 1012 1010; x_wconf 82' lang='lat' dir='ltr'>Societatis</span> <span class='ocrx_word' id='word_1_105' title='bbox 1051 967 1424 1022; x_wconf 79' lang='lat' dir='ltr'>„simplicitaten1“</span> <span class='ocrx_word' id='word_1_106' title='bbox 1462 971 1709 1024; x_wconf 81' lang='lat' dir='ltr'>neglectam</span> <span class='ocrx_word' id='word_1_107' title='bbox 1741 971 1886 1025; x_wconf 88' lang='lat' dir='ltr'>paeni-</span> 
     </span>
     <span class='ocr_line' id='line_1_15' title="bbox 110 1031 1886 1090; baseline 0.002 -16"><span class='ocrx_word' id='word_1_108' title='bbox 110 1031 295 1074; x_wconf 85' lang='lat' dir='ltr'>tentiam</span> <span class='ocrx_word' id='word_1_109' title='bbox 326 1031 575 1086; x_wconf 85' lang='lat' dir='ltr'>impositam</span> <span class='ocrx_word' id='word_1_110' title='bbox 609 1046 704 1074; x_wconf 88' lang='lat' dir='ltr'>esse</span> <span class='ocrx_word' id='word_1_111' title='bbox 737 1032 1076 1076; x_wconf 82' lang='lat' dir='ltr'>denuntiabatur</span> <span class='ocrx_word' id='word_1_112' title='bbox 1108 1032 1227 1086; x_wconf 83' lang='lat'>(116.</span> <span class='ocrx_word' id='word_1_113' title='bbox 1256 1036 1351 1077; x_wconf 83' lang='lat'>143.</span> <span class='ocrx_word' id='word_1_114' title='bbox 1381 1036 1495 1087; x_wconf 89' lang='grc'><strong>153).</strong></span> <span class='ocrx_word' id='word_1_115' title='bbox 1543 1036 1739 1078; x_wconf 84' lang='lat' dir='ltr'>Canisius</span> <span class='ocrx_word' id='word_1_116' title='bbox 1762 1051 1886 1090; x_wconf 87' lang='lat' dir='ltr'>prae-</span> 
     </span>
     <span class='ocr_line' id='line_1_16' title="bbox 110 1096 1886 1155; baseline 0.003 -18"><span class='ocrx_word' id='word_1_117' title='bbox 110 1096 277 1150; x_wconf 89' lang='lat' dir='ltr'>positus</span> <span class='ocrx_word' id='word_1_118' title='bbox 310 1096 587 1150; x_wconf 82' lang='lat' dir='ltr'>provincialis</span> <span class='ocrx_word' id='word_1_119' title='bbox 630 1096 811 1151; x_wconf 88' lang='lat' dir='ltr'>singulis</span> <span class='ocrx_word' id='word_1_120' title='bbox 860 1098 1226 1147; x_wconf 84' lang='lat' dir='ltr'>„consultoribus“</span> <span class='ocrx_word' id='word_1_121' title='bbox 1274 1100 1363 1141; x_wconf 89' lang='lat' dir='ltr'>suis</span> <span class='ocrx_word' id='word_1_122' title='bbox 1405 1100 1595 1154; x_wconf 87' lang='lat' dir='ltr'>aliquam</span> <span class='ocrx_word' id='word_1_123' title='bbox 1635 1101 1886 1155; x_wconf 88' lang='lat' dir='ltr'>provinciae</span> 
     </span>
     <span class='ocr_line' id='line_1_17' title="bbox 110 1161 1886 1220; baseline 0.003 -16"><span class='ocrx_word' id='word_1_124' title='bbox 110 1164 281 1216; x_wconf 90' lang='lat' dir='ltr'>partem</span> <span class='ocrx_word' id='word_1_125' title='bbox 325 1161 607 1216; x_wconf 82' lang='lat' dir='ltr'>singulariter</span> <span class='ocrx_word' id='word_1_126' title='bbox 651 1165 700 1204; x_wconf 93' lang='lat' dir='ltr'>ut</span> <span class='ocrx_word' id='word_1_127' title='bbox 744 1163 835 1204; x_wconf 91' lang='lat' dir='ltr'>eius</span> <span class='ocrx_word' id='word_1_128' title='bbox 886 1164 1091 1217; x_wconf 85' lang='lat' dir='ltr'>„angelo“</span> <span class='ocrx_word' id='word_1_129' title='bbox 1140 1164 1323 1208; x_wconf 86' lang='lat' dir='ltr'>tradidit</span> <span class='ocrx_word' id='word_1_130' title='bbox 1367 1166 1603 1208; x_wconf 87' lang='lat' dir='ltr'>curandam</span> <span class='ocrx_word' id='word_1_131' title='bbox 1646 1165 1752 1220; x_wconf 78' lang='grc'><strong>(99).</strong></span> <span class='ocrx_word' id='word_1_132' title='bbox 1817 1167 1886 1209; x_wconf 82' lang='lat' dir='ltr'>Ex</span> 
     </span>
     <span class='ocr_line' id='line_1_18' title="bbox 109 1226 1885 1286; baseline 0.003 -18"><span class='ocrx_word' id='word_1_133' title='bbox 109 1226 359 1281; x_wconf 89' lang='lat' dir='ltr'>provinciae</span> <span class='ocrx_word' id='word_1_134' title='bbox 393 1227 587 1282; x_wconf 83' lang='lat' dir='ltr'>collegiis</span> <span class='ocrx_word' id='word_1_135' title='bbox 620 1228 804 1282; x_wconf 90' lang='lat' dir='ltr'>pecunia</span> <span class='ocrx_word' id='word_1_136' title='bbox 837 1228 1034 1280; x_wconf 89' lang='lat' dir='ltr'>collecta,</span> <span class='ocrx_word' id='word_1_137' title='bbox 1070 1232 1119 1272; x_wconf 91' lang='lat' dir='ltr'>ut</span> <span class='ocrx_word' id='word_1_138' title='bbox 1151 1230 1331 1272; x_wconf 86' lang='lat' dir='ltr'>noviciis</span> <span class='ocrx_word' id='word_1_139' title='bbox 1365 1231 1515 1273; x_wconf 86' lang='lat' dir='ltr'>domus</span> <span class='ocrx_word' id='word_1_140' title='bbox 1548 1235 1754 1286; x_wconf 86' lang='lat' dir='ltr'>separata</span> <span class='ocrx_word' id='word_1_141' title='bbox 1787 1246 1885 1274; x_wconf 92' lang='lat' dir='ltr'>con-</span> 
     </span>
     <span class='ocr_line' id='line_1_19' title="bbox 109 1291 1885 1350; baseline 0.003 -17"><span class='ocrx_word' id='word_1_142' title='bbox 109 1291 367 1336; x_wconf 89' lang='lat' dir='ltr'>stitueretur</span> <span class='ocrx_word' id='word_1_143' title='bbox 399 1292 517 1347; x_wconf 91' lang='lat'><strong>(133.</strong></span> <span class='ocrx_word' id='word_1_144' title='bbox 554 1295 651 1336; x_wconf 70' lang='grc'><strong>246.</strong></span> <span class='ocrx_word' id='word_1_145' title='bbox 689 1292 814 1346; x_wconf 88' lang='grc'><strong>253);</strong></span> <span class='ocrx_word' id='word_1_146' title='bbox 865 1294 931 1335; x_wconf 89' lang='lat' dir='ltr'>cui</span> <span class='ocrx_word' id='word_1_147' title='bbox 973 1295 1191 1348; x_wconf 88' lang='lat' dir='ltr'>regendae</span> <span class='ocrx_word' id='word_1_148' title='bbox 1233 1296 1429 1338; x_wconf 87' lang='lat' dir='ltr'>Canisius</span> <span class='ocrx_word' id='word_1_149' title='bbox 1471 1296 1638 1350; x_wconf 87' lang='lat' dir='ltr'>aliquot</span> <span class='ocrx_word' id='word_1_150' title='bbox 1685 1301 1885 1347; x_wconf 90' lang='lat' dir='ltr'>„sanctos</span> 
     </span>
     <span class='ocr_line' id='line_1_20' title="bbox 109 1358 1883 1414; baseline 0.003 -15"><span class='ocrx_word' id='word_1_151' title='bbox 109 1360 281 1412; x_wconf 88' lang='lat' dir='ltr'>patres“</span> <span class='ocrx_word' id='word_1_152' title='bbox 320 1358 460 1400; x_wconf 83' lang='lat' dir='ltr'>Roma</span> <span class='ocrx_word' id='word_1_153' title='bbox 501 1358 618 1401; x_wconf 90' lang='lat' dir='ltr'>mitti</span> <span class='ocrx_word' id='word_1_154' title='bbox 660 1359 883 1413; x_wconf 74' lang='lat' dir='ltr'>cupiebat,</span> <span class='ocrx_word' id='word_1_155' title='bbox 925 1359 967 1401; x_wconf 89' lang='lat' dir='ltr'>id</span> <span class='ocrx_word' id='word_1_156' title='bbox 1000 1359 1082 1402; x_wconf 91' lang='lat' dir='ltr'>nisi</span> <span class='ocrx_word' id='word_1_157' title='bbox 1115 1361 1261 1410; x_wconf 87' lang='lat' dir='ltr'>fieret,</span> <span class='ocrx_word' id='word_1_158' title='bbox 1305 1361 1449 1403; x_wconf 88' lang='lat' dir='ltr'>omnia</span> <span class='ocrx_word' id='word_1_159' title='bbox 1480 1361 1606 1404; x_wconf 89' lang='lat' dir='ltr'>irrita</span> <span class='ocrx_word' id='word_1_160' title='bbox 1638 1362 1731 1404; x_wconf 84' lang='lat' dir='ltr'>fore</span> <span class='ocrx_word' id='word_1_161' title='bbox 1765 1364 1883 1414; x_wconf 85' lang='lat'>(190.</span> 
     </span>
     <span class='ocr_line' id='line_1_21' title="bbox 110 1424 1884 1477; baseline 0.003 -13"><span class='ocrx_word' id='word_1_162' title='bbox 110 1424 210 1466; x_wconf 85' lang='grc'><strong>246.</strong></span> <span class='ocrx_word' id='word_1_163' title='bbox 245 1425 361 1476; x_wconf 87' lang='grc'><strong>253).</strong></span> <span class='ocrx_word' id='word_1_164' title='bbox 426 1424 472 1468; x_wconf 89' lang='grc' dir='ltr'>Ρ.</span> <span class='ocrx_word' id='word_1_165' title='bbox 506 1424 704 1475; x_wconf 84' lang='lat' dir='ltr'>Natalis,</span> <span class='ocrx_word' id='word_1_166' title='bbox 747 1424 883 1467; x_wconf 91' lang='lat' dir='ltr'>totius</span> <span class='ocrx_word' id='word_1_167' title='bbox 917 1425 1149 1468; x_wconf 81' lang='lat' dir='ltr'>Societatis</span> <span class='ocrx_word' id='word_1_168' title='bbox 1187 1426 1458 1477; x_wconf 78' lang='lat' dir='ltr'>„visitat01“‘,</span> <span class='ocrx_word' id='word_1_169' title='bbox 1495 1442 1521 1469; x_wconf 86' lang='lat' dir='ltr'>a</span> <span class='ocrx_word' id='word_1_170' title='bbox 1553 1427 1723 1469; x_wconf 88' lang='lat' dir='ltr'>Canisio</span> <span class='ocrx_word' id='word_1_171' title='bbox 1757 1428 1884 1470; x_wconf 84' lang='lat' dir='ltr'>avide</span> 
     </span>
     <span class='ocr_line' id='line_1_22' title="bbox 109 1490 1883 1547; baseline 0.003 -17"><span class='ocrx_word' id='word_1_172' title='bbox 109 1491 405 1543; x_wconf 83' lang='lat' dir='ltr'>exspectatus,</span> <span class='ocrx_word' id='word_1_173' title='bbox 440 1493 628 1532; x_wconf 76' lang='lat' dir='ltr'>exeunte</span> <span class='ocrx_word' id='word_1_174' title='bbox 661 1504 699 1532; x_wconf 88' lang='lat' dir='ltr'>a.</span> <span class='ocrx_word' id='word_1_175' title='bbox 727 1491 839 1532; x_wconf 80' lang='lat'>1562</span> <span class='ocrx_word' id='word_1_176' title='bbox 863 1490 1131 1545; x_wconf 87' lang='lat' dir='ltr'>provinciam</span> <span class='ocrx_word' id='word_1_177' title='bbox 1154 1491 1296 1534; x_wconf 88' lang='lat' dir='ltr'>visere</span> <span class='ocrx_word' id='word_1_178' title='bbox 1327 1492 1470 1546; x_wconf 90' lang='lat' dir='ltr'>coepit</span> <span class='ocrx_word' id='word_1_179' title='bbox 1493 1495 1549 1543; x_wconf 91' lang='lat' dir='ltr'>et,</span> <span class='ocrx_word' id='word_1_180' title='bbox 1583 1496 1761 1547; x_wconf 86' lang='lat' dir='ltr'>praeter</span> <span class='ocrx_word' id='word_1_181' title='bbox 1785 1494 1883 1545; x_wconf 90' lang='lat' dir='ltr'>alia,</span> 
     </span>
     <span class='ocr_line' id='line_1_23' title="bbox 108 1553 1884 1612; baseline 0.002 -16"><span class='ocrx_word' id='word_1_182' title='bbox 108 1553 152 1596; x_wconf 91' lang='lat' dir='ltr'>in</span> <span class='ocrx_word' id='word_1_183' title='bbox 171 1555 343 1596; x_wconf 90' lang='lat' dir='ltr'>domum</span> <span class='ocrx_word' id='word_1_184' title='bbox 362 1558 652 1609; x_wconf 87' lang='lat' dir='ltr'>augustanam</span> <span class='ocrx_word' id='word_1_185' title='bbox 672 1555 941 1610; x_wconf 86' lang='lat' dir='ltr'>disciplinam</span> <span class='ocrx_word' id='word_1_186' title='bbox 958 1556 1206 1610; x_wconf 87' lang='lat' dir='ltr'>religiosam</span> <span class='ocrx_word' id='word_1_187' title='bbox 1223 1558 1490 1612; x_wconf 88' lang='lat' dir='ltr'>pedetentim</span> <span class='ocrx_word' id='word_1_188' title='bbox 1507 1558 1795 1601; x_wconf 88' lang='lat' dir='ltr'>inducendam</span> <span class='ocrx_word' id='word_1_189' title='bbox 1811 1573 1884 1600; x_wconf 90' lang='lat' dir='ltr'>cu-</span> 
     </span>
     <span class='ocr_line' id='line_1_24' title="bbox 108 1620 1879 1677; baseline 0.002 -15"><span class='ocrx_word' id='word_1_190' title='bbox 108 1620 238 1663; x_wconf 88' lang='lat' dir='ltr'>ravit.</span> <span class='ocrx_word' id='word_1_191' title='bbox 279 1621 571 1672; x_wconf 83' lang='lat' dir='ltr'>„Meliorem“,</span> <span class='ocrx_word' id='word_1_192' title='bbox 596 1621 773 1675; x_wconf 88' lang='lat' dir='ltr'>scripsit</span> <span class='ocrx_word' id='word_1_193' title='bbox 792 1621 1000 1671; x_wconf 85' lang='lat' dir='ltr'>Canisius,</span> <span class='ocrx_word' id='word_1_194' title='bbox 1030 1626 1207 1677; x_wconf 88' lang='lat' dir='ltr'>„optare</span> <span class='ocrx_word' id='word_1_195' title='bbox 1224 1623 1499 1666; x_wconf 87' lang='lat' dir='ltr'>visitatorem</span> <span class='ocrx_word' id='word_1_196' title='bbox 1522 1638 1606 1666; x_wconf 90' lang='lat' dir='ltr'>non</span> <span class='ocrx_word' id='word_1_197' title='bbox 1630 1624 1854 1666; x_wconf 88' lang='lat' dir='ltr'>debuimus</span> <span class='ocrx_word' id='word_1_198' title='bbox 1864 1626 1879 1643; x_wconf 76' lang='lat'>‘⁴</span> 
     </span>
     <span class='ocr_line' id='line_1_25' title="bbox 108 1685 1882 1739; baseline 0.002 -11"><span class='ocrx_word' id='word_1_199' title='bbox 108 1685 227 1739; x_wconf 79' lang='lat'><strong>(415.</strong></span> <span class='ocrx_word' id='word_1_200' title='bbox 254 1687 351 1729; x_wconf 84' lang='grc'><strong>674.</strong></span> <span class='ocrx_word' id='word_1_201' title='bbox 378 1687 495 1739; x_wconf 90' lang='grc'><strong>553).</strong></span> <span class='ocrx_word' id='word_1_202' title='bbox 534 1687 600 1729; x_wconf 89' lang='lat' dir='ltr'>De</span> <span class='ocrx_word' id='word_1_203' title='bbox 625 1686 811 1729; x_wconf 85' lang='lat' dir='ltr'>fratrum</span> <span class='ocrx_word' id='word_1_204' title='bbox 835 1687 1193 1730; x_wconf 88' lang='lat' dir='ltr'>scholasticorum</span> <span class='ocrx_word' id='word_1_205' title='bbox 1218 1688 1450 1732; x_wconf 80' lang='lat' dir='ltr'>Societatis</span> <span class='ocrx_word' id='word_1_206' title='bbox 1473 1689 1628 1731; x_wconf 89' lang='lat' dir='ltr'>studiis</span> <span class='ocrx_word' id='word_1_207' title='bbox 1651 1689 1713 1731; x_wconf 89' lang='lat' dir='ltr'>ita</span> <span class='ocrx_word' id='word_1_208' title='bbox 1737 1689 1882 1732; x_wconf 87' lang='lat' dir='ltr'>distri-</span> 
     </span>
     <span class='ocr_line' id='line_1_26' title="bbox 107 1751 1880 1809; baseline 0.002 -16"><span class='ocrx_word' id='word_1_209' title='bbox 107 1751 301 1803; x_wconf 88' lang='lat' dir='ltr'>buendis,</span> <span class='ocrx_word' id='word_1_210' title='bbox 326 1755 375 1794; x_wconf 92' lang='lat' dir='ltr'>ut</span> <span class='ocrx_word' id='word_1_211' title='bbox 396 1752 440 1793; x_wconf 92' lang='lat' dir='ltr'>in</span> <span class='ocrx_word' id='word_1_212' title='bbox 463 1752 547 1794; x_wconf 90' lang='lat' dir='ltr'>alio</span> <span class='ocrx_word' id='word_1_213' title='bbox 571 1752 754 1806; x_wconf 88' lang='lat' dir='ltr'>collegio</span> <span class='ocrx_word' id='word_1_214' title='bbox 779 1766 927 1795; x_wconf 89' lang='lat' dir='ltr'>omnes</span> <span class='ocrx_word' id='word_1_215' title='bbox 949 1752 1204 1804; x_wconf 87' lang='lat' dir='ltr'>rhetoricae,</span> <span class='ocrx_word' id='word_1_216' title='bbox 1229 1754 1272 1796; x_wconf 92' lang='lat' dir='ltr'>in</span> <span class='ocrx_word' id='word_1_217' title='bbox 1295 1754 1380 1796; x_wconf 90' lang='lat' dir='ltr'>alio</span> <span class='ocrx_word' id='word_1_218' title='bbox 1403 1768 1552 1796; x_wconf 90' lang='lat' dir='ltr'>omnes</span> <span class='ocrx_word' id='word_1_219' title='bbox 1570 1755 1880 1809; x_wconf 86' lang='lat' dir='ltr'>philosophiae,</span> 
     </span>
     <span class='ocr_line' id='line_1_27' title="bbox 107 1816 1881 1873; baseline 0.002 -14"><span class='ocrx_word' id='word_1_220' title='bbox 107 1816 151 1859; x_wconf 90' lang='lat' dir='ltr'>in</span> <span class='ocrx_word' id='word_1_221' title='bbox 178 1817 261 1859; x_wconf 89' lang='lat' dir='ltr'>alio</span> <span class='ocrx_word' id='word_1_222' title='bbox 294 1817 543 1871; x_wconf 86' lang='lat' dir='ltr'>theologiae</span> <span class='ocrx_word' id='word_1_223' title='bbox 570 1818 753 1860; x_wconf 86' lang='lat' dir='ltr'>studiosi</span> <span class='ocrx_word' id='word_1_224' title='bbox 786 1817 1106 1872; x_wconf 88' lang='lat' dir='ltr'>colligerentur,</span> <span class='ocrx_word' id='word_1_225' title='bbox 1141 1820 1386 1873; x_wconf 88' lang='lat' dir='ltr'>diligenter,</span> <span class='ocrx_word' id='word_1_226' title='bbox 1420 1820 1585 1862; x_wconf 88' lang='lat' dir='ltr'>frustra</span> <span class='ocrx_word' id='word_1_227' title='bbox 1608 1824 1754 1863; x_wconf 88' lang='lat' dir='ltr'>tamen</span> <span class='ocrx_word' id='word_1_228' title='bbox 1777 1823 1881 1863; x_wconf 90' lang='lat' dir='ltr'>tunc</span> 
     </span>
     <span class='ocr_line' id='line_1_28' title="bbox 108 1882 1881 1938; baseline 0.002 -13"><span class='ocrx_word' id='word_1_229' title='bbox 108 1882 293 1936; x_wconf 89' lang='lat' dir='ltr'>quidem,</span> <span class='ocrx_word' id='word_1_230' title='bbox 328 1886 472 1926; x_wconf 89' lang='lat' dir='ltr'>actum</span> <span class='ocrx_word' id='word_1_231' title='bbox 498 1883 705 1937; x_wconf 82' lang='lat'><strong>(51-53.</strong></span> <span class='ocrx_word' id='word_1_232' title='bbox 733 1883 849 1937; x_wconf 82' lang='grc'><strong>124).</strong></span> <span class='ocrx_word' id='word_1_233' title='bbox 896 1883 1004 1938; x_wconf 84' lang='lat' dir='ltr'>Spes</span> <span class='ocrx_word' id='word_1_234' title='bbox 1034 1883 1165 1926; x_wconf 88' lang='lat' dir='ltr'>etiam</span> <span class='ocrx_word' id='word_1_235' title='bbox 1188 1885 1358 1928; x_wconf 86' lang='lat' dir='ltr'>Canisio</span> <span class='ocrx_word' id='word_1_236' title='bbox 1382 1885 1503 1928; x_wconf 89' lang='lat' dir='ltr'>facta</span> <span class='ocrx_word' id='word_1_237' title='bbox 1525 1885 1733 1928; x_wconf 88' lang='lat' dir='ltr'>librorum</span> <span class='ocrx_word' id='word_1_238' title='bbox 1756 1886 1881 1928; x_wconf 89' lang='lat' dir='ltr'>scho-</span> 
     </span>
     <span class='ocr_line' id='line_1_29' title="bbox 106 1949 1881 2005; baseline 0.001 -14"><span class='ocrx_word' id='word_1_239' title='bbox 106 1949 359 1991; x_wconf 89' lang='lat' dir='ltr'>lasticorum</span> <span class='ocrx_word' id='word_1_240' title='bbox 384 1949 455 2002; x_wconf 90' lang='lat' dir='ltr'>(de</span> <span class='ocrx_word' id='word_1_241' title='bbox 477 1949 779 2003; x_wconf 85' lang='lat' dir='ltr'>grammatica,</span> <span class='ocrx_word' id='word_1_242' title='bbox 814 1949 1034 1992; x_wconf 89' lang='lat' dir='ltr'>rhetorica</span> <span class='ocrx_word' id='word_1_243' title='bbox 1057 1950 1158 2004; x_wconf 80' lang='lat' dir='ltr'>eto.)</span> <span class='ocrx_word' id='word_1_244' title='bbox 1181 1950 1420 2005; x_wconf 88' lang='lat' dir='ltr'>praepositi</span> <span class='ocrx_word' id='word_1_245' title='bbox 1442 1951 1659 2005; x_wconf 88' lang='lat' dir='ltr'>generalis</span> <span class='ocrx_word' id='word_1_246' title='bbox 1691 1951 1881 1994; x_wconf 90' lang='lat' dir='ltr'>auctori-</span> 
     </span>
     <span class='ocr_line' id='line_1_30' title="bbox 106 2014 1881 2070; baseline 0.002 -14"><span class='ocrx_word' id='word_1_247' title='bbox 106 2017 201 2057; x_wconf 88' lang='lat' dir='ltr'>tate</span> <span class='ocrx_word' id='word_1_248' title='bbox 228 2014 647 2066; x_wconf 87' lang='lat' dir='ltr'>conscribendorum,</span> <span class='ocrx_word' id='word_1_249' title='bbox 683 2015 836 2068; x_wconf 90' lang='lat' dir='ltr'>quibus</span> <span class='ocrx_word' id='word_1_250' title='bbox 869 2018 913 2058; x_wconf 89' lang='lat' dir='ltr'>et</span> <span class='ocrx_word' id='word_1_251' title='bbox 945 2014 1253 2069; x_wconf 85' lang='lat' dir='ltr'>magistrorum</span> <span class='ocrx_word' id='word_1_252' title='bbox 1292 2019 1337 2059; x_wconf 90' lang='lat' dir='ltr'>et</span> <span class='ocrx_word' id='word_1_253' title='bbox 1369 2017 1676 2070; x_wconf 89' lang='lat' dir='ltr'>discipulorum</span> <span class='ocrx_word' id='word_1_254' title='bbox 1709 2017 1881 2059; x_wconf 89' lang='lat' dir='ltr'>labores</span> 
     </span>
     <span class='ocr_line' id='line_1_31' title="bbox 106 2079 1879 2136; baseline 0.002 -14"><span class='ocrx_word' id='word_1_255' title='bbox 106 2079 406 2123; x_wconf 90' lang='lat' dir='ltr'>minuerentur</span> <span class='ocrx_word' id='word_1_256' title='bbox 436 2080 649 2134; x_wconf 90' lang='lat' dir='ltr'>simulque</span> <span class='ocrx_word' id='word_1_257' title='bbox 688 2080 905 2131; x_wconf 83' lang='lat' dir='ltr'>„varietas</span> <span class='ocrx_word' id='word_1_258' title='bbox 938 2080 1185 2123; x_wconf 85' lang='lat' dir='ltr'>doctrinae“</span> <span class='ocrx_word' id='word_1_259' title='bbox 1214 2085 1408 2124; x_wconf 88' lang='lat' dir='ltr'>cessaret</span> <span class='ocrx_word' id='word_1_260' title='bbox 1431 2082 1519 2135; x_wconf 78' lang='lat'><strong>(39.</strong></span> <span class='ocrx_word' id='word_1_261' title='bbox 1545 2084 1613 2125; x_wconf 78' lang='lat'>47.</span> <span class='ocrx_word' id='word_1_262' title='bbox 1639 2085 1737 2125; x_wconf 89' lang='grc'><strong>210.</strong></span> <span class='ocrx_word' id='word_1_263' title='bbox 1762 2084 1879 2136; x_wconf 80' lang='lat'>541).</span> 
     </span>
     <span class='ocr_line' id='line_1_32' title="bbox 106 2145 1880 2200; baseline 0.001 -12"><span class='ocrx_word' id='word_1_264' title='bbox 106 2145 157 2188; x_wconf 90' lang='lat' dir='ltr'>In</span> <span class='ocrx_word' id='word_1_265' title='bbox 188 2146 416 2200; x_wconf 88' lang='lat' dir='ltr'>pragensis</span> <span class='ocrx_word' id='word_1_266' title='bbox 449 2146 621 2199; x_wconf 88' lang='lat' dir='ltr'>collegii</span> <span class='ocrx_word' id='word_1_267' title='bbox 658 2146 958 2196; x_wconf 80' lang='lat' dir='ltr'>„visitatione“</span> <span class='ocrx_word' id='word_1_268' title='bbox 998 2160 1142 2188; x_wconf 89' lang='lat' dir='ltr'>coram</span> <span class='ocrx_word' id='word_1_269' title='bbox 1176 2147 1323 2189; x_wconf 87' lang='lat' dir='ltr'>amicis</span> <span class='ocrx_word' id='word_1_270' title='bbox 1355 2148 1410 2190; x_wconf 89' lang='lat' dir='ltr'>ad</span> <span class='ocrx_word' id='word_1_271' title='bbox 1443 2162 1637 2190; x_wconf 87' lang='lat' dir='ltr'>mensam</span> <span class='ocrx_word' id='word_1_272' title='bbox 1676 2148 1880 2191; x_wconf 88' lang='lat' dir='ltr'>adhibitis</span> 
     </span>
     <span class='ocr_line' id='line_1_33' title="bbox 108 2211 1880 2266; baseline 0.001 -13"><span class='ocrx_word' id='word_1_273' title='bbox 108 2211 329 2254; x_wconf 85' lang='lat' dir='ltr'>orationes</span> <span class='ocrx_word' id='word_1_274' title='bbox 360 2226 446 2253; x_wconf 89' lang='lat' dir='ltr'>non</span> <span class='ocrx_word' id='word_1_275' title='bbox 479 2212 618 2253; x_wconf 88' lang='lat' dir='ltr'>solum</span> <span class='ocrx_word' id='word_1_276' title='bbox 650 2211 828 2262; x_wconf 85' lang='lat' dir='ltr'>latinae,</span> <span class='ocrx_word' id='word_1_277' title='bbox 862 2212 938 2253; x_wconf 87' lang='lat' dir='ltr'>sed</span> <span class='ocrx_word' id='word_1_278' title='bbox 971 2211 1100 2254; x_wconf 87' lang='lat' dir='ltr'>etiam</span> <span class='ocrx_word' id='word_1_279' title='bbox 1133 2212 1381 2255; x_wconf 90' lang='lat' dir='ltr'>bohemicae</span> <span class='ocrx_word' id='word_1_280' title='bbox 1406 2216 1450 2256; x_wconf 90' lang='lat' dir='ltr'>et</span> <span class='ocrx_word' id='word_1_281' title='bbox 1472 2213 1747 2266; x_wconf 87' lang='lat' dir='ltr'>germanicae</span> <span class='ocrx_word' id='word_1_282' title='bbox 1770 2214 1880 2256; x_wconf 88' lang='lat' dir='ltr'>reci-</span> 
     </span>
     <span class='ocr_line' id='line_1_34' title="bbox 106 2276 1879 2333; baseline 0.001 -13"><span class='ocrx_word' id='word_1_283' title='bbox 106 2279 230 2321; x_wconf 85' lang='lat' dir='ltr'>tatae</span> <span class='ocrx_word' id='word_1_284' title='bbox 263 2276 401 2330; x_wconf 78' lang='lat'>(188).</span> <span class='ocrx_word' id='word_1_285' title='bbox 446 2277 731 2319; x_wconf 89' lang='lat' dir='ltr'>Vindobonae</span> <span class='ocrx_word' id='word_1_286' title='bbox 763 2277 909 2331; x_wconf 86' lang='lat' dir='ltr'>pueris</span> <span class='ocrx_word' id='word_1_287' title='bbox 941 2277 1155 2319; x_wconf 91' lang='lat' dir='ltr'>nobilibus</span> <span class='ocrx_word' id='word_1_288' title='bbox 1187 2278 1407 2333; x_wconf 87' lang='lat' dir='ltr'>proprium</span> <span class='ocrx_word' id='word_1_289' title='bbox 1440 2279 1769 2322; x_wconf 88' lang='lat' dir='ltr'>contubernium</span> <span class='ocrx_word' id='word_1_290' title='bbox 1800 2280 1879 2321; x_wconf 90' lang='lat' dir='ltr'>sub</span> 
     </span>
     <span class='ocr_line' id='line_1_35' title="bbox 108 2342 1879 2398; baseline 0.001 -13"><span class='ocrx_word' id='word_1_291' title='bbox 108 2342 330 2385; x_wconf 86' lang='lat' dir='ltr'>Sociorum</span> <span class='ocrx_word' id='word_1_292' title='bbox 363 2342 591 2397; x_wconf 86' lang='lat' dir='ltr'>disciplina</span> <span class='ocrx_word' id='word_1_293' title='bbox 624 2342 908 2385; x_wconf 87' lang='lat' dir='ltr'>constitutum</span> <span class='ocrx_word' id='word_1_294' title='bbox 942 2345 1010 2385; x_wconf 88' lang='lat' dir='ltr'>est</span> <span class='ocrx_word' id='word_1_295' title='bbox 1043 2342 1162 2396; x_wconf 71' lang='lat'><strong>(248.</strong></span> <span class='ocrx_word' id='word_1_296' title='bbox 1197 2343 1313 2397; x_wconf 86' lang='grc'><strong>267).</strong></span> <span class='ocrx_word' id='word_1_297' title='bbox 1376 2344 1540 2386; x_wconf 88' lang='lat' dir='ltr'>Ibidem</span> <span class='ocrx_word' id='word_1_298' title='bbox 1572 2347 1748 2398; x_wconf 88' lang='lat' dir='ltr'>praeter</span> <span class='ocrx_word' id='word_1_299' title='bbox 1782 2359 1879 2386; x_wconf 88' lang='lat' dir='ltr'>con-</span> 
     </span>
     <span class='ocr_line' id='line_1_36' title="bbox 108 2407 1880 2463; baseline 0.001 -14"><span class='ocrx_word' id='word_1_300' title='bbox 108 2407 297 2450; x_wconf 85' lang='lat' dir='ltr'>victores</span> <span class='ocrx_word' id='word_1_301' title='bbox 320 2408 472 2451; x_wconf 90' lang='lat' dir='ltr'>solitos</span> <span class='ocrx_word' id='word_1_302' title='bbox 498 2407 684 2462; x_wconf 89' lang='lat' dir='ltr'>primum</span> <span class='ocrx_word' id='word_1_303' title='bbox 718 2407 1114 2459; x_wconf 84' lang='lat' dir='ltr'>semiconvictoreS,</span> <span class='ocrx_word' id='word_1_304' title='bbox 1150 2422 1256 2461; x_wconf 87' lang='lat' dir='ltr'>quos</span> <span class='ocrx_word' id='word_1_305' title='bbox 1288 2423 1509 2460; x_wconf 86' lang='lat' dir='ltr'>vocamus,</span> <span class='ocrx_word' id='word_1_306' title='bbox 1544 2413 1880 2463; x_wconf 87' lang='lat' dir='ltr'>comparuerunt</span> 
     </span>
     <span class='ocr_line' id='line_1_37' title="bbox 108 2473 1878 2528; baseline 0.001 -13"><span class='ocrx_word' id='word_1_307' title='bbox 108 2473 395 2527; x_wconf 80' lang='lat'><strong>(247—248).</strong></span> <span class='ocrx_word' id='word_1_308' title='bbox 439 2474 611 2527; x_wconf 87' lang='lat' dir='ltr'>Pragae</span> <span class='ocrx_word' id='word_1_309' title='bbox 644 2473 942 2524; x_wconf 88' lang='lat' dir='ltr'>„convictores</span> <span class='ocrx_word' id='word_1_310' title='bbox 963 2476 1200 2528; x_wconf 88' lang='lat' dir='ltr'>pauperes“</span> <span class='ocrx_word' id='word_1_311' title='bbox 1229 2474 1502 2517; x_wconf 87' lang='lat' dir='ltr'>Ferdinando</span> <span class='ocrx_word' id='word_1_312' title='bbox 1524 2475 1578 2518; x_wconf 92' lang='grc' dir='ltr'>Π.</span> <span class='ocrx_word' id='word_1_313' title='bbox 1605 2475 1823 2517; x_wconf 90' lang='lat' dir='ltr'>archiduci</span> <span class='ocrx_word' id='word_1_314' title='bbox 1852 2490 1878 2517; x_wconf 92' lang='lat' dir='ltr'>a</span> 
     </span>
     <span class='ocr_line' id='line_1_38' title="bbox 107 2538 1877 2594; baseline 0.001 -13"><span class='ocrx_word' id='word_1_315' title='bbox 107 2539 278 2581; x_wconf 85' lang='lat' dir='ltr'>Canisio</span> <span class='ocrx_word' id='word_1_316' title='bbox 297 2538 587 2582; x_wconf 89' lang='lat' dir='ltr'>commendati</span> <span class='ocrx_word' id='word_1_317' title='bbox 602 2538 660 2591; x_wconf 90' lang='lat'>(3.</span> <span class='ocrx_word' id='word_1_318' title='bbox 681 2538 796 2592; x_wconf 81' lang='lat'>188).</span> <span class='ocrx_word' id='word_1_319' title='bbox 821 2539 987 2581; x_wconf 89' lang='lat' dir='ltr'>Eodem</span> <span class='ocrx_word' id='word_1_320' title='bbox 1001 2541 1192 2590; x_wconf 89' lang='lat' dir='ltr'>auctore,</span> <span class='ocrx_word' id='word_1_321' title='bbox 1211 2541 1260 2582; x_wconf 88' lang='lat' dir='ltr'>ut</span> <span class='ocrx_word' id='word_1_322' title='bbox 1274 2542 1318 2582; x_wconf 89' lang='lat' dir='ltr'>et</span> <span class='ocrx_word' id='word_1_323' title='bbox 1331 2540 1588 2594; x_wconf 88' lang='lat' dir='ltr'>Ingolstadii</span> <span class='ocrx_word' id='word_1_324' title='bbox 1603 2543 1647 2583; x_wconf 89' lang='lat' dir='ltr'>et</span> <span class='ocrx_word' id='word_1_325' title='bbox 1661 2540 1877 2582; x_wconf 89' lang='lat' dir='ltr'>Monachii</span> 
     </span>
    </p>
   </div>
   <div class='ocr_carea' id='block_1_5' title="bbox 104 2665 1878 3243">
    <p class='ocr_par' dir='ltr' id='par_1_5' title="bbox 104 2665 1878 3243">
     <span class='ocr_line' id='line_1_39' title="bbox 106 2665 1878 2713; baseline 0.001 -13"><span class='ocrx_word' id='word_1_326' title='bbox 106 2667 222 2711; x_wconf 90' lang='lat' dir='ltr'>primo</span> <span class='ocrx_word' id='word_1_327' title='bbox 257 2666 432 2711; x_wconf 83' lang='lat' dir='ltr'>praesidi,</span> <span class='ocrx_word' id='word_1_328' title='bbox 467 2666 633 2701; x_wconf 89' lang='lat' dir='ltr'>Lubecca</span> <span class='ocrx_word' id='word_1_329' title='bbox 658 2666 715 2700; x_wconf 79' lang='lat'>24.</span> <span class='ocrx_word' id='word_1_330' title='bbox 742 2665 825 2700; x_wconf 91' lang='lat' dir='ltr'>Iulii</span> <span class='ocrx_word' id='word_1_331' title='bbox 853 2666 942 2700; x_wconf 84' lang='lat'>1561</span> <span class='ocrx_word' id='word_1_332' title='bbox 980 2666 1022 2700; x_wconf 90' lang='lat' dir='ltr'>de</span> <span class='ocrx_word' id='word_1_333' title='bbox 1049 2665 1240 2700; x_wconf 81' lang='lat' dir='ltr'>Societatis</span> <span class='ocrx_word' id='word_1_334' title='bbox 1276 2666 1479 2701; x_wconf 82' lang='lat' dir='ltr'>hominibus</span> <span class='ocrx_word' id='word_1_335' title='bbox 1514 2668 1679 2713; x_wconf 83' lang='lat' dir='ltr'>scripsit:</span> <span class='ocrx_word' id='word_1_336' title='bbox 1724 2668 1779 2710; x_wconf 90' lang='lat' dir='ltr'>„Io</span> <span class='ocrx_word' id='word_1_337' title='bbox 1815 2680 1878 2713; x_wconf 89' lang='lat' dir='ltr'>per</span> 
     </span>
     <span class='ocr_line' id='line_1_40' title="bbox 108 2718 1875 2766; baseline 0.001 -13"><span class='ocrx_word' id='word_1_338' title='bbox 108 2721 205 2754; x_wconf 87' lang='lat' dir='ltr'>certo</span> <span class='ocrx_word' id='word_1_339' title='bbox 231 2731 302 2753; x_wconf 91' lang='lat' dir='ltr'>non</span> <span class='ocrx_word' id='word_1_340' title='bbox 327 2719 373 2754; x_wconf 94' lang='lat' dir='ltr'>ho</span> <span class='ocrx_word' id='word_1_341' title='bbox 399 2719 575 2754; x_wconf 87' lang='lat' dir='ltr'>ritrovato</span> <span class='ocrx_word' id='word_1_342' title='bbox 601 2719 695 2753; x_wconf 88' lang='lat' dir='ltr'>nelle</span> <span class='ocrx_word' id='word_1_343' title='bbox 722 2718 841 2753; x_wconf 88' lang='lat' dir='ltr'>chiese</span> <span class='ocrx_word' id='word_1_344' title='bbox 868 2719 902 2753; x_wconf 92' lang='lat' dir='ltr'>di</span> <span class='ocrx_word' id='word_1_345' title='bbox 930 2719 1124 2754; x_wconf 80' lang='lat' dir='ltr'>Germania</span> <span class='ocrx_word' id='word_1_346' title='bbox 1158 2720 1219 2764; x_wconf 83' lang='lat' dir='ltr'>piu</span> <span class='ocrx_word' id='word_1_347' title='bbox 1255 2720 1387 2761; x_wconf 84' lang='lat' dir='ltr'>fermo,</span> <span class='ocrx_word' id='word_1_348' title='bbox 1423 2724 1466 2754; x_wconf 79' lang='lat' dir='ltr'>ne</span> <span class='ocrx_word' id='word_1_349' title='bbox 1501 2721 1667 2765; x_wconf 85' lang='lat' dir='ltr'>maggior</span> <span class='ocrx_word' id='word_1_350' title='bbox 1700 2721 1875 2766; x_wconf 85' lang='lat' dir='ltr'>pressidio</span> 
     </span>
     <span class='ocr_line' id='line_1_41' title="bbox 107 2771 1876 2818; baseline 0.002 -12"><span class='ocrx_word' id='word_1_351' title='bbox 107 2772 202 2807; x_wconf 90' lang='lat' dir='ltr'>della</span> <span class='ocrx_word' id='word_1_352' title='bbox 226 2772 401 2815; x_wconf 86' lang='lat' dir='ltr'>religione</span> <span class='ocrx_word' id='word_1_353' title='bbox 428 2773 598 2807; x_wconf 86' lang='lat' dir='ltr'>cattolica</span> <span class='ocrx_word' id='word_1_354' title='bbox 624 2772 689 2807; x_wconf 91' lang='lat' dir='ltr'>che</span> <span class='ocrx_word' id='word_1_355' title='bbox 716 2772 768 2815; x_wconf 88' lang='lat' dir='ltr'>gli</span> <span class='ocrx_word' id='word_1_356' title='bbox 795 2771 923 2815; x_wconf 82' lang='lat' dir='ltr'>collegi</span> <span class='ocrx_word' id='word_1_357' title='bbox 950 2772 984 2806; x_wconf 91' lang='lat' dir='ltr'>di</span> <span class='ocrx_word' id='word_1_358' title='bbox 1012 2774 1171 2813; x_wconf 87' lang='lat' dir='ltr'>costoro,</span> <span class='ocrx_word' id='word_1_359' title='bbox 1208 2775 1282 2807; x_wconf 80' lang='lat' dir='ltr'>cosi</span> <span class='ocrx_word' id='word_1_360' title='bbox 1312 2773 1473 2818; x_wconf 84' lang='lat' dir='ltr'>piacesse</span> <span class='ocrx_word' id='word_1_361' title='bbox 1508 2786 1529 2808; x_wconf 91' lang='lat' dir='ltr'>a</span> <span class='ocrx_word' id='word_1_362' title='bbox 1555 2775 1621 2808; x_wconf 93' lang='lat' dir='ltr'>Dio</span> <span class='ocrx_word' id='word_1_363' title='bbox 1657 2774 1722 2809; x_wconf 87' lang='lat' dir='ltr'>che</span> <span class='ocrx_word' id='word_1_364' title='bbox 1759 2787 1798 2809; x_wconf 89' lang='lat' dir='ltr'>ce</span> <span class='ocrx_word' id='word_1_365' title='bbox 1832 2787 1876 2810; x_wconf 91' lang='lat' dir='ltr'>ne</span> 
     </span>
     <span class='ocr_line' id='line_1_42' title="bbox 108 2825 1876 2871; baseline 0.001 -10"><span class='ocrx_word' id='word_1_366' title='bbox 108 2826 246 2861; x_wconf 83' lang='lat' dir='ltr'>fossero</span> <span class='ocrx_word' id='word_1_367' title='bbox 272 2826 393 2860; x_wconf 85' lang='lat' dir='ltr'>molti“</span> <span class='ocrx_word' id='word_1_368' title='bbox 428 2827 672 2870; x_wconf 73' lang='lat' dir='ltr'>(Miscellanea</span> <span class='ocrx_word' id='word_1_369' title='bbox 699 2826 734 2860; x_wconf 90' lang='lat' dir='ltr'>di</span> <span class='ocrx_word' id='word_1_370' title='bbox 760 2826 872 2860; x_wconf 88' lang='lat' dir='ltr'>storia</span> <span class='ocrx_word' id='word_1_371' title='bbox 897 2825 1047 2860; x_wconf 84' lang='lat' dir='ltr'>italiana</span> <span class='ocrx_word' id='word_1_372' title='bbox 1073 2826 1125 2860; x_wconf 87' lang='lat' dir='ltr'>VI</span> <span class='ocrx_word' id='word_1_373' title='bbox 1153 2825 1295 2870; x_wconf 89' lang='lat' dir='ltr'>[Torino</span> <span class='ocrx_word' id='word_1_374' title='bbox 1326 2827 1448 2871; x_wconf 70' lang='lat'>1865]‚</span> <span class='ocrx_word' id='word_1_375' title='bbox 1476 2828 1573 2871; x_wconf 83' lang='grc'><strong>202).</strong></span> <span class='ocrx_word' id='word_1_376' title='bbox 1625 2830 1719 2861; x_wconf 74' lang='lat' dir='ltr'>Idem</span> <span class='ocrx_word' id='word_1_377' title='bbox 1747 2827 1876 2862; x_wconf 80' lang='lat' dir='ltr'>*Com-</span> 
     </span>
     <span class='ocr_line' id='line_1_43' title="bbox 106 2878 1875 2916; baseline 0.001 -3"><span class='ocrx_word' id='word_1_378' title='bbox 106 2881 302 2914; x_wconf 76' lang='lat' dir='ltr'>mendonus</span> <span class='ocrx_word' id='word_1_379' title='bbox 331 2879 374 2913; x_wconf 87' lang='lat' dir='ltr'>de</span> <span class='ocrx_word' id='word_1_380' title='bbox 407 2879 535 2914; x_wconf 89' lang='lat' dir='ltr'>iisdem</span> <span class='ocrx_word' id='word_1_381' title='bbox 564 2879 677 2914; x_wconf 84' lang='lat' dir='ltr'>Sociis</span> <span class='ocrx_word' id='word_1_382' title='bbox 704 2878 886 2913; x_wconf 81' lang='lat' dir='ltr'>Bruxellis</span> <span class='ocrx_word' id='word_1_383' title='bbox 914 2879 967 2913; x_wconf 87' lang='lat'>13.</span> <span class='ocrx_word' id='word_1_384' title='bbox 995 2878 1211 2914; x_wconf 86' lang='lat' dir='ltr'>Novembris</span> <span class='ocrx_word' id='word_1_385' title='bbox 1240 2880 1327 2914; x_wconf 86' lang='grc'><strong>1561</strong></span> <span class='ocrx_word' id='word_1_386' title='bbox 1357 2879 1506 2914; x_wconf 83' lang='lat' dir='ltr'>Romam</span> <span class='ocrx_word' id='word_1_387' title='bbox 1541 2881 1583 2914; x_wconf 86' lang='lat' dir='ltr'>ad</span> <span class='ocrx_word' id='word_1_388' title='bbox 1613 2880 1785 2915; x_wconf 84' lang='lat' dir='ltr'>Sanctum</span> <span class='ocrx_word' id='word_1_389' title='bbox 1812 2881 1875 2916; x_wconf 92' lang='lat' dir='ltr'>Ca-</span> 
     </span>
     <span class='ocr_line' id='line_1_44' title="bbox 104 2932 1875 2979; baseline 0.001 -12"><span class='ocrx_word' id='word_1_390' title='bbox 104 2933 221 2967; x_wconf 88' lang='lat' dir='ltr'>rolum</span> <span class='ocrx_word' id='word_1_391' title='bbox 248 2933 504 2967; x_wconf 87' lang='lat' dir='ltr'>Borromaeum</span> <span class='ocrx_word' id='word_1_392' title='bbox 530 2932 769 2966; x_wconf 88' lang='lat' dir='ltr'>cardinalem:</span> <span class='ocrx_word' id='word_1_393' title='bbox 809 2932 1046 2974; x_wconf 80' lang='lat' dir='ltr'>„Veramente</span> <span class='ocrx_word' id='word_1_394' title='bbox 1073 2944 1136 2977; x_wconf 88' lang='lat' dir='ltr'>per</span> <span class='ocrx_word' id='word_1_395' title='bbox 1162 2932 1280 2976; x_wconf 90' lang='lat' dir='ltr'>quello</span> <span class='ocrx_word' id='word_1_396' title='bbox 1308 2933 1373 2967; x_wconf 90' lang='lat' dir='ltr'>che</span> <span class='ocrx_word' id='word_1_397' title='bbox 1399 2933 1431 2967; x_wconf 92' lang='lat' dir='ltr'>io</span> <span class='ocrx_word' id='word_1_398' title='bbox 1457 2933 1501 2967; x_wconf 79' lang='grc'>110</span> <span class='ocrx_word' id='word_1_399' title='bbox 1532 2935 1665 2968; x_wconf 90' lang='lat' dir='ltr'>veduto</span> <span class='ocrx_word' id='word_1_400' title='bbox 1700 2946 1763 2979; x_wconf 86' lang='lat' dir='ltr'>per</span> <span class='ocrx_word' id='word_1_401' title='bbox 1790 2934 1875 2969; x_wconf 82' lang='lat' dir='ltr'>Ger-</span> 
     </span>
     <span class='ocr_line' id='line_1_45' title="bbox 106 2985 1874 3032; baseline 0.001 -11"><span class='ocrx_word' id='word_1_402' title='bbox 106 2987 226 3021; x_wconf 81' lang='lat' dir='ltr'>mania</span> <span class='ocrx_word' id='word_1_403' title='bbox 252 2986 326 3021; x_wconf 85' lang='lat' dir='ltr'>cosi</span> <span class='ocrx_word' id='word_1_404' title='bbox 350 2985 521 3020; x_wconf 84' lang='lat' dir='ltr'>inferiore</span> <span class='ocrx_word' id='word_1_405' title='bbox 548 2997 647 3020; x_wconf 85' lang='lat' dir='ltr'>come</span> <span class='ocrx_word' id='word_1_406' title='bbox 673 2986 876 3030; x_wconf 89' lang='lat' dir='ltr'>superiore,</span> <span class='ocrx_word' id='word_1_407' title='bbox 903 2986 1032 3029; x_wconf 85' lang='lat' dir='ltr'>questa</span> <span class='ocrx_word' id='word_1_408' title='bbox 1059 2985 1281 3030; x_wconf 87' lang='lat' dir='ltr'>Compagnia</span> <span class='ocrx_word' id='word_1_409' title='bbox 1307 2998 1372 3020; x_wconf 88' lang='lat' dir='ltr'>con</span> <span class='ocrx_word' id='word_1_410' title='bbox 1400 2987 1434 3020; x_wconf 88' lang='lat' dir='ltr'>la</span> <span class='ocrx_word' id='word_1_411' title='bbox 1461 2987 1537 3021; x_wconf 88' lang='lat' dir='ltr'>vita</span> <span class='ocrx_word' id='word_1_412' title='bbox 1563 2987 1781 3032; x_wconf 83' lang='lat' dir='ltr'>esemplare,</span> <span class='ocrx_word' id='word_1_413' title='bbox 1809 3000 1874 3022; x_wconf 93' lang='lat' dir='ltr'>con</span> 
     </span>
     <span class='ocr_line' id='line_1_46' title="bbox 105 3038 1874 3085; baseline 0.001 -11"><span class='ocrx_word' id='word_1_414' title='bbox 105 3041 139 3075; x_wconf 90' lang='lat' dir='ltr'>le</span> <span class='ocrx_word' id='word_1_415' title='bbox 166 3040 333 3075; x_wconf 78' lang='lat' dir='ltr'>continue</span> <span class='ocrx_word' id='word_1_416' title='bbox 359 3039 528 3085; x_wconf 88' lang='lat' dir='ltr'>prediche</span> <span class='ocrx_word' id='word_1_417' title='bbox 555 3042 591 3074; x_wconf 87' lang='lat' dir='ltr'>et</span> <span class='ocrx_word' id='word_1_418' title='bbox 615 3039 842 3073; x_wconf 86' lang='lat' dir='ltr'>institutione</span> <span class='ocrx_word' id='word_1_419' title='bbox 869 3038 921 3073; x_wconf 91' lang='lat' dir='ltr'>de’</span> <span class='ocrx_word' id='word_1_420' title='bbox 942 3039 1088 3082; x_wconf 88' lang='lat' dir='ltr'>giovani</span> <span class='ocrx_word' id='word_1_421' title='bbox 1124 3042 1160 3073; x_wconf 88' lang='lat' dir='ltr'>et</span> <span class='ocrx_word' id='word_1_422' title='bbox 1195 3051 1262 3073; x_wconf 87' lang='lat' dir='ltr'>con</span> <span class='ocrx_word' id='word_1_423' title='bbox 1296 3039 1321 3073; x_wconf 89' lang='lat' dir='ltr'>il</span> <span class='ocrx_word' id='word_1_424' title='bbox 1347 3040 1536 3084; x_wconf 86' lang='lat' dir='ltr'>frequente</span> <span class='ocrx_word' id='word_1_425' title='bbox 1571 3052 1635 3074; x_wconf 88' lang='lat' dir='ltr'>uso</span> <span class='ocrx_word' id='word_1_426' title='bbox 1672 3041 1724 3074; x_wconf 84' lang='lat' dir='ltr'>de’</span> <span class='ocrx_word' id='word_1_427' title='bbox 1750 3041 1874 3076; x_wconf 83' lang='lat' dir='ltr'>Sacra-</span> 
     </span>
     <span class='ocr_line' id='line_1_47' title="bbox 107 3092 1874 3137; baseline 0.001 -9"><span class='ocrx_word' id='word_1_428' title='bbox 107 3093 219 3128; x_wconf 87' lang='lat' dir='ltr'>menti</span> <span class='ocrx_word' id='word_1_429' title='bbox 243 3094 281 3128; x_wconf 78' lang='lat' dir='ltr'>fa</span> <span class='ocrx_word' id='word_1_430' title='bbox 306 3093 546 3137; x_wconf 83' lang='lat' dir='ltr'>grandissimo</span> <span class='ocrx_word' id='word_1_431' title='bbox 572 3093 722 3127; x_wconf 89' lang='lat' dir='ltr'>servitio</span> <span class='ocrx_word' id='word_1_432' title='bbox 748 3092 805 3126; x_wconf 87' lang='lat' dir='ltr'>ala</span> <span class='ocrx_word' id='word_1_433' title='bbox 831 3092 1004 3136; x_wconf 87' lang='lat' dir='ltr'>religione</span> <span class='ocrx_word' id='word_1_434' title='bbox 1029 3093 1273 3137; x_wconf 85' lang='lat' dir='ltr'>recuperando</span> <span class='ocrx_word' id='word_1_435' title='bbox 1309 3093 1360 3136; x_wconf 88' lang='lat' dir='ltr'>gli</span> <span class='ocrx_word' id='word_1_436' title='bbox 1395 3093 1530 3128; x_wconf 75' lang='lat' dir='ltr'>sedutti</span> <span class='ocrx_word' id='word_1_437' title='bbox 1566 3096 1601 3127; x_wconf 86' lang='lat' dir='ltr'>et</span> <span class='ocrx_word' id='word_1_438' title='bbox 1633 3094 1874 3129; x_wconf 88' lang='lat' dir='ltr'>confirmando</span> 
     </span>
     <span class='ocr_line' id='line_1_48' title="bbox 107 3145 1873 3191; baseline 0 -9"><span class='ocrx_word' id='word_1_439' title='bbox 107 3147 270 3182; x_wconf 85' lang='lat' dir='ltr'>ibuoni“</span> <span class='ocrx_word' id='word_1_440' title='bbox 303 3146 366 3191; x_wconf 85' lang='lat' dir='ltr'>(ex</span> <span class='ocrx_word' id='word_1_441' title='bbox 390 3147 518 3181; x_wconf 87' lang='lat' dir='ltr'>harum</span> <span class='ocrx_word' id='word_1_442' title='bbox 543 3146 747 3180; x_wconf 87' lang='lat' dir='ltr'>litterarum</span> <span class='ocrx_word' id='word_1_443' title='bbox 773 3145 980 3190; x_wconf 86' lang='lat' dir='ltr'>apographo</span> <span class='ocrx_word' id='word_1_444' title='bbox 1016 3146 1181 3189; x_wconf 86' lang='lat' dir='ltr'>antiquo,</span> <span class='ocrx_word' id='word_1_445' title='bbox 1218 3147 1311 3190; x_wconf 86' lang='lat' dir='ltr'>quod</span> <span class='ocrx_word' id='word_1_446' title='bbox 1348 3148 1470 3180; x_wconf 82' lang='lat' dir='ltr'>exstat</span> <span class='ocrx_word' id='word_1_447' title='bbox 1497 3147 1646 3180; x_wconf 88' lang='lat' dir='ltr'>Londini</span> <span class='ocrx_word' id='word_1_448' title='bbox 1681 3148 1715 3181; x_wconf 91' lang='lat' dir='ltr'>in</span> <span class='ocrx_word' id='word_1_449' title='bbox 1752 3160 1873 3182; x_wconf 86' lang='lat' dir='ltr'>museo</span> 
     </span>
     <span class='ocr_line' id='line_1_49' title="bbox 108 3198 1183 3243; baseline -0.002 -8"><span class='ocrx_word' id='word_1_450' title='bbox 108 3200 318 3242; x_wconf 83' lang='lat' dir='ltr'>britannico,</span> <span class='ocrx_word' id='word_1_451' title='bbox 345 3200 421 3234; x_wconf 89' lang='lat' dir='ltr'>cod.</span> <span class='ocrx_word' id='word_1_452' title='bbox 448 3199 522 3234; x_wconf 82' lang='lat' dir='ltr'>MS.</span> <span class='ocrx_word' id='word_1_453' title='bbox 550 3199 721 3243; x_wconf 87' lang='lat' dir='ltr'>Egerton.</span> <span class='ocrx_word' id='word_1_454' title='bbox 752 3199 840 3234; x_wconf 81' lang='lat'>1077</span> <span class='ocrx_word' id='word_1_455' title='bbox 868 3199 893 3233; x_wconf 82' lang='lat' dir='ltr'>f.</span> <span class='ocrx_word' id='word_1_456' title='bbox 923 3198 1183 3242; x_wconf 68' lang='lat'>183¹2—1852).</span> 
     </span>
    </p>
   </div>
  </div>
 </body>
</html>
