2093 3444
216 216 297 256 132
799 212 877 245 551.
915 210 1080 246 Canisius
1106 211 1234 245 Iacobo
1261 209 1395 244 Lainio.

212 331 381 372 futuros
404 329 593 372 fortasse
625 328 668 370 in
695 329 801 370 vrbe
835 343 889 370 ex
911 328 1073 370 nostris
1106 328 1228 379 alios,
1264 327 1335 381 qui
1368 342 1469 369 suas
1503 330 1546 369 et
1577 326 1658 381 ipsi
1692 341 1846 381 operas
1880 341 1982 368 con-

211 396 356 437 ferant
389 409 443 437 ex
476 393 743 436 authoritate
775 394 824 435 R.
860 394 908 436 T.
972 393 1216 446 Rogamus,
1261 396 1309 435 ut
1340 392 1384 434 in
1415 392 1496 433 1100
1536 391 1737 434 instituto
1774 392 1847 434 ille
1881 406 1982 434 con·

210 462 428 510 firmetur,
479 459 551 512 qui
594 459 714 500 breui
760 459 990 501 admodum
1034 460 1231 512 tempore
1277 472 1373 500 cum
1415 457 1601 511 priorem
1646 459 1815 511 partem
1859 456 1983 499 initio

211 526 430 576 uertisset,
466 528 511 566 et
543 524 596 566 ad
620 523 858 578 principem
880 523 1019 577 ipsum
1044 523 1284 572 detulisset,
1319 523 1399 564 1100
1421 522 1579 564 meruit
1602 521 1750 564 audire
1780 522 1981 575 elogium,

211 591 281 632 Ex
312 604 457 643 vngue
490 590 689 631 leoneml
732 589 872 642 inquit
905 589 1111 643 Princeps
1153 588 1206 630 ad
1246 587 1572 629 Cancellarium.
1636 587 1770 629 Nulla
1811 587 1981 640 quidem

212 656 473 710 suppetebat
506 654 628 696 nobis
660 654 731 695 uia
765 654 831 696 liic
860 653 1072 707 Principis
1104 653 1186 707 pijs
1220 655 1265 695 et
1297 652 1548 694 ardentibus
1580 651 1694 693 uotis
1725 652 1982 702 reluctandi,

211 722 255 763 et
288 723 355 763 est
387 721 458 761 ille
492 720 663 772 quidem
697 718 858 761 nostris
891 719 1018 761 ualde
1052 718 1320 760 conciliatus.
1383 718 1474 759 Deo
1508 731 1679 771 semper
1709 717 1865 770 gratia.

330 786 416 827 Vix
457 785 649 827 triduum
696 784 810 838 apud
854 783 1233 837 Jngolstadienses
1280 782 1384 825 hesi.
1457 782 1517 824 Vt
1565 785 1711 825 autem
1758 781 1984 835 utriusque

212 851 381 904 collegij
416 853 579 893 statum
613 849 847 900 conferam,
882 850 1017 891 multo
1050 848 1211 891 rectius
1243 847 1458 901 Monachij
1494 847 1639 901 agitur
1671 861 1798 900 quarn
1828 847 1982 900 Jngol-

211 917 362 971 stadij,
410 915 666 970 praesertim
712 915 823 968 quod
869 914 943 955 uix
988 928 1177 967 unquam
1222 913 1291 955 hic
1334 913 1496 955 fratres
1536 912 1700 955 fuerint
1742 912 1984 966 pauciores,

209 981 324 1036 ijque
357 981 497 1034 magis
528 980 736 1034 impediti.
802 980 847 1022 P.
883 979 1146 1022 Cuuillonius
1180 982 1247 1021 est
1288 978 1353 1020 sui
1386 992 1556 1031 semper
1588 977 1756 1028 similis,
1800 977 1870 1030 qui
1903 992 1984 1019 nec

209 1047 289 1088 sibi
323 1060 461 1099 neque
494 1046 590 1100 alijs
623 1045 841 1087 satisfacit
857 1046 884 1087 2.
950 1045 995 1087 P.
1031 1044 1131 1085 Pisa
1163 1046 1397 1096 utcumque
1430 1043 1570 1094 ualet,
1615 1043 1690 1084 sed
1734 1045 1905 1084 tantum
1938 1043 1982 1084 in

210 1112 388 1153 schola3
421 1112 600 1161 docens,
646 1110 717 1151 vbi
751 1124 991 1164 perpaucos
1024 1110 1155 1152 habet
1197 1109 1417 1151 auditores
1451 1108 1532 1150 1100
1564 1111 1771 1162 tempore.
1835 1108 1984 1161 Monuj

211 1178 256 1220 P.
282 1178 555 1226 Rectorem&
590 1179 637 1218 ut
660 1176 866 1217 honestos
899 1175 1077 1216 iuuenes
1109 1175 1368 1216 famulorum
1391 1174 1485 1215 loco
1519 1173 1679 1215 nostris
1712 1173 1982 1225 adiungeret,

210 1257 263 1284 ne
295 1245 386 1284 tam
419 1243 543 1296 pauc-j
578 1245 668 1284 tam
702 1240 850 1282 multis
872 1254 1075 1294 praeesse
1107 1239 1358 1292 ministerijs
1389 1242 1613 1292 cogantur,
1647 1241 1696 1281 ut
1717 1252 1856 1290 neque
1887 1237 1982 1287 sibi,

210 1321 348 1361 neque
382 1307 537 1360 studijs
564 1307 672 1348 satis
705 1308 875 1349 uacent.
919 1305 1019 1347 Non
1052 1307 1328 1359 praeuertam
1356 1304 1587 1346 Rectorum
1622 1303 1877 1353 sententias,
1911 1302 1983 1356 qui

211 1373 263 1414 (10
296 1387 470 1414 suorum
513 1371 791 1424 collegiorum
834 1373 953 1412 statu
986 1370 1099 1412 illico
1142 1370 1332 1412 scribent
1370 1369 1510 1411 isthuc
1553 1383 1637 1411 una
1679 1382 1773 1410 cum
1808 1367 1982 1421 quadri-

209 1438 457 1480 mestribus.
520 1438 614 1478 Hoc
657 1451 785 1478 unum
821 1436 980 1484 dicam,
1025 1450 1132 1489 opus
1174 1449 1268 1476 esse
1301 1434 1551 1477 uisitatione
1593 1436 1637 1475 et
1673 1433 1984 1475 reformatione

211 1504 395 1556 quadam
430 1503 472 1544 in
505 1503 622 1544 111000
656 1502 863 1556 collegijS,
899 1502 952 1543 ob
985 1502 1218 1544 multorum
1250 1500 1517 1542 tentationes
1549 1503 1593 1542 et
1626 1500 1835 1550 defectus,
1875 1512 1984 1552 quos

209 1569 252 1610 111
284 1568 418 1623 uarijs
452 1567 726 1622 deprehendi.
791 1568 925 1609 ζ1111101
958 1581 1035 1608 1100
1067 1567 1117 1609 h‘.
1144 1567 1190 1608 T.
1226 1565 1314 1607 suis
1348 1579 1508 1618 quaeso
1541 1565 1739 1620 precibus
1773 1567 1817 1606 et
1848 1564 1982 1606 sacri-

209 1633 338 1688 ficijS,
383 1637 431 1675 ut
462 1632 639 1687 propius
672 1632 727 1674 ad
759 1635 936 1674 nostrae
969 1631 1193 1673 societatis
1225 1631 1444 1685 proprium
1480 1630 1679 1685 spiritum
1712 1630 1982 1680 accedamus,

210 1700 435 1751 magisque
480 1699 710 1739 fundemur
754 1698 795 1738 in
841 1697 1087 1739 obedientia
1132 1710 1243 1750 quae
1292 1696 1406 1738 circa
1452 1695 1722 1738 intellectum
1766 1697 1982 1744 uersatur,

211 1766 341 1817 atque
374 1764 416 1805 in
449 1777 553 1805 uera
586 1763 865 1817 simplicitate
881 1764 910 1806 5.
975 1762 1136 1804 Multos
1169 1762 1341 1803 morbos
1371 1775 1484 1803 nunc
1524 1761 1699 1816 pariunt
1731 1760 1896 1810 studia,
1938 1760 1982 1801 in

211 1829 365 1882 quibus
397 1829 467 1883 alij
503 1829 619 1870 aliud
644 1831 871 1881 quaerunt,
906 1830 950 1869 et
972 1828 1097 1881 pauci
1127 1841 1205 1868 sua
1228 1830 1345 1869 sorte
1375 1827 1567 1869 cont-enti
1589 1829 1703 1876 sunt,
1735 1825 1984 1880 plaerique³

211 1894 266 1936 ad
299 1895 463 1936 maiora
486 1907 777 1948 praepropere
811 1893 1019 1947 aspirant.
1055 1896 1186 1945 atque
1218 1892 1390 1934 interim
1421 1906 1552 1945 aegre
1585 1891 1854 1933 continemus
1885 1890 1983 1931 illos

210 1959 253 2001 in
286 1959 402 2001 hisce
441 1959 671 2009 classibus,
715 1958 757 1999 111
800 1958 954 2011 quibus
996 1957 1125 1999 etiam
1169 1960 1416 2007 uersantes,
1459 1958 1533 1998 uix
1573 1957 1707 1998 ullum
1747 1956 1791 1997 in
1827 1955 1985 2008 studijs

210 2024 355 2066 facere
387 2038 663 2078 progressum
698 2027 891 2078 possunt.
955 2023 1080 2065 ..Idem
1110 2023 1280 2076 Pragae
1314 2025 1358 2065 et
1390 2022 1491 2063 alibi
1525 2021 1808 2076 experiuntur
1839 2020 1980 2062 credo.

331 2089 539 2139 Quoniam
564 2089 724 2131 Hector
746 2088 1098 2130 1110000111000106
1130 2102 1276 2129 curam
1301 2087 1554 2140 Patrimonij
1588 2089 1632 2129 et
1665 2087 1871 2128 bonorum
1904 2099 1984 2139 per

212 2155 362 2198 literas
394 2154 544 2196 reiecit
576 2154 619 2195 in
652 2154 853 2195 humeros
886 2154 937 2195 D.
973 2153 1148 2206 Henricj
1183 2152 1422 2206 Dionysij7,
1456 2152 1617 2206 poterit
1647 2151 1742 2202 ille,
1779 2151 1813 2192 si
1847 2150 1896 2192 R.
1932 2150 1980 2192 Τ.

329 2285 342 2298 “
371 2279 424 2311 Ab
451 2279 492 2311 E.
521 2282 714 2310 correctum
744 2288 785 2310 esc
811 2287 965 2320 semper.

334 2396 343 2414 ¹
375 2393 606 2427 proverbium
633 2403 653 2426 a
681 2391 830 2425 Graecis
856 2393 1055 2435 acceptum.
1099 2388 1386 2431 „li'arawifflosffiv
1413 2390 1473 2422 οὖν
1499 2403 1538 2422 σε
1573 2389 1630 2422 διὰ
1665 2391 1727 2421 τοῦ
1759 2389 1981 2432 χοάμματος,

212 2449 292 2481 ὅσον
319 2448 433 2491 φασὶ»,
462 2447 504 2485 ἐξ
526 2447 659 2491 ὀνύχων
685 2446 743 2478 τὸν
769 2445 937 2478 λέοντα“.·
964 2445 999 2478 S.
1021 2445 1181 2477 Basilius
1198 2444 1364 2487 Maymcs,
1392 2442 1554 2487 Epistola
1581 2441 1624 2475 ad
1643 2441 1840 2475 Maximum
1868 2439 1980 2485 philo-

212 2500 363 2545 sophum
390 2513 423 2534 n.
454 2501 470 2533 1
501 2499 649 2542 (Miyne,
676 2498 748 2532 ΡΡ.
776 2498 837 2532 Gr.
864 2497 1013 2537 XXXII,
1040 2496 1140 2540 268).

333 2555 346 2573 ‘-’
372 2553 410 2587 P.
439 2554 590 2587 Ioannes
617 2551 853 2591 Cuvillonius,
880 2549 1083 2593 theologiae
1110 2550 1292 2595 professor
1318 2549 1353 2583 in
1379 2548 1628 2588 universitate,
1654 2547 1711 2581 his
1735 2546 1839 2580 annis
1866 2546 1980 2589 aegri-

212 2607 334 2641 tudine
361 2606 516 2650 quadam
542 2605 674 2639 mentis
701 2606 737 2638 et
763 2603 922 2648 corporis
949 2604 1101 2637 affectus
1127 2604 1224 2643 erat3
1251 2602 1296 2636 cf.
1320 2602 1404 2636 Can.
1432 2601 1583 2646 Epp.11,
1609 2611 1714 2640 xxvl,
1741 2599 1796 2633 56.
1824 2599 1880 2633 57.
1901 2599 1979 2633 195.

213 2661 281 2695 211
310 2653 380 2694 etc.
500 2659 513 2679 ³
538 2658 755 2701 Theologica
781 2656 1031 2691 universitatis
1060 2656 1240 2699 (Mederer
1264 2655 1287 2689 l.
1316 2667 1344 2689 c.
1372 2655 1398 2696 I,
1426 2655 1514 2694 256;
1543 2654 1586 2688 cf.
1614 2664 1723 2698 supra
1750 2664 1782 2697 p.
1808 2652 1860 2693 4).

332 2715 345 2733 4
372 2711 559 2747 Nicolaum
586 2711 770 2745 Lanoium.

333 2768 346 2786 ⁵
374 2767 407 2800 S.
435 2766 599 2809 [gnatius
626 2763 747 2798 Socios
773 2774 897 2797 omnes
922 2762 1103 2804 hortatur,
1140 2764 1182 2796 ut
1207 2761 1371 2795 omnibus
1397 2761 1534 2795 viribus
1561 2759 1732 2794 insistant
1761 2770 1823 2801 „en
1851 2769 1919 2802 que
1944 2757 1982 2792 la.

213 2822 316 2854 santa
345 2818 563 2853 Obediencia
588 2819 718 2851 cuanto
745 2818 765 2850 a
791 2816 825 2850 la
853 2816 1046 2861 ejecucion,
1071 2827 1096 2860 y
1122 2817 1252 2849 cuanto
1279 2817 1300 2848 a
1325 2815 1359 2848 la
1387 2813 1571 2854 voluntad,
1597 2825 1621 2858 y
1649 2813 1780 2846 cuanto
1806 2811 1839 2845 al
1859 2813 1979 2845 enten-

213 2873 394 2914 dimiento,
420 2883 483 2906 sea
510 2872 665 2915 siempre
692 2882 735 2904 en
760 2870 844 2904 todo
869 2869 1049 2914 perfecta,
1075 2868 1248 2902 haciendo
1275 2879 1340 2902 con
1367 2867 1497 2901 mucha
1521 2868 1696 2911 111-001020,
1722 2877 1747 2910 y
1774 2876 1862 2908 gozo
1888 2863 1979 2908 espi-

212 2925 341 2967 ritual,
376 2937 400 2970 y
427 2923 722 2970 perseverancia,
749 2924 879 2957 cuanto
905 2933 970 2956 11οο
996 2923 1077 2956 sera
1102 2921 1298 2962 mandado,
1329 2919 1656 2965 persuadiendonos
1681 2929 1739 2952 ser
1763 2917 1846 2951 todo
1868 2916 1981 2962 justo,
2041 2914 2045 2919 ”

212 2991 237 3024 y
263 2978 427 3022 negando
453 2989 518 3011 con
544 2975 761 3011 obediencia
788 2976 889 3018 ciega
915 2975 998 3009 todo
1024 2977 1170 3008 nuestro
1201 2985 1350 3019 parecer
1383 2986 1408 3018 y
1438 2973 1549 3018 juicio
1584 2970 1761 3006 contrario
1796 2981 1839 3003 en
1874 2969 1978 3003 todas

214 3044 335 3074 cosas,
363 3043 431 3075 que
458 3030 491 3064 el
517 3029 685 3074 Superior
711 3029 862 3069 ordena,
890 3028 1004 3062 donde
1029 3039 1074 3061 no
1100 3038 1139 3061 se
1165 3027 1280 3071 pueda
1307 3026 1526 3060 determinar
1554 3025 1669 3068 (como
1695 3034 1733 3057 es
1759 3021 1878 3065 dicho)
1909 3032 1979 3066 que

213 3086 309 3130 haya
335 3084 466 3128 alguna
492 3083 633 3128 especie
660 3082 702 3116 de
728 3081 904 3126 pecado“:
935 3080 1218 3115 Constitutiones
1236 3079 1271 3114 S.
1291 3079 1323 3113 J.
1351 3079 1390 3112 P.
1411 3080 1442 3120 6,
1469 3090 1498 3112 0.
1520 3079 1549 3120 1,
1576 3089 1608 3111 n.
1631 3077 1646 3110 1
1678 3074 1980 3120 (Constitutiones

213 3138 347 3173 latinae
374 3139 410 3170 et
436 3135 644 3181 hispanicae
669 3146 703 3180 p.
733 3135 829 3178 187).

335 3191 349 3211 ⁶
374 3190 413 3223 P.
440 3188 684 3223 Theodoricus
711 3186 888 3222 Canisius.
987 3187 1000 3207 ’ἵ
1025 3186 1117 3220 Vide
1142 3196 1253 3230 supra
1282 3197 1315 3230 p.
1345 3185 1398 3219 16.
1424 3185 1481 3219 43.

2031 3156 2059 3444 QQ-
2054 3088 2059 3141 -.0
