2093 3444
504 177 670 220 Augusta
696 176 968 212 Vindelicorum
994 178 1051 212 22.
1077 177 1294 212 Novembris
1322 178 1425 213 1561.
1767 181 1853 222 303

74 310 187 338 nunc
208 295 395 338 uertisse
425 295 639 349 synodum
662 295 940 350 Ephesinam,
976 310 1087 350 quae
1110 296 1176 338 his
1199 296 1420 339 mensibus
1443 297 1557 352 apud
1578 298 1855 340 lutheranum

74 361 319 416 Principem
353 374 511 415 graece
545 361 792 415 conscripta
825 363 869 403 et
902 361 974 403 diu
1007 362 1192 415 quesita,
1226 362 1414 404 mirabili
1451 363 1630 404 tandem
1663 365 1758 405 arte
1790 363 1856 405 in-

76 429 210 470 uenta
252 429 319 469 est
335 427 364 469 1.
428 425 592 468 Videor
633 429 779 469 autem
822 440 877 468 ex
918 427 1056 469 literis
1090 428 1141 470 R.
1176 428 1224 471 T.
1258 427 1527 481 intelligere,
1570 428 1683 470 hanc
1714 428 1854 483 ipsam

76 492 291 547 synodum
323 505 481 545 graece
514 494 559 534 et
590 491 725 533 latine
758 491 802 532 in
834 491 1050 535 Vaticano
1084 493 1265 548 reperirj
1283 493 1312 536 2.
1376 493 1530 535 Vnde³
1571 493 1780 536 maiorem
1811 494 1854 536 in

75 557 249 600 modum
282 560 412 610 rogat
443 556 490 599 P.
525 556 798 608 Theodorus,
842 559 891 599 ut
924 571 1019 599 cum
1052 558 1268 600 Vaticano
1311 558 1457 600 codice
1493 558 1744 601 conferatur
1775 560 1856 601 hoc

77 622 372 674 summarium,
408 622 522 676 quod
554 636 667 664 nunc
700 636 781 675 ego
815 622 954 665 mitto.
998 623 1169 666 Nactus
1203 627 1270 667 est
1302 624 1509 678 Princeps
1542 624 1779 679 exemplar,
1812 624 1856 666 in

76 702 160 743 quo
207 688 392 742 legendo
439 689 620 742 propter
665 687 1014 730 abbreuiationes
1052 703 1189 742 usque
1231 689 1287 732 ad
1327 689 1551 732 fastidium
1593 689 1748 742 ingens
1791 690 1856 732 13-

75 754 270 804 boratur,
305 755 350 796 et
382 767 489 807 opus
523 756 590 796 est
622 767 931 806 nonnunquam
964 753 1173 797 diuinare.
1223 754 1352 797 Nunc
1384 755 1526 797 uersio
1559 755 1606 798 P.
1640 755 1856 797 Theodori

77 819 150 873 qui
182 833 287 861 sane
327 832 532 872 magnam
576 821 620 861 et
661 818 958 860 incredibilem
990 818 1058 861 hic
1099 820 1280 862 1131131111
1319 834 1516 874 operam,
1560 820 1772 874 relegitur
1813 823 1857 863 et

78 884 376 936 concinnatur,
409 886 596 937 urgente
623 898 701 926 nos
723 883 937 938 Principe,
971 887 1019 927 ut
1051 885 1348 929 absoluatur3.
1394 885 1515 936 Quod
1547 886 1584 928 si
1605 886 1857 929 vaticanum

78 950 254 993 adesset
287 950 524 1004 exemplar,
558 949 700 991 minus
732 950 1045 993 laboraremus.
1090 950 1248 1004 Sperat
1270 953 1418 993 31116111
1451 954 1495 994 61
1524 953 1648 1006 οΡ131
1680 951 1723 993 id
1756 966 1857 993 con-

78 1016 200 1070 sequi
221 1030 300 1070 per
321 1016 372 1059 R.
397 1016 444 1058 T.
478 1018 527 1058 ut
554 1015 856 1057 describantur
878 1029 934 1057 ex
957 1015 1170 1058 Vaticano
1195 1017 1408 1070 quaedam
1430 1017 1855 1072 interpretatio11esb‚

78 1084 127 1124 ut
160 1081 286 1134 signa
316 1081 362 1123 in
394 1080 628 1123 summario
661 1080 731 1122 hic
773 1083 986 1123 annotata
1019 1082 1311 1133 annotabunt,
1355 1082 1560 1126 uidelicet
1591 1082 1663 1124 ubi
1695 1082 1858 1137 triplex

80 1146 316 1190 asteriscus
360 1146 569 1196 occurrit,
617 1152 779 1200 eaque⁰
819 1161 959 1201 pauca
1001 1161 1096 1189 esse
1134 1149 1358 1202 putantur.
1421 1148 1523 1190 Non
1564 1148 1712 1191 dubito
1755 1147 1858 1202 quin

79 1212 130 1256 R.
155 1212 204 1255 T.
237 1226 315 1267 pro
348 1212 559 1266 singularj
592 1212 636 1253 in
658 1227 738 1254 nos
762 1212 977 1255 charitate
1010 1215 1054 1255 et
1080 1212 1245 1267 pietate
1268 1228 1359 1264 sua,
1393 1213 1462 1256 1116
1484 1213 1608 1256 nobis
1631 1213 1858 1256 consilium

79 1281 124 1321 et
156 1277 366 1320 auxilium
388 1277 628 1332 praebebit.
674 1277 792 1328 Quae
816 1277 1029 1332 duplicem
1053 1278 1215 1321 habent
1238 1278 1495 1321 asteriscum
1510 1279 1524 1299 ‘¹
1556 1279 1600 1321 in
1622 1279 1857 1321 summario

80 1346 124 1386 et
147 1357 259 1397 quae
280 1343 467 1394 unicum,
502 1357 585 1385 non
612 1343 719 1385 adeo
744 1343 917 1397 quidem
939 1342 1199 1395 necessaria,
1224 1344 1300 1386 sed
1322 1344 1446 1387 utilia
1468 1347 1617 1387 tamen
1639 1344 1857 1395 uidentur,

80 1408 117 1451 si
149 1408 511 1452 describerentur.
554 1408 652 1451 Nisi
675 1409 790 1452 forte
822 1409 963 1462 magis
986 1409 1175 1463 placebit
1197 1409 1248 1452 R.
1273 1410 1320 1452 T.
1354 1412 1403 1453 ut
1434 1410 1542 1452 hace
1574 1409 1729 1452 relicta
1760 1424 1858 1452 uer-

80 1474 201 1517 sione
222 1474 269 1517 P.
295 1474 524 1529 Theodorj,
558 1488 669 1527 quae
702 1488 861 1528 magno
884 1474 946 1515 illi
976 1474 1132 1517 sudore
1156 1474 1365 1526 constitit,
1398 1475 1581 1517 latinam
1615 1475 1859 1517 uersionem

81 1554 194 1593 quae
216 1540 382 1581 Romae
406 1542 487 1591 est,
511 1539 701 1594 Principi
724 1540 1040 1590 commendare,
1075 1543 1120 1583 et
1148 1542 1343 1582 nostram
1366 1540 1587 1594 negligere
1611 1540 1860 1583 debeamus.

201 1604 392 1660 Dispicio
426 1605 479 1647 de
520 1604 746 1648 mittendis
779 1605 834 1647 ad
866 1605 1041 1647 Jndiam
1074 1605 1305 1658 fratribus,
1350 1605 1461 1649 sicut
1495 1620 1521 1648 a
1552 1605 1676 1648 nobis
1707 1608 1859 1660 postu-

81 1671 220 1714 latum
259 1671 381 1722 est4,
425 1673 527 1713 sunt
569 1671 641 1724 qui
684 1670 944 1713 desiderium
986 1671 1221 1714 ostendant
1260 1671 1581 1726 proficiscendi,
1624 1671 1700 1713 sed
1740 1685 1859 1726 pro-

81 1736 247 1779 bandi
280 1736 554 1790 spiritus5
585 1736 801 1779 uidentur.
865 1737 984 1779 ε1111161
1017 1750 1145 1778 110556
1178 1737 1316 1791 cupio,
1352 1751 1408 1779 an
1439 1736 1603 1780 indocti
1635 1736 1780 1788 etiam,
1815 1740 1859 1780 et

80 1801 125 1843 in
165 1801 322 1856 spiritu
364 1804 408 1845 et
449 1801 614 1856 pietate
647 1816 800 1856 parum
835 1801 1053 1856 prouecti,
1098 1804 1174 1844 aut
1212 1801 1285 1855 qui
1326 1802 1381 1844 ad
1422 1801 1593 1855 linguas
1630 1801 1859 1844 discendas

81 1881 167 1910 non
199 1866 308 1910 satis
339 1866 506 1909 habiles
528 1867 743 1918 uidentur,
779 1867 997 1921 deligendi
1019 1869 1063 1910 et
1095 1867 1302 1909 offerendi
1333 1867 1434 1918 sint,
1467 1867 1505 1909 si
1526 1867 1654 1909 ualde
1687 1867 1859 1921 quidem

80 1933 124 1975 id
157 1932 348 1987 cupiant.
411 1933 613 1987 Plerique
654 1934 830 1986 longam
865 1936 908 1975 et
950 1932 1169 1975 difficilem
1210 1932 1322 1975 113116
1354 1932 1748 1987 peregrinationem
1782 1946 1860 1974 ex-

80 2000 258 2053 petunt,
301 2000 351 2041 ut
382 1997 576 2050 uidetur,
620 1999 823 2053 propriae
862 1998 1212 2041 mortificationis
1245 1998 1409 2050 studio,
1450 2001 1494 2041 et
1527 1998 1598 2052 qui
1631 2012 1783 2052 parum
1815 1997 1859 2040 in

82 2064 394 2114 conuersando,
429 2066 506 2106 aut
527 2064 742 2118 loquendo
774 2065 937 2107 ualent.
982 2064 1047 2106 De
1069 2064 1154 2105 illis
1176 2063 1312 2117 igitur
1334 2063 1435 2117 quid
1457 2064 1580 2106 nobis
1608 2063 1859 2106 faciundum

81 2129 151 2180 sit,
185 2129 222 2171 si
254 2143 346 2171 rem
379 2143 535 2183 urgere
567 2132 768 2184 pergant,
803 2144 980 2172 auemus
1013 2129 1271 2183 intelligere.

200 2195 469 2237 Promissum
513 2195 637 2237 nobis
678 2195 762 2238 fuit
803 2195 965 2248 aliquid
1006 2195 1058 2236 de
1099 2194 1238 2237 literis
1279 2194 1445 2237 ι1111511615
1494 2209 1646 2237 recens
1699 2193 1858 2245 allatis,

83 2274 191 2314 quas
223 2260 530 2303 uehementers
560 2263 762 2316 optamus
797 2260 1056 2303 Germaniae
1089 2259 1410 2303 communicari.

201 2413 215 2427 a
243 2405 361 2448 Quare
387 2407 429 2441 B.
529 2407 543 2427 ¹³
569 2406 749 2452 interpres
775 2407 865 2440 AB.

201 2466 212 2481 ⁰
238 2462 283 2494 In
301 2461 430 2495 archet.
448 2466 649 2505 sequuntur
667 2472 715 2494 vv.
734 2471 805 2494 non
823 2459 929 2494 ualde
948 2458 1056 2503 longa
1075 2460 1111 2493 et
1121 2486 1131 2502 ,
1158 2471 1181 2492 a
1202 2460 1239 2493 C.
1265 2461 1342 2503 ipso
1370 2460 1428 2501 (ut
1445 2460 1628 2501 videntur)
1649 2460 1859 2494 oblitterata.

201 2514 217 2534 <1
243 2513 459 2549 acteriscum
484 2515 530 2548 A.
629 2520 640 2534 Ε
667 2513 734 2547 1166
761 2515 806 2547 A.
902 2513 913 2533 f
939 2512 1166 2547 uehemerter
1193 2514 1239 2547 A.

206 2638 216 2658 ¹
242 2637 335 2672 Vide
360 2649 470 2683 supra
495 2649 530 2683 p.
559 2636 757 2671 131—132.
787 2635 985 2670 136—137.
1015 2635 1091 2669 152.

203 2691 217 2712 2
243 2690 317 2725 Aut
343 2690 561 2726 Salmeronis
594 2689 738 2724 litteras
774 2689 817 2724 de
851 2700 945 2723 nova
980 2688 1214 2723 conciliorum
1241 2688 1397 2723 editione
1432 2689 1536 2724 datas
1562 2689 1680 2724 dicere
1706 2689 1861 2731 videtur,

84 2744 127 2779 de
153 2744 283 2789 quibus
309 2756 418 2789 supra
443 2756 478 2790 p.
497 2744 577 2786 292,
604 2745 667 2778 aut
692 2743 786 2784 illasy
813 2754 904 2787 quas
929 2741 970 2776 P.
994 2743 1232 2776 Theodoricus
1261 2743 1440 2787 Canisius,
1467 2742 1610 2786 collegii
1634 2742 1862 2777 monacensis

83 2799 212 2839 rector,
238 2797 439 2841 significat,
479 2809 561 2832 cum
586 2796 776 2831 Monachio
803 2797 834 2830 9.
861 2795 944 2830 Iulii
972 2796 1060 2830 1561
1099 2796 1213 2830 eidem
1241 2795 1440 2830 Salmeroni
1478 2795 1711 2840 (quamquam
1738 2795 1861 2829 Lainio

85 2851 278 2896 epistulam
302 2850 483 2895 inscribit)
513 2850 687 2885 *scribit:
728 2849 787 2892 „R
815 2849 1023 2883 Theodorus
1048 2848 1086 2883 in
1111 2849 1284 2883 vertendo
1311 2860 1440 2893 graeco
1466 2849 1529 2883 illo
1554 2849 1737 2883 volumine
1762 2850 1862 2883 totus

84 2907 292 2950 occupatur,
320 2907 356 2939 et
381 2904 449 2939 soli
473 2904 558 2939 huic
583 2904 635 2938 rei
662 2904 778 2945 vac-at,
805 2902 943 2948 placuit
968 2902 1157 2937 consilium
1176 2902 1218 2937 R.
1236 2902 1277 2937 P.
1304 2902 1343 2937 T.
1370 2904 1412 2936 vt
1437 2902 1578 2937 56111661
1604 2904 1752 2937 311110161
1770 2913 1862 2947 quae

85 2958 295 2993 obscuriora
328 2957 366 2992 in
400 2970 464 2992 suo
500 2956 700 3002 exemplari
744 2957 957 2997 occurrunt,
997 2957 1033 2990 et
1071 2955 1198 2990 deinde
1234 2967 1314 2990 cum
1350 2955 1528 2990 Vaticano
1564 2955 1763 3001 exemplari
1797 2967 1861 2990 suo

84 3013 246 3057 tempore
281 3011 533 3046 conferantur⁴⁴
576 3009 637 3055 (ex
663 3009 899 3054 autographo.
953 3008 1037 3044 Cod.
1069 3009 1130 3051 „G.
1158 3009 1223 3054 Ep.
1249 3009 1301 3043 II“
1332 3009 1358 3044 f.
1385 3008 1505 3053 231³).
1555 3008 1608 3043 De
1643 3008 1758 3043 latina
1783 3020 1862 3043 ver-

85 3064 184 3100 sione
210 3065 295 3099 vide
320 3076 430 3110 supra
456 3076 490 3109 p.
519 3063 586 3098 152
597 3064 619 3097 ⁵.

207 3119 220 3138 ³
245 3118 310 3152 Sat
335 3117 520 3163 probabile
545 3118 612 3158 est,
639 3127 682 3150 63
707 3116 744 3149 111
774 3115 1084 3157 „concinnatione“
1124 3115 1239 3161 ipsius
1265 3115 1401 3150 Oanisii
1427 3127 1573 3161 operam
1599 3115 1860 3150 intercessisse.

206 3172 220 3191 4
245 3170 338 3206 Vide
364 3181 474 3216 supra
499 3182 534 3215 p.
560 3169 641 3204 265.
788 3170 800 3189 ⁵
829 3169 846 3203 1
874 3169 922 3204 Io.
949 3170 981 3211 4,
1011 3169 1041 3204 1.
