<?xml version="1.0" encoding="UTF-8"?>
<!DOCTYPE html PUBLIC "-//W3C//DTD XHTML 1.0 Transitional//EN"
    "http://www.w3.org/TR/xhtml1/DTD/xhtml1-transitional.dtd">
<html xmlns="http://www.w3.org/1999/xhtml" xml:lang="en" lang="en">
 <head>
  <title>
</title>
<meta http-equiv="Content-Type" content="text/html;charset=utf-8" />
  <meta name='ocr-system' content='tesseract 3.04.00' />
  <meta name='ocr-capabilities' content='ocr_page ocr_carea ocr_par ocr_line ocrx_word'/>
</head>
<body>
  <div class='ocr_page' id='page_1' title='image "beatipetricanisi03cani_0026.png"; bbox 0 0 2093 3444; ppageno 0'>
   <div class='ocr_carea' id='block_1_1' title="bbox 184 219 1406 269">
    <p class='ocr_par' dir='ltr' id='par_1_1' title="bbox 184 219 1406 269">
     <span class='ocr_line' id='line_1_1' title="bbox 184 219 1406 269; baseline -0.002 -14"><span class='ocrx_word' id='word_1_1' title='bbox 184 242 249 269; x_wconf 73' lang='lat' dir='ltr'>XX</span> <span class='ocrx_word' id='word_1_2' title='bbox 745 223 788 256; x_wconf 83' lang='lat' dir='ltr'>ll.</span> <span class='ocrx_word' id='word_1_3' title='bbox 826 221 1051 256; x_wconf 78' lang='lat' dir='ltr'>Prooemium</span> <span class='ocrx_word' id='word_1_4' title='bbox 1077 220 1272 254; x_wconf 85' lang='lat' dir='ltr'>voluminis</span> <span class='ocrx_word' id='word_1_5' title='bbox 1297 219 1406 253; x_wconf 87' lang='lat' dir='ltr'>tertii.</span> 
     </span>
    </p>
   </div>
   <div class='ocr_carea' id='block_1_2' title="bbox 190 337 2018 3254">
    <p class='ocr_par' dir='ltr' id='par_1_2' title="bbox 190 337 1960 786">
     <span class='ocr_line' id='line_1_2' title="bbox 190 337 1958 397; baseline -0.003 -12"><span class='ocrx_word' id='word_1_6' title='bbox 190 356 299 397; x_wconf 90' lang='lat' dir='ltr'>quae</span> <span class='ocrx_word' id='word_1_7' title='bbox 318 342 671 394; x_wconf 84' lang='lat' dir='ltr'>Hugonottoruin</span> <span class='ocrx_word' id='word_1_8' title='bbox 696 339 954 382; x_wconf 88' lang='lat' dir='ltr'>crudelitate</span> <span class='ocrx_word' id='word_1_9' title='bbox 972 339 1253 380; x_wconf 83' lang='lat' dir='ltr'>vehementer</span> <span class='ocrx_word' id='word_1_10' title='bbox 1270 338 1564 391; x_wconf 86' lang='lat' dir='ltr'>perturbatur,</span> <span class='ocrx_word' id='word_1_11' title='bbox 1589 337 1762 390; x_wconf 87' lang='lat' dir='ltr'>quidam</span> <span class='ocrx_word' id='word_1_12' title='bbox 1779 337 1958 379; x_wconf 82' lang='lat' dir='ltr'>foedera</span> 
     </span>
     <span class='ocr_line' id='line_1_3' title="bbox 190 402 1956 459; baseline -0.002 -10"><span class='ocrx_word' id='word_1_13' title='bbox 190 408 436 459; x_wconf 75' lang='lat' dir='ltr'>militesque</span> <span class='ocrx_word' id='word_1_14' title='bbox 475 419 501 447; x_wconf 91' lang='lat' dir='ltr'>a</span> <span class='ocrx_word' id='word_1_15' title='bbox 540 405 799 447; x_wconf 81' lang='lat' dir='ltr'>Germaniae</span> <span class='ocrx_word' id='word_1_16' title='bbox 837 403 1089 458; x_wconf 77' lang='lat' dir='ltr'>proceribus</span> <span class='ocrx_word' id='word_1_17' title='bbox 1129 402 1476 457; x_wconf 74' lang='lat' dir='ltr'>protestantibus</span> <span class='ocrx_word' id='word_1_18' title='bbox 1517 404 1673 456; x_wconf 88' lang='lat' dir='ltr'>petunt</span> <span class='ocrx_word' id='word_1_19' title='bbox 1704 403 1822 454; x_wconf 81' lang='grc'>(362.</span> <span class='ocrx_word' id='word_1_20' title='bbox 1857 403 1956 445; x_wconf 81' lang='lat'>448.</span> 
     </span>
     <span class='ocr_line' id='line_1_4' title="bbox 190 467 1958 523; baseline -0.002 -10"><span class='ocrx_word' id='word_1_21' title='bbox 190 473 289 514; x_wconf 72' lang='lat'>488.</span> <span class='ocrx_word' id='word_1_22' title='bbox 325 470 443 523; x_wconf 88' lang='grc'>583).</span> <span class='ocrx_word' id='word_1_23' title='bbox 498 469 643 523; x_wconf 87' lang='lat' dir='ltr'>Atque</span> <span class='ocrx_word' id='word_1_24' title='bbox 676 469 783 511; x_wconf 90' lang='lat' dir='ltr'>adeo</span> <span class='ocrx_word' id='word_1_25' title='bbox 816 470 1153 523; x_wconf 75' lang='lat' dir='ltr'>protestantium</span> <span class='ocrx_word' id='word_1_26' title='bbox 1187 467 1318 509; x_wconf 86' lang='lat' dir='ltr'>animi</span> <span class='ocrx_word' id='word_1_27' title='bbox 1351 467 1438 508; x_wconf 91' lang='lat' dir='ltr'>iam</span> <span class='ocrx_word' id='word_1_28' title='bbox 1470 467 1719 510; x_wconf 81' lang='lat' dir='ltr'>exacerbati</span> <span class='ocrx_word' id='word_1_29' title='bbox 1752 470 1796 509; x_wconf 91' lang='lat' dir='ltr'>et</span> <span class='ocrx_word' id='word_1_30' title='bbox 1828 482 1853 509; x_wconf 91' lang='lat' dir='ltr'>a</span> <span class='ocrx_word' id='word_1_31' title='bbox 1886 481 1958 509; x_wconf 91' lang='lat' dir='ltr'>ca-</span> 
     </span>
     <span class='ocr_line' id='line_1_5' title="bbox 190 531 1960 586; baseline -0.003 -7"><span class='ocrx_word' id='word_1_32' title='bbox 190 536 362 580; x_wconf 92' lang='lat' dir='ltr'>tholicis</span> <span class='ocrx_word' id='word_1_33' title='bbox 396 535 574 577; x_wconf 88' lang='lat' dir='ltr'>alienati</span> <span class='ocrx_word' id='word_1_34' title='bbox 606 537 720 585; x_wconf 81' lang='lat' dir='ltr'>sunt,</span> <span class='ocrx_word' id='word_1_35' title='bbox 755 538 803 577; x_wconf 89' lang='lat' dir='ltr'>ut</span> <span class='ocrx_word' id='word_1_36' title='bbox 835 534 972 575; x_wconf 88' lang='lat' dir='ltr'>falsus</span> <span class='ocrx_word' id='word_1_37' title='bbox 1003 547 1151 574; x_wconf 86' lang='lat' dir='ltr'>rumor</span> <span class='ocrx_word' id='word_1_38' title='bbox 1172 546 1250 586; x_wconf 88' lang='lat' dir='ltr'>per</span> <span class='ocrx_word' id='word_1_39' title='bbox 1273 531 1548 574; x_wconf 81' lang='lat' dir='ltr'>Germaniam</span> <span class='ocrx_word' id='word_1_40' title='bbox 1571 532 1726 575; x_wconf 87' lang='lat' dir='ltr'>volitet</span> <span class='ocrx_word' id='word_1_41' title='bbox 1747 532 1960 585; x_wconf 88' lang='lat' dir='ltr'>fidemque</span> 
     </span>
     <span class='ocr_line' id='line_1_6' title="bbox 190 596 1959 653; baseline -0.003 -9"><span class='ocrx_word' id='word_1_42' title='bbox 190 601 410 651; x_wconf 85' lang='lat' dir='ltr'>inveniat,</span> <span class='ocrx_word' id='word_1_43' title='bbox 454 614 669 642; x_wconf 88' lang='lat' dir='ltr'>summum</span> <span class='ocrx_word' id='word_1_44' title='bbox 702 599 948 653; x_wconf 89' lang='lat' dir='ltr'>pontificem</span> <span class='ocrx_word' id='word_1_45' title='bbox 983 612 1077 640; x_wconf 83' lang='lat' dir='ltr'>cuni</span> <span class='ocrx_word' id='word_1_46' title='bbox 1110 597 1374 652; x_wconf 88' lang='lat' dir='ltr'>principibus</span> <span class='ocrx_word' id='word_1_47' title='bbox 1406 596 1656 651; x_wconf 87' lang='lat' dir='ltr'>potentibus</span> <span class='ocrx_word' id='word_1_48' title='bbox 1687 597 1731 639; x_wconf 92' lang='lat' dir='ltr'>in</span> <span class='ocrx_word' id='word_1_49' title='bbox 1770 597 1814 639; x_wconf 89' lang='lat' dir='ltr'>id</span> <span class='ocrx_word' id='word_1_50' title='bbox 1859 611 1959 639; x_wconf 90' lang='lat' dir='ltr'>con-</span> 
     </span>
     <span class='ocr_line' id='line_1_7' title="bbox 191 662 1960 721; baseline -0.003 -12"><span class='ocrx_word' id='word_1_51' title='bbox 191 667 394 721; x_wconf 90' lang='lat' dir='ltr'>spirasse,</span> <span class='ocrx_word' id='word_1_52' title='bbox 420 669 481 715; x_wconf 90' lang='lat' dir='ltr'>ut,</span> <span class='ocrx_word' id='word_1_53' title='bbox 507 665 764 718; x_wconf 77' lang='lat' dir='ltr'>quicumque</span> <span class='ocrx_word' id='word_1_54' title='bbox 788 663 967 705; x_wconf 86' lang='lat' dir='ltr'>concilio</span> <span class='ocrx_word' id='word_1_55' title='bbox 991 663 1227 705; x_wconf 87' lang='lat' dir='ltr'>tridentino</span> <span class='ocrx_word' id='word_1_56' title='bbox 1251 676 1336 704; x_wconf 91' lang='lat' dir='ltr'>non</span> <span class='ocrx_word' id='word_1_57' title='bbox 1360 662 1647 713; x_wconf 86' lang='lat' dir='ltr'>oboedissent,</span> <span class='ocrx_word' id='word_1_58' title='bbox 1677 662 1799 716; x_wconf 85' lang='lat' dir='ltr'>„igne</span> <span class='ocrx_word' id='word_1_59' title='bbox 1821 662 1960 704; x_wconf 90' lang='lat' dir='ltr'>ferro-</span> 
     </span>
     <span class='ocr_line' id='line_1_8' title="bbox 192 729 1266 786; baseline -0.004 -12"><span class='ocrx_word' id='word_1_60' title='bbox 192 735 299 786; x_wconf 80' lang='lat' dir='ltr'>que“</span> <span class='ocrx_word' id='word_1_61' title='bbox 341 731 688 785; x_wconf 86' lang='lat' dir='ltr'>opprimerentur</span> <span class='ocrx_word' id='word_1_62' title='bbox 722 730 841 782; x_wconf 77' lang='grc'>(361.</span> <span class='ocrx_word' id='word_1_63' title='bbox 877 731 976 771; x_wconf 84' lang='grc'>371,</span> <span class='ocrx_word' id='word_1_64' title='bbox 1013 730 1111 771; x_wconf 77' lang='lat'>374.</span> <span class='ocrx_word' id='word_1_65' title='bbox 1147 729 1266 780; x_wconf 79' lang='grc'>377).</span> 
     </span>
    </p>

    <p class='ocr_par' dir='ltr' id='par_1_3' title="bbox 192 792 2018 2930">
     <span class='ocr_line' id='line_1_9' title="bbox 311 792 2018 846; baseline -0.004 -7"><span class='ocrx_word' id='word_1_66' title='bbox 311 797 523 839; x_wconf 89' lang='lat' dir='ltr'>Pacificae</span> <span class='ocrx_word' id='word_1_67' title='bbox 565 799 711 838; x_wconf 86' lang='lat' dir='ltr'>autem</span> <span class='ocrx_word' id='word_1_68' title='bbox 753 794 867 836; x_wconf 87' lang='lat' dir='ltr'>illius</span> <span class='ocrx_word' id='word_1_69' title='bbox 908 793 1379 844; x_wconf 77' lang='lat' dir='ltr'>„restaurationis</span> <span class='ocrx_word' id='word_1_70' title='bbox 1420 792 1789 844; x_wconf 86' lang='lat' dir='ltr'>catholicae“,</span> <span class='ocrx_word' id='word_1_71' title='bbox 1833 806 1962 846; x_wconf 87' lang='lat' dir='ltr'>quam</span> <span class='ocrx_word' id='word_1_72' title='bbox 2017 840 2018 843; x_wconf 11' lang='grc' dir='ltr'><strong>Ἴ</strong></span> 
     </span>
     <span class='ocr_line' id='line_1_10' title="bbox 192 857 1962 916; baseline -0.003 -12"><span class='ocrx_word' id='word_1_73' title='bbox 192 865 366 912; x_wconf 88' lang='lat' dir='ltr'>vocant,</span> <span class='ocrx_word' id='word_1_74' title='bbox 390 875 647 916; x_wconf 87' lang='lat' dir='ltr'>progressus</span> <span class='ocrx_word' id='word_1_75' title='bbox 671 874 725 901; x_wconf 80' lang='lat' dir='ltr'>ex</span> <span class='ocrx_word' id='word_1_76' title='bbox 747 859 894 901; x_wconf 89' lang='lat' dir='ltr'>multis</span> <span class='ocrx_word' id='word_1_77' title='bbox 917 860 1068 901; x_wconf 88' lang='lat' dir='ltr'>harum</span> <span class='ocrx_word' id='word_1_78' title='bbox 1093 858 1378 912; x_wconf 85' lang='lat' dir='ltr'>epistularum</span> <span class='ocrx_word' id='word_1_79' title='bbox 1399 857 1570 912; x_wconf 85' lang='lat' dir='ltr'>paginis</span> <span class='ocrx_word' id='word_1_80' title='bbox 1593 858 1769 901; x_wconf 83' lang='lat' dir='ltr'>relucet.</span> <span class='ocrx_word' id='word_1_81' title='bbox 1808 857 1962 899; x_wconf 88' lang='lat' dir='ltr'>Archi-</span> 
     </span>
     <span class='ocr_line' id='line_1_11' title="bbox 193 922 1963 982; baseline -0.003 -13"><span class='ocrx_word' id='word_1_82' title='bbox 193 927 470 982; x_wconf 89' lang='lat' dir='ltr'>episcopatus</span> <span class='ocrx_word' id='word_1_83' title='bbox 502 925 731 980; x_wconf 82' lang='lat' dir='ltr'>pragensis</span> <span class='ocrx_word' id='word_1_84' title='bbox 764 938 861 966; x_wconf 90' lang='lat' dir='ltr'>cum</span> <span class='ocrx_word' id='word_1_85' title='bbox 893 938 1050 976; x_wconf 89' lang='lat' dir='ltr'>magno</span> <span class='ocrx_word' id='word_1_86' title='bbox 1074 923 1232 965; x_wconf 86' lang='lat' dir='ltr'>Canisii</span> <span class='ocrx_word' id='word_1_87' title='bbox 1264 923 1422 976; x_wconf 88' lang='lat' dir='ltr'>gaudio</span> <span class='ocrx_word' id='word_1_88' title='bbox 1456 937 1481 964; x_wconf 93' lang='lat' dir='ltr'>a</span> <span class='ocrx_word' id='word_1_89' title='bbox 1504 922 1776 964; x_wconf 87' lang='lat' dir='ltr'>Ferdinando</span> <span class='ocrx_word' id='word_1_90' title='bbox 1798 922 1830 964; x_wconf 92' lang='lat' dir='ltr'>I.</span> <span class='ocrx_word' id='word_1_91' title='bbox 1865 935 1963 964; x_wconf 91' lang='lat' dir='ltr'>cae-</span> 
     </span>
     <span class='ocr_line' id='line_1_12' title="bbox 194 987 1962 1042; baseline -0.003 -8"><span class='ocrx_word' id='word_1_92' title='bbox 194 1006 292 1034; x_wconf 89' lang='lat' dir='ltr'>sare</span> <span class='ocrx_word' id='word_1_93' title='bbox 324 992 595 1034; x_wconf 88' lang='lat' dir='ltr'>instauratur</span> <span class='ocrx_word' id='word_1_94' title='bbox 627 989 745 1042; x_wconf 77' lang='lat'>(257.</span> <span class='ocrx_word' id='word_1_95' title='bbox 781 991 879 1032; x_wconf 92' lang='grc'>321.</span> <span class='ocrx_word' id='word_1_96' title='bbox 916 989 1033 1042; x_wconf 92' lang='grc'>338).</span> <span class='ocrx_word' id='word_1_97' title='bbox 1097 989 1215 1030; x_wconf 87' lang='lat' dir='ltr'>Idem</span> <span class='ocrx_word' id='word_1_98' title='bbox 1259 1002 1430 1038; x_wconf 86' lang='lat' dir='ltr'>caesar,</span> <span class='ocrx_word' id='word_1_99' title='bbox 1476 988 1718 1042; x_wconf 85' lang='lat' dir='ltr'>complures</span> <span class='ocrx_word' id='word_1_100' title='bbox 1759 987 1962 1041; x_wconf 88' lang='lat' dir='ltr'>episcopi,</span> 
     </span>
     <span class='ocr_line' id='line_1_13' title="bbox 195 1052 1965 1110; baseline -0.003 -11"><span class='ocrx_word' id='word_1_101' title='bbox 195 1057 268 1100; x_wconf 90' lang='lat' dir='ltr'>alii</span> <span class='ocrx_word' id='word_1_102' title='bbox 310 1056 484 1110; x_wconf 90' lang='lat' dir='ltr'>quidam</span> <span class='ocrx_word' id='word_1_103' title='bbox 526 1055 742 1110; x_wconf 85' lang='lat' dir='ltr'>principes</span> <span class='ocrx_word' id='word_1_104' title='bbox 777 1054 1007 1097; x_wconf 81' lang='lat' dir='ltr'>Societatis</span> <span class='ocrx_word' id='word_1_105' title='bbox 1049 1053 1233 1106; x_wconf 88' lang='lat' dir='ltr'>collegia</span> <span class='ocrx_word' id='word_1_106' title='bbox 1265 1054 1335 1095; x_wconf 82' lang='lat' dir='ltr'>vel</span> <span class='ocrx_word' id='word_1_107' title='bbox 1378 1056 1534 1107; x_wconf 88' lang='lat' dir='ltr'>parant</span> <span class='ocrx_word' id='word_1_108' title='bbox 1566 1054 1637 1094; x_wconf 85' lang='lat' dir='ltr'>vel</span> <span class='ocrx_word' id='word_1_109' title='bbox 1674 1053 1758 1094; x_wconf 90' lang='lat' dir='ltr'>iam</span> <span class='ocrx_word' id='word_1_110' title='bbox 1792 1052 1965 1094; x_wconf 92' lang='lat' dir='ltr'>condita</span> 
     </span>
     <span class='ocr_line' id='line_1_14' title="bbox 196 1117 1964 1176; baseline -0.004 -11"><span class='ocrx_word' id='word_1_111' title='bbox 196 1122 484 1176; x_wconf 89' lang='lat' dir='ltr'>amplificant;</span> <span class='ocrx_word' id='word_1_112' title='bbox 529 1121 581 1162; x_wconf 90' lang='lat' dir='ltr'>de</span> <span class='ocrx_word' id='word_1_113' title='bbox 623 1134 708 1173; x_wconf 89' lang='lat' dir='ltr'>qua</span> <span class='ocrx_word' id='word_1_114' title='bbox 749 1134 795 1161; x_wconf 89' lang='lat' dir='ltr'>re</span> <span class='ocrx_word' id='word_1_115' title='bbox 836 1120 965 1174; x_wconf 89' lang='lat' dir='ltr'>paulo</span> <span class='ocrx_word' id='word_1_116' title='bbox 1007 1119 1121 1161; x_wconf 86' lang='lat' dir='ltr'>infra</span> <span class='ocrx_word' id='word_1_117' title='bbox 1162 1119 1286 1173; x_wconf 88' lang='lat' dir='ltr'>plura</span> <span class='ocrx_word' id='word_1_118' title='bbox 1319 1118 1527 1160; x_wconf 90' lang='lat' dir='ltr'>dicentur.</span> <span class='ocrx_word' id='word_1_119' title='bbox 1592 1117 1868 1160; x_wconf 86' lang='lat' dir='ltr'>Universitas</span> <span class='ocrx_word' id='word_1_120' title='bbox 1902 1117 1964 1158; x_wconf 89' lang='lat' dir='ltr'>di-</span> 
     </span>
     <span class='ocr_line' id='line_1_15' title="bbox 195 1182 1965 1240; baseline -0.002 -11"><span class='ocrx_word' id='word_1_121' title='bbox 195 1187 374 1240; x_wconf 88' lang='lat' dir='ltr'>lingana</span> <span class='ocrx_word' id='word_1_122' title='bbox 412 1188 464 1228; x_wconf 87' lang='lat' dir='ltr'>ab</span> <span class='ocrx_word' id='word_1_123' title='bbox 499 1186 661 1228; x_wconf 91' lang='lat' dir='ltr'>Ottone</span> <span class='ocrx_word' id='word_1_124' title='bbox 701 1184 919 1227; x_wconf 85' lang='lat' dir='ltr'>cardinale</span> <span class='ocrx_word' id='word_1_125' title='bbox 952 1185 1209 1237; x_wconf 89' lang='lat' dir='ltr'>Augustano</span> <span class='ocrx_word' id='word_1_126' title='bbox 1242 1184 1444 1226; x_wconf 84' lang='lat' dir='ltr'>instituta</span> <span class='ocrx_word' id='word_1_127' title='bbox 1477 1186 1521 1225; x_wconf 91' lang='lat' dir='ltr'>et</span> <span class='ocrx_word' id='word_1_128' title='bbox 1553 1183 1787 1226; x_wconf 85' lang='lat' dir='ltr'>virtutibus</span> <span class='ocrx_word' id='word_1_129' title='bbox 1821 1185 1865 1224; x_wconf 90' lang='lat' dir='ltr'>et</span> <span class='ocrx_word' id='word_1_130' title='bbox 1897 1182 1965 1225; x_wconf 85' lang='lat' dir='ltr'>lit-</span> 
     </span>
     <span class='ocr_line' id='line_1_16' title="bbox 195 1247 1966 1303; baseline -0.004 -8"><span class='ocrx_word' id='word_1_131' title='bbox 195 1253 303 1295; x_wconf 80' lang='lat' dir='ltr'>teris</span> <span class='ocrx_word' id='word_1_132' title='bbox 344 1253 472 1294; x_wconf 87' lang='lat' dir='ltr'>floret</span> <span class='ocrx_word' id='word_1_133' title='bbox 505 1250 790 1303; x_wconf 81' lang='grc'>(281-282).</span> <span class='ocrx_word' id='word_1_134' title='bbox 856 1250 1092 1303; x_wconf 81' lang='lat' dir='ltr'>Staphylus</span> <span class='ocrx_word' id='word_1_135' title='bbox 1134 1248 1291 1301; x_wconf 88' lang='lat' dir='ltr'>aliique</span> <span class='ocrx_word' id='word_1_136' title='bbox 1334 1248 1453 1290; x_wconf 87' lang='lat' dir='ltr'>libris</span> <span class='ocrx_word' id='word_1_137' title='bbox 1495 1248 1622 1291; x_wconf 86' lang='lat' dir='ltr'>editis</span> <span class='ocrx_word' id='word_1_138' title='bbox 1662 1263 1739 1302; x_wconf 89' lang='lat' dir='ltr'>pro</span> <span class='ocrx_word' id='word_1_139' title='bbox 1785 1247 1966 1289; x_wconf 88' lang='lat' dir='ltr'>ecclesia</span> 
     </span>
     <span class='ocr_line' id='line_1_17' title="bbox 196 1313 1965 1372; baseline -0.003 -13"><span class='ocrx_word' id='word_1_140' title='bbox 196 1320 415 1372; x_wconf 85' lang='lat' dir='ltr'>pugnant;</span> <span class='ocrx_word' id='word_1_141' title='bbox 462 1316 503 1357; x_wconf 91' lang='lat' dir='ltr'>id</span> <span class='ocrx_word' id='word_1_142' title='bbox 537 1317 663 1369; x_wconf 89' lang='lat' dir='ltr'>quod,</span> <span class='ocrx_word' id='word_1_143' title='bbox 697 1329 792 1357; x_wconf 91' lang='lat' dir='ltr'>cum</span> <span class='ocrx_word' id='word_1_144' title='bbox 826 1315 984 1357; x_wconf 87' lang='lat' dir='ltr'>Canisii</span> <span class='ocrx_word' id='word_1_145' title='bbox 1018 1315 1069 1356; x_wconf 90' lang='lat' dir='ltr'>dc</span> <span class='ocrx_word' id='word_1_146' title='bbox 1101 1328 1147 1356; x_wconf 90' lang='lat' dir='ltr'>re</span> <span class='ocrx_word' id='word_1_147' title='bbox 1180 1313 1396 1356; x_wconf 87' lang='lat' dir='ltr'>litteraria</span> <span class='ocrx_word' id='word_1_148' title='bbox 1427 1314 1583 1355; x_wconf 82' lang='lat' dir='ltr'>merita</span> <span class='ocrx_word' id='word_1_149' title='bbox 1614 1314 1965 1361; x_wconf 87' lang='lat' dir='ltr'>recensebuntur,</span> 
     </span>
     <span class='ocr_line' id='line_1_18' title="bbox 198 1377 1967 1436; baseline -0.003 -12"><span class='ocrx_word' id='word_1_150' title='bbox 198 1382 412 1436; x_wconf 89' lang='lat' dir='ltr'>copiosius</span> <span class='ocrx_word' id='word_1_151' title='bbox 454 1381 631 1423; x_wconf 88' lang='lat' dir='ltr'>dicetur.</span> <span class='ocrx_word' id='word_1_152' title='bbox 697 1380 939 1434; x_wconf 89' lang='lat' dir='ltr'>Oeniponte</span> <span class='ocrx_word' id='word_1_153' title='bbox 979 1379 1058 1421; x_wconf 84' lang='lat' dir='ltr'>viri</span> <span class='ocrx_word' id='word_1_154' title='bbox 1101 1379 1301 1421; x_wconf 84' lang='lat' dir='ltr'>catholici</span> <span class='ocrx_word' id='word_1_155' title='bbox 1343 1379 1604 1432; x_wconf 84' lang='lat' dir='ltr'>egregieque</span> <span class='ocrx_word' id='word_1_156' title='bbox 1646 1378 1760 1420; x_wconf 89' lang='lat' dir='ltr'>docti</span> <span class='ocrx_word' id='word_1_157' title='bbox 1800 1377 1967 1419; x_wconf 89' lang='lat' dir='ltr'>iudiciis</span> 
     </span>
     <span class='ocr_line' id='line_1_19' title="bbox 199 1442 1968 1502; baseline -0.003 -13"><span class='ocrx_word' id='word_1_158' title='bbox 199 1450 407 1502; x_wconf 89' lang='lat' dir='ltr'>praesunt</span> <span class='ocrx_word' id='word_1_159' title='bbox 449 1449 492 1488; x_wconf 87' lang='lat' dir='ltr'>et</span> <span class='ocrx_word' id='word_1_160' title='bbox 525 1446 712 1500; x_wconf 88' lang='lat' dir='ltr'>quinque</span> <span class='ocrx_word' id='word_1_161' title='bbox 751 1445 994 1498; x_wconf 80' lang='lat' dir='ltr'>„reginae··‚</span> <span class='ocrx_word' id='word_1_162' title='bbox 1038 1443 1295 1486; x_wconf 84' lang='lat' dir='ltr'>Ferdinandi</span> <span class='ocrx_word' id='word_1_163' title='bbox 1329 1444 1359 1486; x_wconf 91' lang='lat' dir='ltr'>I.</span> <span class='ocrx_word' id='word_1_164' title='bbox 1394 1442 1668 1497; x_wconf 86' lang='lat' dir='ltr'>imperatoris</span> <span class='ocrx_word' id='word_1_165' title='bbox 1699 1443 1835 1493; x_wconf 88' lang='lat' dir='ltr'>filiae,</span> <span class='ocrx_word' id='word_1_166' title='bbox 1878 1442 1968 1496; x_wconf 90' lang='lat' dir='ltr'>pie-</span> 
     </span>
     <span class='ocr_line' id='line_1_20' title="bbox 199 1507 1968 1566; baseline -0.004 -11"><span class='ocrx_word' id='word_1_167' title='bbox 199 1513 306 1556; x_wconf 89' lang='lat' dir='ltr'>tatis</span> <span class='ocrx_word' id='word_1_168' title='bbox 348 1511 557 1566; x_wconf 83' lang='lat' dir='ltr'>exemplis</span> <span class='ocrx_word' id='word_1_169' title='bbox 590 1511 764 1553; x_wconf 88' lang='lat' dir='ltr'>Tirolim</span> <span class='ocrx_word' id='word_1_170' title='bbox 808 1511 1031 1552; x_wconf 89' lang='lat' dir='ltr'>illustrant</span> <span class='ocrx_word' id='word_1_171' title='bbox 1064 1511 1181 1562; x_wconf 72' lang='grc'>(328.</span> <span class='ocrx_word' id='word_1_172' title='bbox 1219 1510 1316 1551; x_wconf 79' lang='grc'>708.</span> <span class='ocrx_word' id='word_1_173' title='bbox 1354 1508 1469 1561; x_wconf 83' lang='grc'>715).</span> <span class='ocrx_word' id='word_1_174' title='bbox 1533 1509 1678 1561; x_wconf 88' lang='lat' dir='ltr'>Atque</span> <span class='ocrx_word' id='word_1_175' title='bbox 1712 1508 1804 1562; x_wconf 87' lang='lat' dir='ltr'>ipse</span> <span class='ocrx_word' id='word_1_176' title='bbox 1837 1507 1968 1550; x_wconf 90' lang='lat' dir='ltr'>etiam</span> 
     </span>
     <span class='ocr_line' id='line_1_21' title="bbox 200 1572 1968 1628; baseline -0.003 -8"><span class='ocrx_word' id='word_1_177' title='bbox 200 1577 524 1620; x_wconf 76' lang='lat' dir='ltr'>Maximilianus</span> <span class='ocrx_word' id='word_1_178' title='bbox 557 1591 705 1618; x_wconf 88' lang='lat' dir='ltr'>earum</span> <span class='ocrx_word' id='word_1_179' title='bbox 738 1575 888 1625; x_wconf 89' lang='lat' dir='ltr'>frater,</span> <span class='ocrx_word' id='word_1_180' title='bbox 923 1576 965 1616; x_wconf 91' lang='lat' dir='ltr'>id</span> <span class='ocrx_word' id='word_1_181' title='bbox 998 1575 1110 1628; x_wconf 87' lang='lat' dir='ltr'>quod</span> <span class='ocrx_word' id='word_1_182' title='bbox 1133 1574 1328 1617; x_wconf 86' lang='lat' dir='ltr'>Canisius</span> <span class='ocrx_word' id='word_1_183' title='bbox 1361 1574 1476 1616; x_wconf 88' lang='lat' dir='ltr'>laeto</span> <span class='ocrx_word' id='word_1_184' title='bbox 1503 1574 1646 1615; x_wconf 88' lang='lat' dir='ltr'>animo</span> <span class='ocrx_word' id='word_1_185' title='bbox 1669 1573 1851 1615; x_wconf 82' lang='lat' dir='ltr'>Romam</span> <span class='ocrx_word' id='word_1_186' title='bbox 1875 1572 1968 1614; x_wconf 81' lang='lat' dir='ltr'>Tri-</span> 
     </span>
     <span class='ocr_line' id='line_1_22' title="bbox 202 1639 1968 1696; baseline -0.003 -11"><span class='ocrx_word' id='word_1_187' title='bbox 202 1644 464 1696; x_wconf 89' lang='lat' dir='ltr'>dentumque</span> <span class='ocrx_word' id='word_1_188' title='bbox 497 1642 654 1691; x_wconf 86' lang='lat' dir='ltr'>refert,</span> <span class='ocrx_word' id='word_1_189' title='bbox 695 1644 740 1684; x_wconf 93' lang='lat' dir='ltr'>et</span> <span class='ocrx_word' id='word_1_190' title='bbox 772 1640 1046 1683; x_wconf 87' lang='lat' dir='ltr'>Francofurti</span> <span class='ocrx_word' id='word_1_191' title='bbox 1079 1640 1133 1682; x_wconf 88' lang='lat' dir='ltr'>ad</span> <span class='ocrx_word' id='word_1_192' title='bbox 1166 1641 1388 1688; x_wconf 85' lang='lat' dir='ltr'>Moenum,</span> <span class='ocrx_word' id='word_1_193' title='bbox 1433 1639 1532 1680; x_wconf 91' lang='lat' dir='ltr'>dum</span> <span class='ocrx_word' id='word_1_194' title='bbox 1566 1653 1642 1680; x_wconf 83' lang='lat' dir='ltr'>rex</span> <span class='ocrx_word' id='word_1_195' title='bbox 1676 1639 1968 1680; x_wconf 82' lang='lat' dir='ltr'>Romanorum</span> 
     </span>
     <span class='ocr_line' id='line_1_23' title="bbox 202 1704 1972 1761; baseline -0.004 -10"><span class='ocrx_word' id='word_1_196' title='bbox 202 1708 390 1761; x_wconf 85' lang='lat' dir='ltr'>eligitur,</span> <span class='ocrx_word' id='word_1_197' title='bbox 425 1707 579 1761; x_wconf 88' lang='lat' dir='ltr'>impias</span> <span class='ocrx_word' id='word_1_198' title='bbox 612 1707 852 1761; x_wconf 88' lang='lat' dir='ltr'>principum</span> <span class='ocrx_word' id='word_1_199' title='bbox 885 1705 1222 1760; x_wconf 85' lang='lat' dir='ltr'>protestantium</span> <span class='ocrx_word' id='word_1_200' title='bbox 1249 1704 1482 1759; x_wconf 84' lang='lat' dir='ltr'>petitiones</span> <span class='ocrx_word' id='word_1_201' title='bbox 1514 1704 1720 1757; x_wconf 80' lang='lat' dir='ltr'>neglegit,</span> <span class='ocrx_word' id='word_1_202' title='bbox 1754 1706 1798 1746; x_wconf 88' lang='lat' dir='ltr'>et</span> <span class='ocrx_word' id='word_1_203' title='bbox 1820 1708 1972 1757; x_wconf 88' lang='lat' dir='ltr'>postea</span> 
     </span>
     <span class='ocr_line' id='line_1_24' title="bbox 202 1768 1971 1826; baseline -0.004 -10"><span class='ocrx_word' id='word_1_204' title='bbox 202 1773 431 1826; x_wconf 84' lang='lat' dir='ltr'>Augustae</span> <span class='ocrx_word' id='word_1_205' title='bbox 473 1772 711 1814; x_wconf 87' lang='lat' dir='ltr'>catholicos</span> <span class='ocrx_word' id='word_1_206' title='bbox 753 1786 856 1826; x_wconf 87' lang='lat' dir='ltr'>prae</span> <span class='ocrx_word' id='word_1_207' title='bbox 899 1785 945 1813; x_wconf 93' lang='lat' dir='ltr'>se</span> <span class='ocrx_word' id='word_1_208' title='bbox 982 1771 1069 1812; x_wconf 89' lang='lat' dir='ltr'>fert</span> <span class='ocrx_word' id='word_1_209' title='bbox 1101 1784 1254 1812; x_wconf 88' lang='lat' dir='ltr'>sensus</span> <span class='ocrx_word' id='word_1_210' title='bbox 1287 1770 1405 1823; x_wconf 74' lang='lat'>(545.</span> <span class='ocrx_word' id='word_1_211' title='bbox 1442 1772 1539 1812; x_wconf 78' lang='grc'>562.</span> <span class='ocrx_word' id='word_1_212' title='bbox 1575 1769 1691 1822; x_wconf 82' lang='grc'>575).</span> <span class='ocrx_word' id='word_1_213' title='bbox 1756 1768 1971 1822; x_wconf 87' lang='lat' dir='ltr'>Imprimis</span> 
     </span>
     <span class='ocr_line' id='line_1_25' title="bbox 204 1834 1972 1888; baseline -0.003 -7"><span class='ocrx_word' id='word_1_214' title='bbox 204 1842 351 1882; x_wconf 88' lang='lat' dir='ltr'>autem</span> <span class='ocrx_word' id='word_1_215' title='bbox 376 1838 582 1879; x_wconf 88' lang='lat' dir='ltr'>Albertus</span> <span class='ocrx_word' id='word_1_216' title='bbox 600 1838 651 1880; x_wconf 85' lang='lat' dir='ltr'>V.</span> <span class='ocrx_word' id='word_1_217' title='bbox 676 1837 892 1879; x_wconf 85' lang='lat' dir='ltr'>Bavariae</span> <span class='ocrx_word' id='word_1_218' title='bbox 925 1837 1013 1878; x_wconf 85' lang='lat' dir='ltr'>dux</span> <span class='ocrx_word' id='word_1_219' title='bbox 1039 1835 1317 1878; x_wconf 85' lang='lat' dir='ltr'>Pancratiuni</span> <span class='ocrx_word' id='word_1_220' title='bbox 1352 1835 1403 1876; x_wconf 88' lang='lat' dir='ltr'>de</span> <span class='ocrx_word' id='word_1_221' title='bbox 1435 1835 1658 1888; x_wconf 85' lang='lat' dir='ltr'>Freyberg</span> <span class='ocrx_word' id='word_1_222' title='bbox 1690 1834 1815 1876; x_wconf 91' lang='lat' dir='ltr'>aulae</span> <span class='ocrx_word' id='word_1_223' title='bbox 1846 1847 1972 1888; x_wconf 89' lang='lat' dir='ltr'>prae-</span> 
     </span>
     <span class='ocr_line' id='line_1_26' title="bbox 204 1898 1971 1958; baseline -0.004 -12"><span class='ocrx_word' id='word_1_224' title='bbox 204 1904 406 1958; x_wconf 78' lang='lat' dir='ltr'>positum,</span> <span class='ocrx_word' id='word_1_225' title='bbox 442 1902 554 1955; x_wconf 90' lang='lat' dir='ltr'>quod</span> <span class='ocrx_word' id='word_1_226' title='bbox 587 1902 944 1956; x_wconf 83' lang='lat' dir='ltr'>protestantismo</span> <span class='ocrx_word' id='word_1_227' title='bbox 977 1901 1285 1955; x_wconf 82' lang='lat' dir='ltr'>patrocinetur,</span> <span class='ocrx_word' id='word_1_228' title='bbox 1322 1901 1484 1942; x_wconf 88' lang='lat' dir='ltr'>honore</span> <span class='ocrx_word' id='word_1_229' title='bbox 1516 1900 1660 1954; x_wconf 86' lang='lat' dir='ltr'>privat</span> <span class='ocrx_word' id='word_1_230' title='bbox 1693 1898 1811 1951; x_wconf 86' lang='grc'>(321.</span> <span class='ocrx_word' id='word_1_231' title='bbox 1845 1898 1971 1951; x_wconf 84' lang='grc'>323);</span> 
     </span>
     <span class='ocr_line' id='line_1_27' title="bbox 206 1964 1974 2021; baseline -0.003 -10"><span class='ocrx_word' id='word_1_232' title='bbox 206 1969 319 2011; x_wconf 87' lang='lat' dir='ltr'>idem</span> <span class='ocrx_word' id='word_1_233' title='bbox 364 1968 418 2010; x_wconf 87' lang='lat' dir='ltr'>ad</span> <span class='ocrx_word' id='word_1_234' title='bbox 460 1980 640 2009; x_wconf 89' lang='lat' dir='ltr'>munera</span> <span class='ocrx_word' id='word_1_235' title='bbox 682 1967 853 2021; x_wconf 88' lang='lat' dir='ltr'>publica</span> <span class='ocrx_word' id='word_1_236' title='bbox 894 1967 1104 2020; x_wconf 86' lang='lat' dir='ltr'>probatae</span> <span class='ocrx_word' id='word_1_237' title='bbox 1146 1969 1318 2008; x_wconf 84' lang='lat' dir='ltr'>tantum</span> <span class='ocrx_word' id='word_1_238' title='bbox 1360 1965 1458 2007; x_wconf 90' lang='lat' dir='ltr'>fidei</span> <span class='ocrx_word' id='word_1_239' title='bbox 1507 1964 1814 2017; x_wconf 86' lang='lat' dir='ltr'>religionisque</span> <span class='ocrx_word' id='word_1_240' title='bbox 1858 1964 1974 2005; x_wconf 87' lang='lat' dir='ltr'>viros</span> 
     </span>
     <span class='ocr_line' id='line_1_28' title="bbox 207 2029 1972 2085; baseline -0.003 -9"><span class='ocrx_word' id='word_1_241' title='bbox 207 2033 440 2076; x_wconf 87' lang='lat' dir='ltr'>admittere</span> <span class='ocrx_word' id='word_1_242' title='bbox 473 2032 629 2075; x_wconf 90' lang='lat' dir='ltr'>statuit</span> <span class='ocrx_word' id='word_1_243' title='bbox 663 2032 779 2085; x_wconf 83' lang='grc'>(87);</span> <span class='ocrx_word' id='word_1_244' title='bbox 825 2032 868 2073; x_wconf 89' lang='lat' dir='ltr'>in</span> <span class='ocrx_word' id='word_1_245' title='bbox 911 2032 1117 2073; x_wconf 86' lang='lat' dir='ltr'>librorum</span> <span class='ocrx_word' id='word_1_246' title='bbox 1160 2030 1409 2072; x_wconf 86' lang='lat' dir='ltr'>venditores</span> <span class='ocrx_word' id='word_1_247' title='bbox 1450 2030 1562 2072; x_wconf 90' lang='lat' dir='ltr'>serio</span> <span class='ocrx_word' id='word_1_248' title='bbox 1603 2029 1806 2082; x_wconf 87' lang='lat' dir='ltr'>invigilat</span> <span class='ocrx_word' id='word_1_249' title='bbox 1827 2029 1972 2082; x_wconf 84' lang='lat'>(410);</span> 
     </span>
     <span class='ocr_line' id='line_1_29' title="bbox 208 2094 1975 2152; baseline -0.003 -12"><span class='ocrx_word' id='word_1_250' title='bbox 208 2113 259 2141; x_wconf 90' lang='lat' dir='ltr'>ac</span> <span class='ocrx_word' id='word_1_251' title='bbox 291 2101 522 2152; x_wconf 88' lang='lat' dir='ltr'>postquam</span> <span class='ocrx_word' id='word_1_252' title='bbox 556 2097 780 2150; x_wconf 88' lang='lat' dir='ltr'>Neoburgi</span> <span class='ocrx_word' id='word_1_253' title='bbox 813 2097 926 2151; x_wconf 89' lang='lat' dir='ltr'>apud</span> <span class='ocrx_word' id='word_1_254' title='bbox 953 2097 1267 2149; x_wconf 66' lang='lat' dir='ltr'>VVolfgangum</span> <span class='ocrx_word' id='word_1_255' title='bbox 1301 2095 1546 2137; x_wconf 89' lang='lat' dir='ltr'>Palatinum</span> <span class='ocrx_word' id='word_1_256' title='bbox 1581 2095 1730 2136; x_wconf 89' lang='lat' dir='ltr'>ducem</span> <span class='ocrx_word' id='word_1_257' title='bbox 1765 2094 1844 2136; x_wconf 91' lang='lat' dir='ltr'>sibi</span> <span class='ocrx_word' id='word_1_258' title='bbox 1877 2108 1975 2148; x_wconf 89' lang='lat' dir='ltr'>pro-</span> 
     </span>
     <span class='ocr_line' id='line_1_30' title="bbox 208 2158 1976 2219; baseline -0.003 -14"><span class='ocrx_word' id='word_1_259' title='bbox 208 2164 414 2219; x_wconf 88' lang='lat' dir='ltr'>pinquum</span> <span class='ocrx_word' id='word_1_260' title='bbox 457 2162 778 2205; x_wconf 87' lang='lat' dir='ltr'>contionantem</span> <span class='ocrx_word' id='word_1_261' title='bbox 821 2162 988 2204; x_wconf 87' lang='lat' dir='ltr'>audivit</span> <span class='ocrx_word' id='word_1_262' title='bbox 1020 2162 1285 2203; x_wconf 90' lang='lat' dir='ltr'>Phauserum</span> <span class='ocrx_word' id='word_1_263' title='bbox 1327 2161 1624 2210; x_wconf 89' lang='lat' dir='ltr'>lutheranum‚</span> <span class='ocrx_word' id='word_1_264' title='bbox 1668 2159 1799 2202; x_wconf 89' lang='lat' dir='ltr'>etiam</span> <span class='ocrx_word' id='word_1_265' title='bbox 1836 2158 1976 2212; x_wconf 88' lang='lat' dir='ltr'>magis</span> 
     </span>
     <span class='ocr_line' id='line_1_31' title="bbox 210 2225 1975 2281; baseline -0.003 -10"><span class='ocrx_word' id='word_1_266' title='bbox 210 2228 450 2271; x_wconf 90' lang='lat' dir='ltr'>catholicus</span> <span class='ocrx_word' id='word_1_267' title='bbox 484 2227 657 2269; x_wconf 90' lang='lat' dir='ltr'>domum</span> <span class='ocrx_word' id='word_1_268' title='bbox 689 2227 823 2277; x_wconf 79' lang='lat' dir='ltr'>redit,</span> <span class='ocrx_word' id='word_1_269' title='bbox 863 2227 1120 2281; x_wconf 81' lang='lat' dir='ltr'>Staphylum</span> <span class='ocrx_word' id='word_1_270' title='bbox 1155 2229 1198 2268; x_wconf 87' lang='lat' dir='ltr'>et</span> <span class='ocrx_word' id='word_1_271' title='bbox 1230 2225 1577 2279; x_wconf 89' lang='lat' dir='ltr'>Eisengreinium</span> <span class='ocrx_word' id='word_1_272' title='bbox 1609 2227 1862 2267; x_wconf 89' lang='lat' dir='ltr'>muneratur</span> <span class='ocrx_word' id='word_1_273' title='bbox 1894 2228 1975 2267; x_wconf 87' lang='lat' dir='ltr'>etc.</span> 
     </span>
     <span class='ocr_line' id='line_1_32' title="bbox 210 2289 1975 2347; baseline -0.002 -11"><span class='ocrx_word' id='word_1_274' title='bbox 210 2293 496 2347; x_wconf 82' lang='grc'>(320-321).</span> <span class='ocrx_word' id='word_1_275' title='bbox 559 2294 705 2345; x_wconf 87' lang='lat' dir='ltr'>Atque</span> <span class='ocrx_word' id='word_1_276' title='bbox 746 2293 877 2334; x_wconf 88' lang='lat' dir='ltr'>etiam</span> <span class='ocrx_word' id='word_1_277' title='bbox 919 2292 1020 2334; x_wconf 89' lang='lat' dir='ltr'>Pius</span> <span class='ocrx_word' id='word_1_278' title='bbox 1061 2292 1135 2334; x_wconf 88' lang='lat' dir='ltr'>IV.</span> <span class='ocrx_word' id='word_1_279' title='bbox 1182 2290 1463 2342; x_wconf 81' lang='lat' dir='ltr'>„Germaniae</span> <span class='ocrx_word' id='word_1_280' title='bbox 1503 2290 1621 2344; x_wconf 91' lang='lat' dir='ltr'>cupit</span> <span class='ocrx_word' id='word_1_281' title='bbox 1665 2290 1848 2344; x_wconf 79' lang='lat' dir='ltr'>optime“</span> <span class='ocrx_word' id='word_1_282' title='bbox 1888 2289 1975 2341; x_wconf 82' lang='lat'>(23.</span> 
     </span>
     <span class='ocr_line' id='line_1_33' title="bbox 213 2354 1977 2411; baseline -0.003 -10"><span class='ocrx_word' id='word_1_283' title='bbox 213 2361 281 2401; x_wconf 78' lang='lat'>75.</span> <span class='ocrx_word' id='word_1_284' title='bbox 325 2358 443 2411; x_wconf 83' lang='grc'>502).</span> <span class='ocrx_word' id='word_1_285' title='bbox 508 2357 609 2408; x_wconf 83' lang='lat' dir='ltr'>Qui,</span> <span class='ocrx_word' id='word_1_286' title='bbox 660 2360 707 2400; x_wconf 90' lang='lat' dir='ltr'>ut</span> <span class='ocrx_word' id='word_1_287' title='bbox 754 2357 949 2399; x_wconf 87' lang='lat' dir='ltr'>Canisius</span> <span class='ocrx_word' id='word_1_288' title='bbox 997 2371 1081 2398; x_wconf 91' lang='lat' dir='ltr'>non</span> <span class='ocrx_word' id='word_1_289' title='bbox 1130 2357 1222 2398; x_wconf 84' lang='lat' dir='ltr'>sine</span> <span class='ocrx_word' id='word_1_290' title='bbox 1269 2356 1415 2409; x_wconf 91' lang='lat' dir='ltr'>gaudii</span> <span class='ocrx_word' id='word_1_291' title='bbox 1457 2355 1773 2408; x_wconf 89' lang='lat' dir='ltr'>significatione</span> <span class='ocrx_word' id='word_1_292' title='bbox 1814 2354 1977 2405; x_wconf 87' lang='lat' dir='ltr'>scribit,</span> 
     </span>
     <span class='ocr_line' id='line_1_34' title="bbox 211 2419 1978 2474; baseline -0.002 -9"><span class='ocrx_word' id='word_1_293' title='bbox 211 2437 436 2465; x_wconf 89' lang='lat' dir='ltr'>romanam</span> <span class='ocrx_word' id='word_1_294' title='bbox 477 2422 689 2465; x_wconf 88' lang='lat' dir='ltr'>reformat</span> <span class='ocrx_word' id='word_1_295' title='bbox 730 2422 893 2464; x_wconf 87' lang='lat' dir='ltr'>curiam</span> <span class='ocrx_word' id='word_1_296' title='bbox 927 2423 1045 2474; x_wconf 78' lang='lat'>(330.</span> <span class='ocrx_word' id='word_1_297' title='bbox 1080 2423 1206 2472; x_wconf 84' lang='grc'>516),</span> <span class='ocrx_word' id='word_1_298' title='bbox 1249 2425 1293 2463; x_wconf 87' lang='lat' dir='ltr'>et</span> <span class='ocrx_word' id='word_1_299' title='bbox 1334 2435 1359 2463; x_wconf 92' lang='lat' dir='ltr'>a</span> <span class='ocrx_word' id='word_1_300' title='bbox 1400 2420 1549 2463; x_wconf 92' lang='lat' dir='ltr'>Lainio</span> <span class='ocrx_word' id='word_1_301' title='bbox 1592 2419 1821 2462; x_wconf 85' lang='lat' dir='ltr'>Societatis</span> <span class='ocrx_word' id='word_1_302' title='bbox 1853 2434 1978 2474; x_wconf 88' lang='lat' dir='ltr'>prae-</span> 
     </span>
     <span class='ocr_line' id='line_1_35' title="bbox 213 2485 1979 2543; baseline -0.002 -13"><span class='ocrx_word' id='word_1_303' title='bbox 213 2488 378 2543; x_wconf 88' lang='lat' dir='ltr'>posito,</span> <span class='ocrx_word' id='word_1_304' title='bbox 422 2490 470 2530; x_wconf 88' lang='lat' dir='ltr'>ut</span> <span class='ocrx_word' id='word_1_305' title='bbox 508 2487 746 2537; x_wconf 83' lang='lat' dir='ltr'>„Indicem“</span> <span class='ocrx_word' id='word_1_306' title='bbox 782 2487 989 2529; x_wconf 85' lang='lat' dir='ltr'>librorum</span> <span class='ocrx_word' id='word_1_307' title='bbox 1021 2487 1334 2541; x_wconf 89' lang='lat' dir='ltr'>prohibitorum</span> <span class='ocrx_word' id='word_1_308' title='bbox 1373 2486 1450 2536; x_wconf 88' lang='lat' dir='ltr'>„ad</span> <span class='ocrx_word' id='word_1_309' title='bbox 1481 2486 1547 2527; x_wconf 89' lang='lat' dir='ltr'>ius</span> <span class='ocrx_word' id='word_1_310' title='bbox 1589 2498 1813 2527; x_wconf 87' lang='lat' dir='ltr'>commune</span> <span class='ocrx_word' id='word_1_311' title='bbox 1852 2485 1979 2526; x_wconf 88' lang='lat' dir='ltr'>redu-</span> 
     </span>
     <span class='ocr_line' id='line_1_36' title="bbox 215 2549 1980 2605; baseline -0.003 -9"><span class='ocrx_word' id='word_1_312' title='bbox 215 2555 358 2596; x_wconf 86' lang='lat' dir='ltr'>ceret“</span> <span class='ocrx_word' id='word_1_313' title='bbox 397 2552 664 2602; x_wconf 88' lang='lat' dir='ltr'>admonitus,</span> <span class='ocrx_word' id='word_1_314' title='bbox 707 2554 878 2594; x_wconf 89' lang='lat' dir='ltr'>coetum</span> <span class='ocrx_word' id='word_1_315' title='bbox 919 2552 1036 2605; x_wconf 85' lang='lat' dir='ltr'>cogit</span> <span class='ocrx_word' id='word_1_316' title='bbox 1069 2552 1352 2594; x_wconf 87' lang='lat' dir='ltr'>cardinalium</span> <span class='ocrx_word' id='word_1_317' title='bbox 1386 2553 1430 2594; x_wconf 91' lang='lat' dir='ltr'>et</span> <span class='ocrx_word' id='word_1_318' title='bbox 1460 2550 1762 2603; x_wconf 80' lang='lat' dir='ltr'>theologorum</span> <span class='ocrx_word' id='word_1_319' title='bbox 1795 2573 1850 2578; x_wconf 82' lang='lat'>—-</span> <span class='ocrx_word' id='word_1_320' title='bbox 1882 2549 1980 2591; x_wconf 87' lang='lat' dir='ltr'>Lai-</span> 
     </span>
     <span class='ocr_line' id='line_1_37' title="bbox 214 2614 1979 2671; baseline -0.003 -11"><span class='ocrx_word' id='word_1_321' title='bbox 214 2618 311 2660; x_wconf 90' lang='lat' dir='ltr'>nius</span> <span class='ocrx_word' id='word_1_322' title='bbox 343 2618 458 2659; x_wconf 88' lang='lat' dir='ltr'>inter</span> <span class='ocrx_word' id='word_1_323' title='bbox 489 2631 562 2659; x_wconf 88' lang='lat' dir='ltr'>eos</span> <span class='ocrx_word' id='word_1_324' title='bbox 595 2620 819 2671; x_wconf 88' lang='lat' dir='ltr'>comparet</span> <span class='ocrx_word' id='word_1_325' title='bbox 840 2643 911 2668; x_wconf 90' lang='lat'>—,</span> <span class='ocrx_word' id='word_1_326' title='bbox 943 2617 988 2658; x_wconf 91' lang='lat' dir='ltr'>in</span> <span class='ocrx_word' id='word_1_327' title='bbox 1021 2631 1102 2670; x_wconf 89' lang='lat' dir='ltr'>quo</span> <span class='ocrx_word' id='word_1_328' title='bbox 1136 2632 1190 2659; x_wconf 90' lang='lat' dir='ltr'>m.</span> <span class='ocrx_word' id='word_1_329' title='bbox 1225 2616 1460 2658; x_wconf 88' lang='lat' dir='ltr'>Februario</span> <span class='ocrx_word' id='word_1_330' title='bbox 1493 2630 1531 2658; x_wconf 93' lang='lat' dir='ltr'>a.</span> <span class='ocrx_word' id='word_1_331' title='bbox 1566 2617 1674 2656; x_wconf 85' lang='lat'>1561</span> <span class='ocrx_word' id='word_1_332' title='bbox 1711 2628 1854 2656; x_wconf 87' lang='lat' dir='ltr'>coram</span> <span class='ocrx_word' id='word_1_333' title='bbox 1887 2614 1979 2669; x_wconf 88' lang='lat' dir='ltr'>ipso</span> 
     </span>
     <span class='ocr_line' id='line_1_38' title="bbox 215 2679 1981 2738; baseline -0.002 -13"><span class='ocrx_word' id='word_1_334' title='bbox 215 2682 420 2738; x_wconf 89' lang='lat' dir='ltr'>pontifice</span> <span class='ocrx_word' id='word_1_335' title='bbox 465 2683 517 2724; x_wconf 92' lang='lat' dir='ltr'>de</span> <span class='ocrx_word' id='word_1_336' title='bbox 562 2682 707 2724; x_wconf 89' lang='lat' dir='ltr'>Indice</span> <span class='ocrx_word' id='word_1_337' title='bbox 753 2682 1030 2724; x_wconf 89' lang='lat' dir='ltr'>reformando</span> <span class='ocrx_word' id='word_1_338' title='bbox 1085 2681 1157 2735; x_wconf 91' lang='lat' dir='ltr'>agi</span> <span class='ocrx_word' id='word_1_339' title='bbox 1208 2681 1412 2735; x_wconf 87' lang='lat' dir='ltr'>incipitur</span> <span class='ocrx_word' id='word_1_340' title='bbox 1453 2681 1540 2734; x_wconf 81' lang='lat'>(27.</span> <span class='ocrx_word' id='word_1_341' title='bbox 1585 2680 1673 2733; x_wconf 82' lang='lat'>48).</span> <span class='ocrx_word' id='word_1_342' title='bbox 1745 2679 1981 2721; x_wconf 83' lang='lat' dir='ltr'>Maximum</span> 
     </span>
     <span class='ocr_line' id='line_1_39' title="bbox 218 2744 1981 2801; baseline -0.002 -12"><span class='ocrx_word' id='word_1_343' title='bbox 218 2751 366 2790; x_wconf 91' lang='lat' dir='ltr'>autem</span> <span class='ocrx_word' id='word_1_344' title='bbox 389 2746 647 2789; x_wconf 86' lang='lat' dir='ltr'>Germaniae</span> <span class='ocrx_word' id='word_1_345' title='bbox 679 2747 916 2788; x_wconf 86' lang='lat' dir='ltr'>subsidium</span> <span class='ocrx_word' id='word_1_346' title='bbox 949 2761 975 2789; x_wconf 91' lang='lat' dir='ltr'>a</span> <span class='ocrx_word' id='word_1_347' title='bbox 996 2747 1072 2788; x_wconf 90' lang='lat' dir='ltr'>Pio</span> <span class='ocrx_word' id='word_1_348' title='bbox 1095 2747 1170 2789; x_wconf 89' lang='lat' dir='ltr'>IV.</span> <span class='ocrx_word' id='word_1_349' title='bbox 1203 2746 1447 2801; x_wconf 89' lang='lat' dir='ltr'>praebitum</span> <span class='ocrx_word' id='word_1_350' title='bbox 1480 2748 1559 2795; x_wconf 88' lang='lat' dir='ltr'>est,</span> <span class='ocrx_word' id='word_1_351' title='bbox 1594 2758 1689 2786; x_wconf 88' lang='lat' dir='ltr'>cum</span> <span class='ocrx_word' id='word_1_352' title='bbox 1723 2744 1814 2786; x_wconf 90' lang='lat' dir='ltr'>eius</span> <span class='ocrx_word' id='word_1_353' title='bbox 1837 2758 1981 2799; x_wconf 89' lang='lat' dir='ltr'>opera,</span> 
     </span>
     <span class='ocr_line' id='line_1_40' title="bbox 217 2810 1983 2867; baseline -0.002 -14"><span class='ocrx_word' id='word_1_354' title='bbox 217 2811 414 2867; x_wconf 88' lang='lat' dir='ltr'>plurimis</span> <span class='ocrx_word' id='word_1_355' title='bbox 456 2811 786 2854; x_wconf 87' lang='lat' dir='ltr'>difficultatibus</span> <span class='ocrx_word' id='word_1_356' title='bbox 827 2812 1066 2866; x_wconf 88' lang='lat' dir='ltr'>superatis,</span> <span class='ocrx_word' id='word_1_357' title='bbox 1111 2811 1336 2853; x_wconf 88' lang='lat' dir='ltr'>concilium</span> <span class='ocrx_word' id='word_1_358' title='bbox 1377 2810 1661 2853; x_wconf 85' lang='lat' dir='ltr'>tridentinum</span> <span class='ocrx_word' id='word_1_359' title='bbox 1703 2810 1840 2851; x_wconf 91' lang='lat' dir='ltr'>denuo</span> <span class='ocrx_word' id='word_1_360' title='bbox 1883 2823 1983 2851; x_wconf 91' lang='lat' dir='ltr'>con-</span> 
     </span>
     <span class='ocr_line' id='line_1_41' title="bbox 219 2879 564 2930; baseline 0.003 -12"><span class='ocrx_word' id='word_1_361' title='bbox 219 2879 451 2930; x_wconf 86' lang='lat' dir='ltr'>gregatum</span> <span class='ocrx_word' id='word_1_362' title='bbox 484 2880 564 2919; x_wconf 91' lang='lat' dir='ltr'>est.</span> 
     </span>
    </p>

    <p class='ocr_par' dir='ltr' id='par_1_4' title="bbox 221 2938 1987 3254">
     <span class='ocr_line' id='line_1_42' title="bbox 339 2938 1983 2995; baseline -0.002 -13"><span class='ocrx_word' id='word_1_363' title='bbox 339 2942 404 2982; x_wconf 89' lang='lat' dir='ltr'>De</span> <span class='ocrx_word' id='word_1_364' title='bbox 437 2941 702 2995; x_wconf 92' lang='lat' dir='ltr'>epistulis</span> <span class='ocrx_word' id='word_1_365' title='bbox 740 2941 1219 2994; x_wconf 88' lang='lat' dir='ltr'>monumentisque</span> <span class='ocrx_word' id='word_1_366' title='bbox 1256 2939 1611 2990; x_wconf 86' lang='lat' dir='ltr'>tridentinis,</span> <span class='ocrx_word' id='word_1_367' title='bbox 1646 2952 1756 2991; x_wconf 87' lang='lat' dir='ltr'>quae</span> <span class='ocrx_word' id='word_1_368' title='bbox 1786 2938 1854 2979; x_wconf 90' lang='lat' dir='ltr'>hic</span> <span class='ocrx_word' id='word_1_369' title='bbox 1884 2951 1983 2992; x_wconf 90' lang='lat' dir='ltr'>pro-</span> 
     </span>
     <span class='ocr_line' id='line_1_43' title="bbox 221 3002 1985 3059; baseline -0.002 -13"><span class='ocrx_word' id='word_1_370' title='bbox 221 3008 452 3059; x_wconf 89' lang='lat' dir='ltr'>ponuntur,</span> <span class='ocrx_word' id='word_1_371' title='bbox 486 3008 534 3048; x_wconf 90' lang='lat' dir='ltr'>ut</span> <span class='ocrx_word' id='word_1_372' title='bbox 566 3009 685 3049; x_wconf 86' lang='lat' dir='ltr'>recte</span> <span class='ocrx_word' id='word_1_373' title='bbox 716 3006 891 3056; x_wconf 90' lang='lat' dir='ltr'>iudices,</span> <span class='ocrx_word' id='word_1_374' title='bbox 925 3006 1132 3049; x_wconf 90' lang='lat' dir='ltr'>advertas</span> <span class='ocrx_word' id='word_1_375' title='bbox 1163 3005 1307 3056; x_wconf 88' lang='lat' dir='ltr'>velim,</span> <span class='ocrx_word' id='word_1_376' title='bbox 1346 3005 1448 3058; x_wconf 91' lang='lat' dir='ltr'>quid</span> <span class='ocrx_word' id='word_1_377' title='bbox 1479 3004 1533 3046; x_wconf 92' lang='lat' dir='ltr'>ad</span> <span class='ocrx_word' id='word_1_378' title='bbox 1566 3017 1618 3045; x_wconf 88' lang='lat' dir='ltr'>ea</span> <span class='ocrx_word' id='word_1_379' title='bbox 1649 3002 1874 3045; x_wconf 90' lang='lat' dir='ltr'>scribenda</span> <span class='ocrx_word' id='word_1_380' title='bbox 1905 3003 1985 3044; x_wconf 90' lang='lat' dir='ltr'>im-</span> 
     </span>
     <span class='ocr_line' id='line_1_44' title="bbox 222 3066 1986 3125; baseline -0.002 -15"><span class='ocrx_word' id='word_1_381' title='bbox 222 3069 393 3122; x_wconf 87' lang='lat' dir='ltr'>pulerit.</span> <span class='ocrx_word' id='word_1_382' title='bbox 439 3069 539 3112; x_wconf 91' lang='lat' dir='ltr'>Non</span> <span class='ocrx_word' id='word_1_383' title='bbox 571 3071 698 3121; x_wconf 88' lang='lat' dir='ltr'>enim,</span> <span class='ocrx_word' id='word_1_384' title='bbox 732 3071 804 3124; x_wconf 90' lang='lat' dir='ltr'>qui</span> <span class='ocrx_word' id='word_1_385' title='bbox 836 3071 1046 3125; x_wconf 89' lang='lat' dir='ltr'>epistulas</span> <span class='ocrx_word' id='word_1_386' title='bbox 1068 3071 1198 3112; x_wconf 86' lang='lat' dir='ltr'>hasce</span> <span class='ocrx_word' id='word_1_387' title='bbox 1221 3070 1444 3119; x_wconf 87' lang='lat' dir='ltr'>dederunt,</span> <span class='ocrx_word' id='word_1_388' title='bbox 1477 3068 1582 3109; x_wconf 86' lang='lat' dir='ltr'>illud</span> <span class='ocrx_word' id='word_1_389' title='bbox 1614 3067 1693 3108; x_wconf 89' lang='lat' dir='ltr'>sibi</span> <span class='ocrx_word' id='word_1_390' title='bbox 1715 3066 1986 3121; x_wconf 87' lang='lat' dir='ltr'>potissimum</span> 
     </span>
     <span class='ocr_line' id='line_1_45' title="bbox 222 3131 1986 3187; baseline -0.001 -13"><span class='ocrx_word' id='word_1_391' title='bbox 222 3137 553 3187; x_wconf 89' lang='lat' dir='ltr'>proposuerant,</span> <span class='ocrx_word' id='word_1_392' title='bbox 587 3137 635 3177; x_wconf 88' lang='lat' dir='ltr'>ut</span> <span class='ocrx_word' id='word_1_393' title='bbox 666 3135 892 3178; x_wconf 89' lang='lat' dir='ltr'>historiam</span> <span class='ocrx_word' id='word_1_394' title='bbox 925 3135 1094 3177; x_wconf 91' lang='lat' dir='ltr'>concilii</span> <span class='ocrx_word' id='word_1_395' title='bbox 1125 3135 1317 3177; x_wconf 89' lang='lat' dir='ltr'>universi</span> <span class='ocrx_word' id='word_1_396' title='bbox 1348 3135 1599 3182; x_wconf 88' lang='lat' dir='ltr'>narrarent;</span> <span class='ocrx_word' id='word_1_397' title='bbox 1635 3131 1710 3173; x_wconf 90' lang='lat' dir='ltr'>sed</span> <span class='ocrx_word' id='word_1_398' title='bbox 1741 3131 1886 3185; x_wconf 89' lang='lat' dir='ltr'>potius</span> <span class='ocrx_word' id='word_1_399' title='bbox 1917 3145 1986 3173; x_wconf 90' lang='lat' dir='ltr'>res</span> 
     </span>
     <span class='ocr_line' id='line_1_46' title="bbox 225 3195 1987 3254; baseline 0.001 -17"><span class='ocrx_word' id='word_1_400' title='bbox 225 3210 253 3238; x_wconf 90' lang='lat' dir='ltr'>a</span> <span class='ocrx_word' id='word_1_401' title='bbox 283 3197 432 3239; x_wconf 89' lang='lat' dir='ltr'>Lainio</span> <span class='ocrx_word' id='word_1_402' title='bbox 467 3199 697 3242; x_wconf 74' lang='lat' dir='ltr'>Societatis</span> <span class='ocrx_word' id='word_1_403' title='bbox 729 3200 978 3254; x_wconf 86' lang='lat' dir='ltr'>praeposito</span> <span class='ocrx_word' id='word_1_404' title='bbox 1011 3200 1192 3253; x_wconf 88' lang='lat' dir='ltr'>aliisque</span> <span class='ocrx_word' id='word_1_405' title='bbox 1223 3198 1463 3252; x_wconf 89' lang='lat' dir='ltr'>insignibus</span> <span class='ocrx_word' id='word_1_406' title='bbox 1496 3195 1725 3240; x_wconf 80' lang='lat' dir='ltr'>Societatis</span> <span class='ocrx_word' id='word_1_407' title='bbox 1757 3195 1861 3237; x_wconf 89' lang='lat' dir='ltr'>viris</span> <span class='ocrx_word' id='word_1_408' title='bbox 1893 3195 1987 3238; x_wconf 87' lang='lat' dir='ltr'>Tri-</span> 
     </span>
    </p>
   </div>
  </div>
 </body>
</html>
