<?xml version="1.0" encoding="UTF-8"?>
<!DOCTYPE html PUBLIC "-//W3C//DTD XHTML 1.0 Transitional//EN"
    "http://www.w3.org/TR/xhtml1/DTD/xhtml1-transitional.dtd">
<html xmlns="http://www.w3.org/1999/xhtml" xml:lang="en" lang="en">
 <head>
  <title>
</title>
<meta http-equiv="Content-Type" content="text/html;charset=utf-8" />
  <meta name='ocr-system' content='tesseract 3.04.00' />
  <meta name='ocr-capabilities' content='ocr_page ocr_carea ocr_par ocr_line ocrx_word'/>
</head>
<body>
  <div class='ocr_page' id='page_1' title='image "beatipetricanisi03cani_0530.png"; bbox 0 0 2093 3444; ppageno 0'>
   <div class='ocr_carea' id='block_1_1' title="bbox 225 197 1792 243">
    <p class='ocr_par' dir='ltr' id='par_1_1' title="bbox 225 197 1792 243">
     <span class='ocr_line' id='line_1_1' title="bbox 225 197 1792 243; baseline -0.001 -10"><span class='ocrx_word' id='word_1_1' title='bbox 225 203 312 243; x_wconf 82' lang='lat'>454</span> <span class='ocrx_word' id='word_1_2' title='bbox 428 199 509 233; x_wconf 81' lang='lat'>693.</span> <span class='ocrx_word' id='word_1_3' title='bbox 546 198 711 233; x_wconf 87' lang='lat' dir='ltr'>Canisius</span> <span class='ocrx_word' id='word_1_4' title='bbox 738 198 869 233; x_wconf 85' lang='lat' dir='ltr'>Sancto</span> <span class='ocrx_word' id='word_1_5' title='bbox 894 197 1086 232; x_wconf 87' lang='lat' dir='ltr'>Francisco</span> <span class='ocrx_word' id='word_1_6' title='bbox 1112 197 1277 241; x_wconf 78' lang='lat' dir='ltr'>Boi-giae.</span> <span class='ocrx_word' id='word_1_7' title='bbox 1316 197 1486 232; x_wconf 87' lang='lat' dir='ltr'>Tridento</span> <span class='ocrx_word' id='word_1_8' title='bbox 1514 198 1543 233; x_wconf 93' lang='lat'>1.</span> <span class='ocrx_word' id='word_1_9' title='bbox 1570 198 1663 232; x_wconf 91' lang='lat' dir='ltr'>Iunii</span> <span class='ocrx_word' id='word_1_10' title='bbox 1690 199 1792 232; x_wconf 82' lang='lat'>1562.</span> 
     </span>
    </p>
   </div>
   <div class='ocr_carea' id='block_1_2' title="bbox 1098 317 1126 368">
    <p class='ocr_par' dir='ltr' id='par_1_2' title="bbox 1098 317 1126 368">
     <span class='ocr_line' id='line_1_2' title="bbox 1098 317 1126 368; baseline 0 -31"><span class='ocrx_word' id='word_1_11' title='bbox 1098 317 1126 368; x_wconf 64' lang='lat'><strong>†</strong></span> 
     </span>
    </p>
   </div>
   <div class='ocr_carea' id='block_1_3' title="bbox 619 403 1610 447">
    <p class='ocr_par' dir='ltr' id='par_1_3' title="bbox 619 403 1610 447">
     <span class='ocr_line' id='line_1_3' title="bbox 619 403 1610 447; baseline -0.002 0"><span class='ocrx_word' id='word_1_12' title='bbox 619 406 713 447; x_wconf 81' lang='lat' dir='ltr'>Pax</span> <span class='ocrx_word' id='word_1_13' title='bbox 745 404 903 447; x_wconf 89' lang='lat' dir='ltr'>Christi</span> <span class='ocrx_word' id='word_1_14' title='bbox 935 404 1157 446; x_wconf 85' lang='lat' dir='ltr'>nobiscum</span> <span class='ocrx_word' id='word_1_15' title='bbox 1190 403 1446 446; x_wconf 88' lang='lat' dir='ltr'>Reuerende</span> <span class='ocrx_word' id='word_1_16' title='bbox 1477 404 1610 447; x_wconf 89' lang='lat' dir='ltr'>Pater</span> 
     </span>
    </p>
   </div>
   <div class='ocr_carea' id='block_1_4' title="bbox 225 492 2003 2297">
    <p class='ocr_par' dir='ltr' id='par_1_4' title="bbox 225 492 2001 929">
     <span class='ocr_line' id='line_1_4' title="bbox 346 492 1998 549; baseline 0 -13"><span class='ocrx_word' id='word_1_17' title='bbox 346 494 683 537; x_wconf 86' lang='lat' dir='ltr'>Consolatus</span> <span class='ocrx_word' id='word_1_18' title='bbox 725 495 811 535; x_wconf 92' lang='lat' dir='ltr'>est</span> <span class='ocrx_word' id='word_1_19' title='bbox 850 507 946 534; x_wconf 89' lang='lat' dir='ltr'>nos</span> <span class='ocrx_word' id='word_1_20' title='bbox 978 492 1240 535; x_wconf 89' lang='lat' dir='ltr'>Dominus</span> <span class='ocrx_word' id='word_1_21' title='bbox 1282 493 1557 534; x_wconf 80' lang='lat' dir='ltr'>aduentu1</span> <span class='ocrx_word' id='word_1_22' title='bbox 1589 493 1754 536; x_wconf 88' lang='lat' dir='ltr'>tamdiu</span> <span class='ocrx_word' id='word_1_23' title='bbox 1788 496 1998 549; x_wconf 86' lang='lat' dir='ltr'>exoptato</span> 
     </span>
     <span class='ocr_line' id='line_1_5' title="bbox 226 557 1999 613; baseline -0.001 -11"><span class='ocrx_word' id='word_1_24' title='bbox 226 560 277 603; x_wconf 88' lang='lat' dir='ltr'>R.</span> <span class='ocrx_word' id='word_1_25' title='bbox 312 560 358 603; x_wconf 92' lang='lat' dir='ltr'>P.</span> <span class='ocrx_word' id='word_1_26' title='bbox 392 559 615 611; x_wconf 84' lang='lat' dir='ltr'>Alfonsi2‚</span> <span class='ocrx_word' id='word_1_27' title='bbox 656 561 700 601; x_wconf 91' lang='lat' dir='ltr'>et</span> <span class='ocrx_word' id='word_1_28' title='bbox 732 557 1026 600; x_wconf 74' lang='lat' dir='ltr'>consolabitur</span> <span class='ocrx_word' id='word_1_29' title='bbox 1057 558 1218 611; x_wconf 81' lang='lat' dir='ltr'>magis,</span> <span class='ocrx_word' id='word_1_30' title='bbox 1263 571 1359 599; x_wconf 89' lang='lat' dir='ltr'>cum</span> <span class='ocrx_word' id='word_1_31' title='bbox 1392 557 1442 601; x_wconf 82' lang='lat' dir='ltr'>R.</span> <span class='ocrx_word' id='word_1_32' title='bbox 1477 558 1609 599; x_wconf 87' lang='lat' dir='ltr'>Pater</span> <span class='ocrx_word' id='word_1_33' title='bbox 1641 561 1685 601; x_wconf 92' lang='lat' dir='ltr'>et</span> <span class='ocrx_word' id='word_1_34' title='bbox 1716 559 1999 613; x_wconf 73' lang='lat' dir='ltr'>praepositus</span> 
     </span>
     <span class='ocr_line' id='line_1_6' title="bbox 225 622 2000 679; baseline -0.001 -12"><span class='ocrx_word' id='word_1_35' title='bbox 225 628 376 668; x_wconf 88' lang='lat' dir='ltr'>noster</span> <span class='ocrx_word' id='word_1_36' title='bbox 408 639 463 666; x_wconf 78' lang='lat' dir='ltr'>ex</span> <span class='ocrx_word' id='word_1_37' title='bbox 497 624 648 679; x_wconf 82' lang='lat' dir='ltr'>Gallijs</span> <span class='ocrx_word' id='word_1_38' title='bbox 688 623 951 666; x_wconf 88' lang='lat' dir='ltr'>turbulentis</span> <span class='ocrx_word' id='word_1_39' title='bbox 993 623 1139 664; x_wconf 91' lang='lat' dir='ltr'>saluus</span> <span class='ocrx_word' id='word_1_40' title='bbox 1181 623 1358 665; x_wconf 90' lang='lat' dir='ltr'>tandem</span> <span class='ocrx_word' id='word_1_41' title='bbox 1391 622 1591 666; x_wconf 85' lang='lat' dir='ltr'>adfuerit.</span> <span class='ocrx_word' id='word_1_42' title='bbox 1655 623 1738 665; x_wconf 92' lang='lat' dir='ltr'>Hic</span> <span class='ocrx_word' id='word_1_43' title='bbox 1770 624 1874 666; x_wconf 90' lang='lat' dir='ltr'>mihi</span> <span class='ocrx_word' id='word_1_44' title='bbox 1905 638 2000 666; x_wconf 89' lang='lat' dir='ltr'>ma-</span> 
     </span>
     <span class='ocr_line' id='line_1_7' title="bbox 226 687 2000 743; baseline 0 -11"><span class='ocrx_word' id='word_1_45' title='bbox 226 690 413 733; x_wconf 91' lang='lat' dir='ltr'>nendum</span> <span class='ocrx_word' id='word_1_46' title='bbox 446 689 593 739; x_wconf 86' lang='lat' dir='ltr'>video,</span> <span class='ocrx_word' id='word_1_47' title='bbox 633 689 774 742; x_wconf 89' lang='lat' dir='ltr'>quoad</span> <span class='ocrx_word' id='word_1_48' title='bbox 806 691 933 743; x_wconf 89' lang='lat' dir='ltr'>pater</span> <span class='ocrx_word' id='word_1_49' title='bbox 964 688 1077 730; x_wconf 91' lang='lat' dir='ltr'>idem</span> <span class='ocrx_word' id='word_1_50' title='bbox 1110 687 1365 730; x_wconf 88' lang='lat' dir='ltr'>accesserit:</span> <span class='ocrx_word' id='word_1_51' title='bbox 1410 687 1491 730; x_wconf 91' lang='lat' dir='ltr'>etsi</span> <span class='ocrx_word' id='word_1_52' title='bbox 1525 687 1782 731; x_wconf 82' lang='lat' dir='ltr'>Germanica</span> <span class='ocrx_word' id='word_1_53' title='bbox 1815 689 2000 743; x_wconf 87' lang='lat' dir='ltr'>collegia</span> 
     </span>
     <span class='ocr_line' id='line_1_8' title="bbox 227 752 2001 807; baseline -0.001 -9"><span class='ocrx_word' id='word_1_54' title='bbox 227 756 407 798; x_wconf 89' lang='lat' dir='ltr'>visitare</span> <span class='ocrx_word' id='word_1_55' title='bbox 441 755 597 796; x_wconf 89' lang='lat' dir='ltr'>uellem</span> <span class='ocrx_word' id='word_1_56' title='bbox 630 755 666 795; x_wconf 90' lang='lat' dir='ltr'>si</span> <span class='ocrx_word' id='word_1_57' title='bbox 688 754 852 804; x_wconf 89' lang='lat' dir='ltr'>liceret,</span> <span class='ocrx_word' id='word_1_58' title='bbox 888 753 998 795; x_wconf 87' lang='lat' dir='ltr'>citra</span> <span class='ocrx_word' id='word_1_59' title='bbox 1031 767 1199 795; x_wconf 89' lang='lat' dir='ltr'>omnem</span> <span class='ocrx_word' id='word_1_60' title='bbox 1224 752 1556 803; x_wconf 76' lang='lat' dir='ltr'>cunctationem,</span> <span class='ocrx_word' id='word_1_61' title='bbox 1590 767 1643 795; x_wconf 91' lang='lat' dir='ltr'>ne</span> <span class='ocrx_word' id='word_1_62' title='bbox 1667 767 1800 807; x_wconf 89' lang='lat' dir='ltr'>cogar</span> <span class='ocrx_word' id='word_1_63' title='bbox 1831 754 2001 797; x_wconf 83' lang='lat' dir='ltr'>tardius</span> 
     </span>
     <span class='ocr_line' id='line_1_9' title="bbox 227 817 1999 875; baseline 0 -13"><span class='ocrx_word' id='word_1_64' title='bbox 227 820 531 875; x_wconf 86' lang='lat' dir='ltr'>Augustanam</span> <span class='ocrx_word' id='word_1_65' title='bbox 571 823 770 874; x_wconf 90' lang='lat' dir='ltr'>repetere</span> <span class='ocrx_word' id='word_1_66' title='bbox 811 833 1017 869; x_wconf 91' lang='lat' dir='ltr'>messem,</span> <span class='ocrx_word' id='word_1_67' title='bbox 1061 819 1116 860; x_wconf 91' lang='lat' dir='ltr'>ad</span> <span class='ocrx_word' id='word_1_68' title='bbox 1158 832 1286 872; x_wconf 90' lang='lat' dir='ltr'>quam</span> <span class='ocrx_word' id='word_1_69' title='bbox 1320 817 1559 860; x_wconf 86' lang='lat' dir='ltr'>Cardinalis</span> <span class='ocrx_word' id='word_1_70' title='bbox 1590 819 1875 872; x_wconf 77' lang='lat' dir='ltr'>Augustanus</span> <span class='ocrx_word' id='word_1_71' title='bbox 1907 822 1999 862; x_wconf 89' lang='lat' dir='ltr'>tam</span> 
     </span>
     <span class='ocr_line' id='line_1_10' title="bbox 227 887 867 929; baseline -0.003 -1"><span class='ocrx_word' id='word_1_72' title='bbox 227 889 397 929; x_wconf 88' lang='lat' dir='ltr'>mature</span> <span class='ocrx_word' id='word_1_73' title='bbox 429 900 497 927; x_wconf 92' lang='lat' dir='ltr'>me</span> <span class='ocrx_word' id='word_1_74' title='bbox 531 899 643 927; x_wconf 90' lang='lat' dir='ltr'>nunc</span> <span class='ocrx_word' id='word_1_75' title='bbox 676 887 867 927; x_wconf 88' lang='lat' dir='ltr'>reuocat.</span> 
     </span>
    </p>

    <p class='ocr_par' dir='ltr' id='par_1_5' title="bbox 228 948 2003 1712">
     <span class='ocr_line' id='line_1_11' title="bbox 347 948 2001 1004; baseline -0.001 -11"><span class='ocrx_word' id='word_1_76' title='bbox 347 951 560 994; x_wconf 79' lang='lat' dir='ltr'>Sacerdos</span> <span class='ocrx_word' id='word_1_77' title='bbox 594 950 766 1004; x_wconf 90' lang='lat' dir='ltr'>quidam</span> <span class='ocrx_word' id='word_1_78' title='bbox 797 949 972 991; x_wconf 89' lang='lat' dir='ltr'>Colonia</span> <span class='ocrx_word' id='word_1_79' title='bbox 1004 948 1193 991; x_wconf 80' lang='lat' dir='ltr'>mittitur</span> <span class='ocrx_word' id='word_1_80' title='bbox 1225 948 1280 990; x_wconf 88' lang='lat' dir='ltr'>ad</span> <span class='ocrx_word' id='word_1_81' title='bbox 1313 948 1619 991; x_wconf 87' lang='lat' dir='ltr'>Monachiense</span> <span class='ocrx_word' id='word_1_82' title='bbox 1652 949 1893 1004; x_wconf 81' lang='lat' dir='ltr'>collegium,</span> <span class='ocrx_word' id='word_1_83' title='bbox 1928 949 2001 1003; x_wconf 87' lang='lat' dir='ltr'>qui</span> 
     </span>
     <span class='ocr_line' id='line_1_12' title="bbox 228 1013 1999 1066; baseline -0.001 -7"><span class='ocrx_word' id='word_1_84' title='bbox 228 1031 341 1060; x_wconf 90' lang='lat' dir='ltr'>anno</span> <span class='ocrx_word' id='word_1_85' title='bbox 374 1016 534 1059; x_wconf 88' lang='lat' dir='ltr'>aetatis</span> <span class='ocrx_word' id='word_1_86' title='bbox 568 1018 622 1058; x_wconf 81' lang='lat'>20</span> <span class='ocrx_word' id='word_1_87' title='bbox 655 1015 858 1058; x_wconf 81' lang='lat' dir='ltr'>sacerdos</span> <span class='ocrx_word' id='word_1_88' title='bbox 891 1014 1137 1064; x_wconf 79' lang='lat' dir='ltr'>ordinatus,</span> <span class='ocrx_word' id='word_1_89' title='bbox 1179 1014 1265 1056; x_wconf 86' lang='lat' dir='ltr'>iam</span> <span class='ocrx_word' id='word_1_90' title='bbox 1298 1013 1516 1056; x_wconf 90' lang='lat' dir='ltr'>biennium</span> <span class='ocrx_word' id='word_1_91' title='bbox 1558 1014 1601 1056; x_wconf 93' lang='lat' dir='ltr'>in</span> <span class='ocrx_word' id='word_1_92' title='bbox 1638 1029 1687 1057; x_wconf 95' lang='lat' dir='ltr'>eo</span> <span class='ocrx_word' id='word_1_93' title='bbox 1720 1015 1803 1058; x_wconf 89' lang='lat' dir='ltr'>fuit</span> <span class='ocrx_word' id='word_1_94' title='bbox 1835 1014 1999 1066; x_wconf 85' lang='lat' dir='ltr'>ordine,</span> 
     </span>
     <span class='ocr_line' id='line_1_13' title="bbox 228 1078 2001 1134; baseline -0.002 -9"><span class='ocrx_word' id='word_1_95' title='bbox 228 1085 358 1125; x_wconf 90' lang='lat' dir='ltr'>natus</span> <span class='ocrx_word' id='word_1_96' title='bbox 391 1096 527 1124; x_wconf 90' lang='lat' dir='ltr'>annos</span> <span class='ocrx_word' id='word_1_97' title='bbox 562 1083 629 1123; x_wconf 81' lang='lat'>22.</span> <span class='ocrx_word' id='word_1_98' title='bbox 695 1080 888 1131; x_wconf 86' lang='lat' dir='ltr'>Querunt</span> <span class='ocrx_word' id='word_1_99' title='bbox 929 1079 1068 1122; x_wconf 89' lang='lat' dir='ltr'>nostri</span> <span class='ocrx_word' id='word_1_100' title='bbox 1108 1078 1276 1134; x_wconf 89' lang='lat' dir='ltr'>possint</span> <span class='ocrx_word' id='word_1_101' title='bbox 1309 1093 1362 1121; x_wconf 93' lang='lat' dir='ltr'>ne</span> <span class='ocrx_word' id='word_1_102' title='bbox 1395 1079 1506 1122; x_wconf 90' lang='lat' dir='ltr'>hunc</span> <span class='ocrx_word' id='word_1_103' title='bbox 1545 1080 1600 1122; x_wconf 89' lang='lat' dir='ltr'>ad</span> <span class='ocrx_word' id='word_1_104' title='bbox 1631 1080 1890 1123; x_wconf 88' lang='lat' dir='ltr'>sacrificium</span> <span class='ocrx_word' id='word_1_105' title='bbox 1923 1081 2001 1123; x_wconf 89' lang='lat' dir='ltr'>ad-</span> 
     </span>
     <span class='ocr_line' id='line_1_14' title="bbox 229 1144 2002 1201; baseline -0.001 -12"><span class='ocrx_word' id='word_1_106' title='bbox 229 1147 404 1191; x_wconf 85' lang='lat' dir='ltr'>mittere</span> <span class='ocrx_word' id='word_1_107' title='bbox 446 1147 556 1189; x_wconf 88' lang='lat' dir='ltr'>citra</span> <span class='ocrx_word' id='word_1_108' title='bbox 601 1145 967 1201; x_wconf 83' lang='lat' dir='ltr'>dispensationem</span> <span class='ocrx_word' id='word_1_109' title='bbox 1008 1145 1051 1186; x_wconf 90' lang='lat' dir='ltr'>in</span> <span class='ocrx_word' id='word_1_110' title='bbox 1091 1144 1208 1186; x_wconf 91' lang='lat' dir='ltr'>Vrbe</span> <span class='ocrx_word' id='word_1_111' title='bbox 1248 1144 1565 1198; x_wconf 84' lang='lat' dir='ltr'>impetrandam</span> <span class='ocrx_word' id='word_1_112' title='bbox 1602 1180 1610 1188; x_wconf 93' lang='lat'>.</span> <span class='ocrx_word' id='word_1_113' title='bbox 1646 1145 1901 1199; x_wconf 89' lang='lat' dir='ltr'>quibusdam</span> <span class='ocrx_word' id='word_1_114' title='bbox 1935 1145 2002 1187; x_wconf 93' lang='lat' dir='ltr'>vi-</span> 
     </span>
     <span class='ocr_line' id='line_1_15' title="bbox 229 1209 2002 1266; baseline -0.001 -11"><span class='ocrx_word' id='word_1_115' title='bbox 229 1213 356 1256; x_wconf 88' lang='lat' dir='ltr'>detur</span> <span class='ocrx_word' id='word_1_116' title='bbox 389 1212 561 1255; x_wconf 87' lang='lat' dir='ltr'>admitti</span> <span class='ocrx_word' id='word_1_117' title='bbox 588 1225 727 1266; x_wconf 91' lang='lat' dir='ltr'>posse,</span> <span class='ocrx_word' id='word_1_118' title='bbox 763 1225 858 1253; x_wconf 88' lang='lat' dir='ltr'>cum</span> <span class='ocrx_word' id='word_1_119' title='bbox 891 1224 937 1252; x_wconf 90' lang='lat' dir='ltr'>se</span> <span class='ocrx_word' id='word_1_120' title='bbox 970 1214 1072 1252; x_wconf 85' lang='lat' dir='ltr'>uoto</span> <span class='ocrx_word' id='word_1_121' title='bbox 1096 1209 1379 1252; x_wconf 80' lang='lat' dir='ltr'>adstrinxerit</span> <span class='ocrx_word' id='word_1_122' title='bbox 1413 1210 1634 1262; x_wconf 84' lang='lat' dir='ltr'>Societati,</span> <span class='ocrx_word' id='word_1_123' title='bbox 1670 1211 1789 1253; x_wconf 89' lang='lat' dir='ltr'>cuius</span> <span class='ocrx_word' id='word_1_124' title='bbox 1822 1211 2002 1266; x_wconf 87' lang='lat' dir='ltr'>proinde</span> 
     </span>
     <span class='ocr_line' id='line_1_16' title="bbox 229 1274 2003 1331; baseline -0.001 -11"><span class='ocrx_word' id='word_1_125' title='bbox 229 1278 421 1331; x_wconf 85' lang='lat' dir='ltr'>gaudeat</span> <span class='ocrx_word' id='word_1_126' title='bbox 452 1277 703 1331; x_wconf 86' lang='lat' dir='ltr'>priuilegijs,</span> <span class='ocrx_word' id='word_1_127' title='bbox 739 1290 849 1329; x_wconf 89' lang='lat' dir='ltr'>quae</span> <span class='ocrx_word' id='word_1_128' title='bbox 881 1275 1029 1317; x_wconf 88' lang='lat' dir='ltr'>sinunt</span> <span class='ocrx_word' id='word_1_129' title='bbox 1062 1275 1128 1328; x_wconf 90' lang='lat' dir='ltr'>(ut</span> <span class='ocrx_word' id='word_1_130' title='bbox 1160 1274 1335 1329; x_wconf 88' lang='lat' dir='ltr'>putant)</span> <span class='ocrx_word' id='word_1_131' title='bbox 1369 1274 1483 1317; x_wconf 91' lang='lat' dir='ltr'>circa</span> <span class='ocrx_word' id='word_1_132' title='bbox 1516 1275 1759 1318; x_wconf 91' lang='lat' dir='ltr'>huiusmodi</span> <span class='ocrx_word' id='word_1_133' title='bbox 1791 1290 2003 1331; x_wconf 87' lang='lat' dir='ltr'>personas</span> 
     </span>
     <span class='ocr_line' id='line_1_17' title="bbox 230 1339 2001 1398; baseline -0.001 -13"><span class='ocrx_word' id='word_1_134' title='bbox 230 1343 481 1398; x_wconf 89' lang='lat' dir='ltr'>dispensare</span> <span class='ocrx_word' id='word_1_135' title='bbox 498 1343 525 1384; x_wconf 85' lang='lat'>3.</span> <span class='ocrx_word' id='word_1_136' title='bbox 590 1342 713 1385; x_wconf 89' lang='lat' dir='ltr'>Doct.</span> <span class='ocrx_word' id='word_1_137' title='bbox 748 1340 957 1383; x_wconf 87' lang='lat' dir='ltr'>Lanoium</span> <span class='ocrx_word' id='word_1_138' title='bbox 991 1340 1192 1389; x_wconf 90' lang='lat' dir='ltr'>euocaui,</span> <span class='ocrx_word' id='word_1_139' title='bbox 1226 1342 1275 1381; x_wconf 79' lang='lat' dir='ltr'>vt</span> <span class='ocrx_word' id='word_1_140' title='bbox 1309 1339 1599 1394; x_wconf 91' lang='lat' dir='ltr'>Oenipontum</span> <span class='ocrx_word' id='word_1_141' title='bbox 1631 1341 1791 1391; x_wconf 88' lang='lat' dir='ltr'>ueniat,</span> <span class='ocrx_word' id='word_1_142' title='bbox 1826 1341 2001 1396; x_wconf 89' lang='lat' dir='ltr'>supple—-</span> 
     </span>
     <span class='ocr_line' id='line_1_18' title="bbox 229 1405 2003 1461; baseline -0.002 -10"><span class='ocrx_word' id='word_1_143' title='bbox 229 1411 353 1451; x_wconf 90' lang='lat' dir='ltr'>turus</span> <span class='ocrx_word' id='word_1_144' title='bbox 395 1408 511 1450; x_wconf 92' lang='lat' dir='ltr'>uices</span> <span class='ocrx_word' id='word_1_145' title='bbox 553 1407 804 1456; x_wconf 70' lang='lat' dir='ltr'>Rectoris4,</span> <span class='ocrx_word' id='word_1_146' title='bbox 852 1406 903 1448; x_wconf 91' lang='lat' dir='ltr'>de</span> <span class='ocrx_word' id='word_1_147' title='bbox 949 1420 1031 1459; x_wconf 87' lang='lat' dir='ltr'>quo</span> <span class='ocrx_word' id='word_1_148' title='bbox 1077 1419 1207 1459; x_wconf 84' lang='lat' dir='ltr'>saepe</span> <span class='ocrx_word' id='word_1_149' title='bbox 1252 1405 1405 1459; x_wconf 86' lang='lat' dir='ltr'>scripsi</span> <span class='ocrx_word' id='word_1_150' title='bbox 1446 1420 1575 1459; x_wconf 86' lang='lat' dir='ltr'>quam</span> <span class='ocrx_word' id='word_1_151' title='bbox 1619 1405 1676 1448; x_wconf 89' lang='lat' dir='ltr'>sit</span> <span class='ocrx_word' id='word_1_152' title='bbox 1719 1406 1859 1461; x_wconf 85' lang='lat' dir='ltr'>impar</span> <span class='ocrx_word' id='word_1_153' title='bbox 1902 1406 2003 1449; x_wconf 85' lang='lat' dir='ltr'>huic</span> 
     </span>
     <span class='ocr_line' id='line_1_19' title="bbox 229 1470 2002 1526; baseline -0.001 -11"><span class='ocrx_word' id='word_1_154' title='bbox 229 1473 408 1515; x_wconf 90' lang='lat' dir='ltr'>muneri.</span> <span class='ocrx_word' id='word_1_155' title='bbox 473 1473 802 1526; x_wconf 86' lang='lat' dir='ltr'>Conqueruntur</span> <span class='ocrx_word' id='word_1_156' title='bbox 844 1473 989 1513; x_wconf 86' lang='lat' dir='ltr'>autem</span> <span class='ocrx_word' id='word_1_157' title='bbox 1021 1470 1398 1524; x_wconf 78' lang='lat' dir='ltr'>Jngolstadienses</span> <span class='ocrx_word' id='word_1_158' title='bbox 1439 1485 1597 1524; x_wconf 90' lang='lat' dir='ltr'>magno</span> <span class='ocrx_word' id='word_1_159' title='bbox 1635 1471 1701 1513; x_wconf 87' lang='lat' dir='ltr'>sui</span> <span class='ocrx_word' id='word_1_160' title='bbox 1733 1471 1903 1526; x_wconf 86' lang='lat' dir='ltr'>collegij</span> <span class='ocrx_word' id='word_1_161' title='bbox 1935 1471 2002 1513; x_wconf 91' lang='lat' dir='ltr'>in-</span> 
     </span>
     <span class='ocr_line' id='line_1_20' title="bbox 230 1535 2002 1592; baseline -0.001 -10"><span class='ocrx_word' id='word_1_162' title='bbox 230 1539 453 1582; x_wconf 88' lang='lat' dir='ltr'>commodo</span> <span class='ocrx_word' id='word_1_163' title='bbox 477 1538 705 1581; x_wconf 86' lang='lat' dir='ltr'>Rectorem</span> <span class='ocrx_word' id='word_1_164' title='bbox 739 1537 904 1579; x_wconf 89' lang='lat' dir='ltr'>abesse.</span> <span class='ocrx_word' id='word_1_165' title='bbox 949 1536 1157 1578; x_wconf 85' lang='lat' dir='ltr'>Dominus</span> <span class='ocrx_word' id='word_1_166' title='bbox 1180 1536 1379 1578; x_wconf 86' lang='lat' dir='ltr'>consulat</span> <span class='ocrx_word' id='word_1_167' title='bbox 1401 1535 1498 1578; x_wconf 91' lang='lat' dir='ltr'>huic</span> <span class='ocrx_word' id='word_1_168' title='bbox 1521 1536 1784 1580; x_wconf 90' lang='lat' dir='ltr'>necessitati.</span> <span class='ocrx_word' id='word_1_169' title='bbox 1829 1537 2002 1592; x_wconf 83' lang='lat' dir='ltr'>Expec-</span> 
     </span>
     <span class='ocr_line' id='line_1_21' title="bbox 229 1600 2002 1658; baseline -0.001 -12"><span class='ocrx_word' id='word_1_170' title='bbox 229 1607 374 1647; x_wconf 89' lang='lat' dir='ltr'>tamus</span> <span class='ocrx_word' id='word_1_171' title='bbox 406 1617 659 1658; x_wconf 89' lang='lat' dir='ltr'>responsum</span> <span class='ocrx_word' id='word_1_172' title='bbox 702 1602 753 1644; x_wconf 92' lang='lat' dir='ltr'>dc</span> <span class='ocrx_word' id='word_1_173' title='bbox 786 1601 1010 1645; x_wconf 91' lang='lat' dir='ltr'>mittendis</span> <span class='ocrx_word' id='word_1_174' title='bbox 1051 1601 1147 1655; x_wconf 84' lang='lat' dir='ltr'>alijs</span> <span class='ocrx_word' id='word_1_175' title='bbox 1181 1600 1490 1655; x_wconf 88' lang='lat' dir='ltr'>Oenipontum,</span> <span class='ocrx_word' id='word_1_176' title='bbox 1533 1616 1640 1655; x_wconf 89' lang='lat' dir='ltr'>quos</span> <span class='ocrx_word' id='word_1_177' title='bbox 1672 1602 1838 1645; x_wconf 88' lang='lat' dir='ltr'>vtinam</span> <span class='ocrx_word' id='word_1_178' title='bbox 1879 1602 2002 1645; x_wconf 89' lang='lat' dir='ltr'>breui</span> 
     </span>
     <span class='ocr_line' id='line_1_22' title="bbox 231 1683 470 1712; baseline -0.008 0"><span class='ocrx_word' id='word_1_179' title='bbox 231 1683 470 1712; x_wconf 89' lang='lat' dir='ltr'>cernamus.</span> 
     </span>
    </p>

    <p class='ocr_par' dir='ltr' id='par_1_6' title="bbox 232 1731 2001 1857">
     <span class='ocr_line' id='line_1_23' title="bbox 349 1731 2001 1787; baseline 0 -11"><span class='ocrx_word' id='word_1_180' title='bbox 349 1733 544 1776; x_wconf 89' lang='lat' dir='ltr'>Bononia</span> <span class='ocrx_word' id='word_1_181' title='bbox 577 1732 782 1783; x_wconf 90' lang='lat' dir='ltr'>scribunt,</span> <span class='ocrx_word' id='word_1_182' title='bbox 817 1732 1171 1787; x_wconf 85' lang='lat' dir='ltr'>Christophormn</span> <span class='ocrx_word' id='word_1_183' title='bbox 1195 1731 1452 1774; x_wconf 84' lang='lat' dir='ltr'>Lindawer5</span> <span class='ocrx_word' id='word_1_184' title='bbox 1478 1746 1524 1774; x_wconf 89' lang='lat' dir='ltr'>se</span> <span class='ocrx_word' id='word_1_185' title='bbox 1553 1733 1665 1774; x_wconf 89' lang='lat' dir='ltr'>male</span> <span class='ocrx_word' id='word_1_186' title='bbox 1686 1732 1774 1775; x_wconf 92' lang='lat' dir='ltr'>illic</span> <span class='ocrx_word' id='word_1_187' title='bbox 1796 1733 2001 1786; x_wconf 87' lang='lat' dir='ltr'>gessisse.</span> 
     </span>
     <span class='ocr_line' id='line_1_24' title="bbox 232 1796 1393 1857; baseline -0.002 -15"><span class='ocrx_word' id='word_1_188' title='bbox 232 1800 301 1843; x_wconf 91' lang='lat' dir='ltr'>An</span> <span class='ocrx_word' id='word_1_189' title='bbox 333 1799 515 1842; x_wconf 85' lang='lat' dir='ltr'>Romam</span> <span class='ocrx_word' id='word_1_190' title='bbox 549 1812 645 1857; x_wconf 85' lang='lat' dir='ltr'>cum</span> <span class='ocrx_word' id='word_1_191' title='bbox 679 1797 863 1840; x_wconf 87' lang='lat' dir='ltr'>coeteris</span> <span class='ocrx_word' id='word_1_192' title='bbox 896 1797 1078 1847; x_wconf 88' lang='lat' dir='ltr'>venerit,</span> <span class='ocrx_word' id='word_1_193' title='bbox 1113 1796 1237 1851; x_wconf 90' lang='lat' dir='ltr'>cupio</span> <span class='ocrx_word' id='word_1_194' title='bbox 1270 1796 1393 1840; x_wconf 91' lang='lat' dir='ltr'>scire.</span> 
     </span>
    </p>

    <p class='ocr_par' dir='ltr' id='par_1_7' title="bbox 231 1862 2002 1973">
     <span class='ocr_line' id='line_1_25' title="bbox 349 1862 2002 1918; baseline 0 -12"><span class='ocrx_word' id='word_1_195' title='bbox 349 1863 687 1918; x_wconf 85' lang='lat' dir='ltr'>Herbipolenses</span> <span class='ocrx_word' id='word_1_196' title='bbox 719 1862 953 1905; x_wconf 77' lang='lat' dir='ltr'>Canoniciss</span> <span class='ocrx_word' id='word_1_197' title='bbox 993 1862 1148 1904; x_wconf 88' lang='lat' dir='ltr'>mirum</span> <span class='ocrx_word' id='word_1_198' title='bbox 1191 1865 1459 1916; x_wconf 89' lang='lat' dir='ltr'>quantopere</span> <span class='ocrx_word' id='word_1_199' title='bbox 1492 1863 1777 1914; x_wconf 88' lang='lat' dir='ltr'>contendant,</span> <span class='ocrx_word' id='word_1_200' title='bbox 1820 1867 1869 1906; x_wconf 92' lang='lat' dir='ltr'>vt</span> <span class='ocrx_word' id='word_1_201' title='bbox 1900 1862 2002 1906; x_wconf 89' lang='lat' dir='ltr'>mit-</span> 
     </span>
     <span class='ocr_line' id='line_1_26' title="bbox 231 1927 1726 1973; baseline -0.001 0"><span class='ocrx_word' id='word_1_202' title='bbox 231 1933 375 1973; x_wconf 90' lang='lat' dir='ltr'>tamus</span> <span class='ocrx_word' id='word_1_203' title='bbox 408 1943 540 1970; x_wconf 90' lang='lat' dir='ltr'>vnum</span> <span class='ocrx_word' id='word_1_204' title='bbox 571 1928 656 1970; x_wconf 89' lang='lat' dir='ltr'>illis</span> <span class='ocrx_word' id='word_1_205' title='bbox 690 1928 1033 1971; x_wconf 89' lang='lat' dir='ltr'>contionatorem</span> <span class='ocrx_word' id='word_1_206' title='bbox 1065 1927 1108 1968; x_wconf 91' lang='lat' dir='ltr'>in</span> <span class='ocrx_word' id='word_1_207' title='bbox 1139 1927 1220 1969; x_wconf 86' lang='lat' dir='ltr'>hac</span> <span class='ocrx_word' id='word_1_208' title='bbox 1253 1942 1420 1969; x_wconf 89' lang='lat' dir='ltr'>summa</span> <span class='ocrx_word' id='word_1_209' title='bbox 1452 1927 1726 1971; x_wconf 88' lang='lat' dir='ltr'>necessitate.</span> 
     </span>
    </p>

    <p class='ocr_par' dir='ltr' id='par_1_8' title="bbox 230 1992 2002 2115">
     <span class='ocr_line' id='line_1_27' title="bbox 352 1992 2002 2047; baseline -0.001 -10"><span class='ocrx_word' id='word_1_210' title='bbox 352 1995 550 2037; x_wconf 86' lang='lat' dir='ltr'>Offerunt</span> <span class='ocrx_word' id='word_1_211' title='bbox 595 1995 706 2036; x_wconf 82' lang='lat'>1200</span> <span class='ocrx_word' id='word_1_212' title='bbox 749 1993 919 2036; x_wconf 86' lang='lat' dir='ltr'>daleros</span> <span class='ocrx_word' id='word_1_213' title='bbox 962 1993 1048 2035; x_wconf 89' lang='lat' dir='ltr'>iam</span> <span class='ocrx_word' id='word_1_214' title='bbox 1094 2006 1223 2047; x_wconf 89' lang='lat' dir='ltr'>saepe</span> <span class='ocrx_word' id='word_1_215' title='bbox 1268 1992 1514 2047; x_wconf 90' lang='lat' dir='ltr'>promissos.</span> <span class='ocrx_word' id='word_1_216' title='bbox 1587 1993 1687 2035; x_wconf 89' lang='lat' dir='ltr'>Non</span> <span class='ocrx_word' id='word_1_217' title='bbox 1731 1992 1856 2035; x_wconf 90' lang='lat' dir='ltr'>uideo</span> <span class='ocrx_word' id='word_1_218' title='bbox 1900 1993 2002 2047; x_wconf 90' lang='lat' dir='ltr'>quid</span> 
     </span>
     <span class='ocr_line' id='line_1_28' title="bbox 230 2061 582 2115; baseline -0.003 -13"><span class='ocrx_word' id='word_1_219' title='bbox 230 2061 582 2115; x_wconf 88' lang='lat' dir='ltr'>respondeamus.</span> 
     </span>
    </p>

    <p class='ocr_par' dir='ltr' id='par_1_9' title="bbox 232 2123 2002 2243">
     <span class='ocr_line' id='line_1_29' title="bbox 353 2123 2002 2180; baseline -0.001 -12"><span class='ocrx_word' id='word_1_220' title='bbox 353 2126 459 2168; x_wconf 91' lang='lat' dir='ltr'>Oret</span> <span class='ocrx_word' id='word_1_221' title='bbox 498 2139 575 2180; x_wconf 90' lang='lat' dir='ltr'>pro</span> <span class='ocrx_word' id='word_1_222' title='bbox 609 2124 730 2166; x_wconf 90' lang='lat' dir='ltr'>nobis</span> <span class='ocrx_word' id='word_1_223' title='bbox 763 2124 812 2166; x_wconf 82' lang='lat' dir='ltr'>R.</span> <span class='ocrx_word' id='word_1_224' title='bbox 847 2124 894 2167; x_wconf 88' lang='lat' dir='ltr'>T.</span> <span class='ocrx_word' id='word_1_225' title='bbox 929 2123 1181 2173; x_wconf 90' lang='lat' dir='ltr'>Dominum,</span> <span class='ocrx_word' id='word_1_226' title='bbox 1226 2123 1298 2176; x_wconf 87' lang='lat' dir='ltr'>qui</span> <span class='ocrx_word' id='word_1_227' title='bbox 1338 2137 1417 2165; x_wconf 89' lang='lat' dir='ltr'>nos</span> <span class='ocrx_word' id='word_1_228' title='bbox 1458 2123 1603 2177; x_wconf 88' lang='lat' dir='ltr'>gratia</span> <span class='ocrx_word' id='word_1_229' title='bbox 1643 2137 1722 2166; x_wconf 88' lang='lat' dir='ltr'>sua</span> <span class='ocrx_word' id='word_1_230' title='bbox 1763 2125 2002 2167; x_wconf 88' lang='lat' dir='ltr'>confirmet.</span> 
     </span>
     <span class='ocr_line' id='line_1_30' title="bbox 232 2189 872 2243; baseline -0.002 -10"><span class='ocrx_word' id='word_1_231' title='bbox 232 2191 429 2233; x_wconf 88' lang='lat' dir='ltr'>Tridenti</span> <span class='ocrx_word' id='word_1_232' title='bbox 460 2190 558 2232; x_wconf 86' lang='lat' dir='ltr'>Kal.</span> <span class='ocrx_word' id='word_1_233' title='bbox 591 2189 710 2243; x_wconf 84' lang='lat' dir='ltr'>Junij</span> <span class='ocrx_word' id='word_1_234' title='bbox 748 2191 872 2232; x_wconf 80' lang='lat'>1562.</span> 
     </span>
    </p>

    <p class='ocr_par' dir='ltr' id='par_1_10' title="bbox 1183 2253 1940 2297">
     <span class='ocr_line' id='line_1_31' title="bbox 1183 2253 1940 2297; baseline 0.001 -1"><span class='ocrx_word' id='word_1_235' title='bbox 1183 2253 1343 2296; x_wconf 82' lang='lat' dir='ltr'>Seruus</span> <span class='ocrx_word' id='word_1_236' title='bbox 1374 2253 1417 2295; x_wconf 92' lang='lat' dir='ltr'>in</span> <span class='ocrx_word' id='word_1_237' title='bbox 1449 2253 1618 2296; x_wconf 85' lang='lat' dir='ltr'>Christo</span> <span class='ocrx_word' id='word_1_238' title='bbox 1651 2253 1698 2297; x_wconf 91' lang='lat' dir='ltr'>P.</span> <span class='ocrx_word' id='word_1_239' title='bbox 1733 2254 1940 2297; x_wconf 85' lang='lat' dir='ltr'>Canisius.</span> 
     </span>
    </p>
   </div>
   <div class='ocr_carea' id='block_1_5' title="bbox 233 2359 2005 2481">
    <p class='ocr_par' dir='ltr' id='par_1_11' title="bbox 233 2359 2005 2481">
     <span class='ocr_line' id='line_1_32' title="bbox 353 2359 2005 2414; baseline -0.001 -11"><span class='ocrx_word' id='word_1_240' title='bbox 353 2363 380 2414; x_wconf 54' lang='grc' dir='ltr'>ἦ·</span> <span class='ocrx_word' id='word_1_241' title='bbox 422 2361 477 2403; x_wconf 91' lang='lat' dir='ltr'>Al</span> <span class='ocrx_word' id='word_1_242' title='bbox 523 2361 654 2403; x_wconf 90' lang='lat' dir='ltr'>molto</span> <span class='ocrx_word' id='word_1_243' title='bbox 699 2361 954 2403; x_wconf 88' lang='lat' dir='ltr'>Reuerendo</span> <span class='ocrx_word' id='word_1_244' title='bbox 999 2360 1043 2402; x_wconf 89' lang='lat' dir='ltr'>in</span> <span class='ocrx_word' id='word_1_245' title='bbox 1085 2359 1254 2402; x_wconf 86' lang='lat' dir='ltr'>Christo</span> <span class='ocrx_word' id='word_1_246' title='bbox 1297 2359 1437 2401; x_wconf 91' lang='lat' dir='ltr'>Padre</span> <span class='ocrx_word' id='word_1_247' title='bbox 1481 2359 1538 2401; x_wconf 90' lang='lat' dir='ltr'>M.</span> <span class='ocrx_word' id='word_1_248' title='bbox 1583 2359 1787 2401; x_wconf 79' lang='lat' dir='ltr'>Giacomo</span> <span class='ocrx_word' id='word_1_249' title='bbox 1829 2359 2005 2413; x_wconf 87' lang='lat' dir='ltr'>Laynez</span> 
     </span>
     <span class='ocr_line' id='line_1_33' title="bbox 233 2424 1941 2481; baseline -0.002 -12"><span class='ocrx_word' id='word_1_250' title='bbox 233 2426 460 2481; x_wconf 90' lang='lat' dir='ltr'>Preposito</span> <span class='ocrx_word' id='word_1_251' title='bbox 493 2426 698 2480; x_wconf 86' lang='lat' dir='ltr'>generale</span> <span class='ocrx_word' id='word_1_252' title='bbox 731 2426 845 2468; x_wconf 88' lang='lat' dir='ltr'>della</span> <span class='ocrx_word' id='word_1_253' title='bbox 877 2425 1135 2480; x_wconf 87' lang='lat' dir='ltr'>compagnia</span> <span class='ocrx_word' id='word_1_254' title='bbox 1170 2425 1211 2466; x_wconf 88' lang='lat' dir='ltr'>di</span> <span class='ocrx_word' id='word_1_255' title='bbox 1243 2424 1383 2467; x_wconf 78' lang='lat' dir='ltr'>JESV</span> <span class='ocrx_word' id='word_1_256' title='bbox 1700 2424 1757 2466; x_wconf 82' lang='lat' dir='ltr'>Jn</span> <span class='ocrx_word' id='word_1_257' title='bbox 1788 2424 1941 2467; x_wconf 81' lang='lat' dir='ltr'>Roma.</span> 
     </span>
    </p>
   </div>
   <div class='ocr_carea' id='block_1_6' title="bbox 522 2533 654 2537">
    <p class='ocr_par' dir='ltr' id='par_1_12' title="bbox 522 2533 654 2537">
     <span class='ocr_line' id='line_1_34' title="bbox 522 2533 654 2537; baseline 0 0"><span class='ocrx_word' id='word_1_258' title='bbox 522 2533 654 2537; x_wconf 95' lang='lat' dir='ltr'> </span> 
     </span>
    </p>
   </div>
   <div class='ocr_carea' id='block_1_7' title="bbox 234 2591 2005 3221">
    <p class='ocr_par' dir='ltr' id='par_1_13' title="bbox 357 2591 1006 2634">
     <span class='ocr_line' id='line_1_35' title="bbox 357 2591 1006 2634; baseline 0 -8"><span class='ocrx_word' id='word_1_259' title='bbox 357 2594 367 2614; x_wconf 86' lang='lat'>¹</span> <span class='ocrx_word' id='word_1_260' title='bbox 394 2593 415 2626; x_wconf 86' lang='lat'><strong>2</strong></span> <span class='ocrx_word' id='word_1_261' title='bbox 442 2593 519 2627; x_wconf 91' lang='lat' dir='ltr'>Cor.</span> <span class='ocrx_word' id='word_1_262' title='bbox 548 2593 579 2634; x_wconf 85' lang='lat'>7,</span> <span class='ocrx_word' id='word_1_263' title='bbox 607 2593 638 2627; x_wconf 91' lang='grc'>6.</span> <span class='ocrx_word' id='word_1_264' title='bbox 738 2592 751 2613; x_wconf 82' lang='lat'><strong>²</strong></span> <span class='ocrx_word' id='word_1_265' title='bbox 778 2591 1006 2626; x_wconf 85' lang='lat' dir='ltr'>Salmeronis.</span> 
     </span>
    </p>

    <p class='ocr_par' dir='ltr' id='par_1_14' title="bbox 234 2642 2005 3061">
     <span class='ocr_line' id='line_1_36' title="bbox 355 2642 2005 2689; baseline -0.001 -10"><span class='ocrx_word' id='word_1_266' title='bbox 355 2646 368 2666; x_wconf 82' lang='lat'>³</span> <span class='ocrx_word' id='word_1_267' title='bbox 394 2644 483 2679; x_wconf 91' lang='lat' dir='ltr'>Cum</span> <span class='ocrx_word' id='word_1_268' title='bbox 509 2644 571 2679; x_wconf 87' lang='lat' dir='ltr'>illa</span> <span class='ocrx_word' id='word_1_269' title='bbox 598 2656 739 2689; x_wconf 90' lang='lat' dir='ltr'>quoque</span> <span class='ocrx_word' id='word_1_270' title='bbox 766 2647 886 2679; x_wconf 84' lang='lat' dir='ltr'>aetate</span> <span class='ocrx_word' id='word_1_271' title='bbox 915 2644 1025 2689; x_wconf 89' lang='lat' dir='ltr'>(sicut</span> <span class='ocrx_word' id='word_1_272' title='bbox 1050 2644 1187 2688; x_wconf 88' lang='lat' dir='ltr'>nostra)</span> <span class='ocrx_word' id='word_1_273' title='bbox 1218 2644 1262 2678; x_wconf 90' lang='lat' dir='ltr'>ab</span> <span class='ocrx_word' id='word_1_274' title='bbox 1289 2643 1443 2678; x_wconf 86' lang='lat' dir='ltr'>ecclesia</span> <span class='ocrx_word' id='word_1_275' title='bbox 1461 2643 1692 2678; x_wconf 87' lang='lat' dir='ltr'>interdictum</span> <span class='ocrx_word' id='word_1_276' title='bbox 1718 2644 1823 2684; x_wconf 86' lang='lat' dir='ltr'>esset,</span> <span class='ocrx_word' id='word_1_277' title='bbox 1850 2654 1895 2676; x_wconf 87' lang='lat' dir='ltr'>ne</span> <span class='ocrx_word' id='word_1_278' title='bbox 1921 2642 2005 2687; x_wconf 86' lang='lat' dir='ltr'>quis</span> 
     </span>
     <span class='ocr_line' id='line_1_37' title="bbox 236 2695 2004 2744; baseline -0.002 -11"><span class='ocrx_word' id='word_1_279' title='bbox 236 2699 331 2743; x_wconf 85' lang='lat' dir='ltr'>(sine</span> <span class='ocrx_word' id='word_1_280' title='bbox 357 2698 638 2744; x_wconf 85' lang='lat' dir='ltr'>dispensatione)</span> <span class='ocrx_word' id='word_1_281' title='bbox 668 2700 752 2732; x_wconf 85' lang='lat' dir='ltr'>ante</span> <span class='ocrx_word' id='word_1_282' title='bbox 778 2697 995 2741; x_wconf 85' lang='lat' dir='ltr'>vigesimum</span> <span class='ocrx_word' id='word_1_283' title='bbox 1022 2698 1185 2742; x_wconf 82' lang='lat' dir='ltr'>quintum</span> <span class='ocrx_word' id='word_1_284' title='bbox 1213 2697 1344 2732; x_wconf 83' lang='lat' dir='ltr'>aetatis</span> <span class='ocrx_word' id='word_1_285' title='bbox 1370 2708 1503 2730; x_wconf 86' lang='lat' dir='ltr'>annum</span> <span class='ocrx_word' id='word_1_286' title='bbox 1528 2696 1768 2731; x_wconf 83' lang='lat' dir='ltr'>sacerdotium</span> <span class='ocrx_word' id='word_1_287' title='bbox 1791 2695 2004 2741; x_wconf 87' lang='lat' dir='ltr'>susciperet,</span> 
     </span>
     <span class='ocr_line' id='line_1_38' title="bbox 234 2748 2004 2794; baseline -0.002 -8"><span class='ocrx_word' id='word_1_288' title='bbox 234 2752 403 2787; x_wconf 86' lang='lat' dir='ltr'>sacerdos</span> <span class='ocrx_word' id='word_1_289' title='bbox 420 2751 481 2786; x_wconf 82' lang='lat' dir='ltr'>ille</span> <span class='ocrx_word' id='word_1_290' title='bbox 499 2763 545 2785; x_wconf 84' lang='lat' dir='ltr'>ex</span> <span class='ocrx_word' id='word_1_291' title='bbox 576 2751 738 2794; x_wconf 84' lang='lat' dir='ltr'>„defectu</span> <span class='ocrx_word' id='word_1_292' title='bbox 762 2751 913 2785; x_wconf 77' lang='lat' dir='ltr'>aetatis“</span> <span class='ocrx_word' id='word_1_293' title='bbox 949 2751 1198 2794; x_wconf 78' lang='lat' dir='ltr'>„irregularis“</span> <span class='ocrx_word' id='word_1_294' title='bbox 1229 2753 1307 2784; x_wconf 87' lang='lat' dir='ltr'>erat</span> <span class='ocrx_word' id='word_1_295' title='bbox 1325 2750 1474 2794; x_wconf 89' lang='lat' dir='ltr'>ideoque</span> <span class='ocrx_word' id='word_1_296' title='bbox 1492 2749 1709 2784; x_wconf 86' lang='lat' dir='ltr'>sacrificium</span> <span class='ocrx_word' id='word_1_297' title='bbox 1727 2749 1858 2784; x_wconf 86' lang='lat' dir='ltr'>missae</span> <span class='ocrx_word' id='word_1_298' title='bbox 1877 2748 2004 2783; x_wconf 88' lang='lat' dir='ltr'>offerre</span> 
     </span>
     <span class='ocr_line' id='line_1_39' title="bbox 234 2801 2005 2849; baseline -0.002 -9"><span class='ocrx_word' id='word_1_299' title='bbox 234 2805 447 2845; x_wconf 70' lang='lat' dir='ltr'>vetabatur,</span> <span class='ocrx_word' id='word_1_300' title='bbox 483 2807 643 2838; x_wconf 85' lang='lat' dir='ltr'>attamen</span> <span class='ocrx_word' id='word_1_301' title='bbox 678 2803 814 2838; x_wconf 88' lang='lat' dir='ltr'>Paulus</span> <span class='ocrx_word' id='word_1_302' title='bbox 841 2804 902 2839; x_wconf 85' lang='lat' dir='ltr'>III.</span> <span class='ocrx_word' id='word_1_303' title='bbox 937 2804 1070 2838; x_wconf 87' lang='lat' dir='ltr'>litteris</span> <span class='ocrx_word' id='word_1_304' title='bbox 1106 2803 1314 2849; x_wconf 82' lang='lat' dir='ltr'>apostolicis</span> <span class='ocrx_word' id='word_1_305' title='bbox 1348 2803 1461 2837; x_wconf 82' lang='lat' dir='ltr'>Roma</span> <span class='ocrx_word' id='word_1_306' title='bbox 1498 2803 1551 2837; x_wconf 83' lang='lat'>18.</span> <span class='ocrx_word' id='word_1_307' title='bbox 1579 2802 1746 2837; x_wconf 87' lang='lat' dir='ltr'>Octobris</span> <span class='ocrx_word' id='word_1_308' title='bbox 1784 2802 1872 2836; x_wconf 83' lang='lat'>1549</span> <span class='ocrx_word' id='word_1_309' title='bbox 1908 2801 2005 2836; x_wconf 84' lang='lat' dir='ltr'>datis</span> 
     </span>
     <span class='ocr_line' id='line_1_40' title="bbox 235 2855 2005 2903; baseline -0.002 -10"><span class='ocrx_word' id='word_1_310' title='bbox 235 2860 484 2897; x_wconf 85' lang='lat' dir='ltr'>concesserat,</span> <span class='ocrx_word' id='word_1_311' title='bbox 519 2860 561 2892; x_wconf 88' lang='lat' dir='ltr'>ut</span> <span class='ocrx_word' id='word_1_312' title='bbox 586 2857 813 2903; x_wconf 82' lang='lat' dir='ltr'>praepositus</span> <span class='ocrx_word' id='word_1_313' title='bbox 839 2857 1020 2901; x_wconf 87' lang='lat' dir='ltr'>generalis</span> <span class='ocrx_word' id='word_1_314' title='bbox 1046 2859 1154 2901; x_wconf 87' lang='lat' dir='ltr'>atque</span> <span class='ocrx_word' id='word_1_315' title='bbox 1181 2856 1295 2902; x_wconf 84' lang='lat' dir='ltr'>ipsius</span> <span class='ocrx_word' id='word_1_316' title='bbox 1329 2856 1507 2902; x_wconf 87' lang='lat' dir='ltr'>permissu</span> <span class='ocrx_word' id='word_1_317' title='bbox 1541 2855 1737 2901; x_wconf 86' lang='lat' dir='ltr'>praepositi</span> <span class='ocrx_word' id='word_1_318' title='bbox 1762 2855 2005 2900; x_wconf 87' lang='lat' dir='ltr'>provinciales</span> 
     </span>
     <span class='ocr_line' id='line_1_41' title="bbox 236 2907 2003 2955; baseline -0.002 -10"><span class='ocrx_word' id='word_1_319' title='bbox 236 2923 430 2955; x_wconf 84' lang='lat' dir='ltr'>eorumque</span> <span class='ocrx_word' id='word_1_320' title='bbox 455 2910 583 2945; x_wconf 85' lang='lat' dir='ltr'>vicarii</span> <span class='ocrx_word' id='word_1_321' title='bbox 605 2922 687 2945; x_wconf 89' lang='lat' dir='ltr'>cum</span> <span class='ocrx_word' id='word_1_322' title='bbox 711 2910 747 2944; x_wconf 91' lang='lat' dir='ltr'>in</span> <span class='ocrx_word' id='word_1_323' title='bbox 774 2910 841 2944; x_wconf 87' lang='lat' dir='ltr'>hac</span> <span class='ocrx_word' id='word_1_324' title='bbox 866 2912 943 2944; x_wconf 85' lang='lat' dir='ltr'>tum</span> <span class='ocrx_word' id='word_1_325' title='bbox 969 2910 1005 2944; x_wconf 90' lang='lat' dir='ltr'>in</span> <span class='ocrx_word' id='word_1_326' title='bbox 1030 2910 1212 2955; x_wconf 88' lang='lat' dir='ltr'>plerisque</span> <span class='ocrx_word' id='word_1_327' title='bbox 1238 2909 1320 2944; x_wconf 86' lang='lat' dir='ltr'>aliis</span> <span class='ocrx_word' id='word_1_328' title='bbox 1337 2909 1666 2952; x_wconf 83' lang='lat' dir='ltr'>irregularitatibus</span> <span class='ocrx_word' id='word_1_329' title='bbox 1693 2920 1773 2943; x_wconf 89' lang='lat' dir='ltr'>cum</span> <span class='ocrx_word' id='word_1_330' title='bbox 1799 2908 1852 2950; x_wconf 85' lang='lat' dir='ltr'>iis,</span> <span class='ocrx_word' id='word_1_331' title='bbox 1880 2908 1940 2952; x_wconf 91' lang='lat' dir='ltr'>qui</span> <span class='ocrx_word' id='word_1_332' title='bbox 1965 2907 2003 2942; x_wconf 90' lang='lat' dir='ltr'>in</span> 
     </span>
     <span class='ocr_line' id='line_1_42' title="bbox 237 2961 2003 3008; baseline -0.002 -10"><span class='ocrx_word' id='word_1_333' title='bbox 237 2964 417 2999; x_wconf 81' lang='lat' dir='ltr'>Societate</span> <span class='ocrx_word' id='word_1_334' title='bbox 443 2966 529 2998; x_wconf 87' lang='lat' dir='ltr'>vota</span> <span class='ocrx_word' id='word_1_335' title='bbox 556 2963 771 3004; x_wconf 86' lang='lat' dir='ltr'>emisissent,</span> <span class='ocrx_word' id='word_1_336' title='bbox 799 2963 1049 3008; x_wconf 84' lang='lat' dir='ltr'>dispensarent</span> <span class='ocrx_word' id='word_1_337' title='bbox 1077 2963 1252 3007; x_wconf 73' lang='lat' dir='ltr'>(Litterae</span> <span class='ocrx_word' id='word_1_338' title='bbox 1277 2962 1515 3007; x_wconf 83' lang='lat' dir='ltr'>apostolicae,</span> <span class='ocrx_word' id='word_1_339' title='bbox 1551 2962 1680 3007; x_wconf 87' lang='lat' dir='ltr'>quibus</span> <span class='ocrx_word' id='word_1_340' title='bbox 1704 2961 1896 3002; x_wconf 84' lang='lat' dir='ltr'>institutio,</span> <span class='ocrx_word' id='word_1_341' title='bbox 1923 2972 2003 2995; x_wconf 91' lang='lat' dir='ltr'>con-</span> 
     </span>
     <span class='ocr_line' id='line_1_43' title="bbox 236 3013 2002 3061; baseline -0.002 -9"><span class='ocrx_word' id='word_1_342' title='bbox 236 3018 401 3059; x_wconf 85' lang='lat' dir='ltr'>firmatio,</span> <span class='ocrx_word' id='word_1_343' title='bbox 429 3019 466 3051; x_wconf 88' lang='lat' dir='ltr'>et</span> <span class='ocrx_word' id='word_1_344' title='bbox 484 3017 585 3051; x_wconf 88' lang='lat' dir='ltr'>varia</span> <span class='ocrx_word' id='word_1_345' title='bbox 604 3016 801 3060; x_wconf 82' lang='lat' dir='ltr'>Privilegia</span> <span class='ocrx_word' id='word_1_346' title='bbox 827 3016 1055 3051; x_wconf 80' lang='lat' dir='ltr'>continentur</span> <span class='ocrx_word' id='word_1_347' title='bbox 1073 3015 1262 3051; x_wconf 83' lang='lat' dir='ltr'>Societatis</span> <span class='ocrx_word' id='word_1_348' title='bbox 1281 3015 1361 3050; x_wconf 87' lang='lat' dir='ltr'>Iesu</span> <span class='ocrx_word' id='word_1_349' title='bbox 1389 3014 1626 3061; x_wconf 82' lang='lat' dir='ltr'>[Antverpiae</span> <span class='ocrx_word' id='word_1_350' title='bbox 1646 3014 1752 3059; x_wconf 85' lang='lat'>1635]</span> <span class='ocrx_word' id='word_1_351' title='bbox 1778 3026 1811 3060; x_wconf 90' lang='lat' dir='ltr'>p.</span> <span class='ocrx_word' id='word_1_352' title='bbox 1830 3013 2002 3058; x_wconf 83' lang='lat'>47—48).</span> 
     </span>
    </p>

    <p class='ocr_par' dir='ltr' id='par_1_15' title="bbox 358 3069 782 3114">
     <span class='ocr_line' id='line_1_44' title="bbox 358 3069 782 3114; baseline -0.002 -10"><span class='ocrx_word' id='word_1_353' title='bbox 358 3072 370 3091; x_wconf 73' lang='lat'>4</span> <span class='ocrx_word' id='word_1_354' title='bbox 397 3071 437 3104; x_wconf 89' lang='lat' dir='ltr'>P.</span> <span class='ocrx_word' id='word_1_355' title='bbox 464 3069 650 3104; x_wconf 85' lang='lat' dir='ltr'>Valentini</span> <span class='ocrx_word' id='word_1_356' title='bbox 675 3069 782 3114; x_wconf 79' lang='lat' dir='ltr'>Voyt.</span> 
     </span>
    </p>

    <p class='ocr_par' dir='ltr' id='par_1_16' title="bbox 358 3123 793 3168">
     <span class='ocr_line' id='line_1_45' title="bbox 358 3123 793 3168; baseline -0.002 -10"><span class='ocrx_word' id='word_1_357' title='bbox 358 3125 371 3144; x_wconf 79' lang='lat'>⁵</span> <span class='ocrx_word' id='word_1_358' title='bbox 396 3123 487 3158; x_wconf 89' lang='lat' dir='ltr'>Vide</span> <span class='ocrx_word' id='word_1_359' title='bbox 513 3135 622 3168; x_wconf 89' lang='lat' dir='ltr'>supra</span> <span class='ocrx_word' id='word_1_360' title='bbox 653 3135 687 3168; x_wconf 90' lang='lat' dir='ltr'>p.</span> <span class='ocrx_word' id='word_1_361' title='bbox 712 3123 793 3157; x_wconf 81' lang='lat'>452.</span> 
     </span>
    </p>

    <p class='ocr_par' dir='ltr' id='par_1_17' title="bbox 359 3174 1479 3221">
     <span class='ocr_line' id='line_1_46' title="bbox 359 3174 1479 3221; baseline -0.002 -10"><span class='ocrx_word' id='word_1_362' title='bbox 359 3177 372 3197; x_wconf 65' lang='grc' dir='ltr'>θ</span> <span class='ocrx_word' id='word_1_363' title='bbox 399 3175 604 3221; x_wconf 86' lang='lat' dir='ltr'>Capitulum</span> <span class='ocrx_word' id='word_1_364' title='bbox 630 3175 854 3216; x_wconf 85' lang='lat' dir='ltr'>cathedrale;</span> <span class='ocrx_word' id='word_1_365' title='bbox 882 3175 965 3210; x_wconf 86' lang='lat' dir='ltr'>vide</span> <span class='ocrx_word' id='word_1_366' title='bbox 990 3186 1100 3220; x_wconf 87' lang='lat' dir='ltr'>supra</span> <span class='ocrx_word' id='word_1_367' title='bbox 1126 3187 1158 3220; x_wconf 92' lang='lat' dir='ltr'>p.</span> <span class='ocrx_word' id='word_1_368' title='bbox 1189 3175 1265 3209; x_wconf 87' lang='lat'>137.</span> <span class='ocrx_word' id='word_1_369' title='bbox 1294 3174 1372 3209; x_wconf 82' lang='lat'>365.</span> <span class='ocrx_word' id='word_1_370' title='bbox 1398 3174 1479 3209; x_wconf 84' lang='grc'>422.</span> 
     </span>
    </p>
   </div>
  </div>
 </body>
</html>
