2093 3444
337 170 418 205 520.
454 170 604 205 Ioannes
631 170 673 204 de
699 170 856 204 Polanco
882 169 1036 204 Canisio.
1079 169 1193 204 Roma
1221 170 1273 204 15.
1301 170 1486 204 Februarii
1517 171 1616 205 1561.
1808 173 1863 213 43

212 288 282 321 Res
307 291 546 329 auyustanae,
577 287 807 331 colonienses,
834 289 1127 331 novio2na9enses.
1180 287 1386 330 Moyunte'ae
1412 288 1594 330 collegium
1621 288 1664 321 ab
1690 288 1865 330 archiepi-

92 351 197 384 scopo
220 344 389 384 paratur.
444 340 615 373 Cholimcs
640 341 892 385 typoyraphus.
947 342 982 375 P.
1014 342 1223 375 Goudamcs.

82 391 94 410 0

213 428 469 471 Reuerende
501 428 545 469 in
578 427 749 470 Christo
783 430 922 482 pater.

213 511 458 565 accepimus
490 509 642 553 literas
674 525 714 564 p.
744 510 998 552 VVilhelmi1
1031 525 1085 552 ex
1119 510 1419 553 commissione
1442 511 1492 553 R.
1516 511 1569 554 V.
1604 512 1791 566 scriptas
1823 512 1865 553 in

93 576 317 626 Januario,
353 576 505 628 quibus
537 575 834 628 intelligimus,
868 590 1053 617 messem
1087 576 1390 629 Augustanam
1425 576 1643 630 copiosam
1676 591 1784 620 esse.

214 641 323 692 Quid
355 640 558 683 Coloniae
591 643 750 694 agatur
772 641 822 683 R..
848 641 899 683 V.
933 640 1151 694 intelliget
1183 656 1237 682 ex
1269 641 1410 683 literis
1442 641 1602 683 mensis
1624 642 1821 697 Januarij
1835 644 1864 693 2,

96 706 250 761 quibus
282 705 559 748 adiunximus
592 705 766 747 nomina
798 709 973 760 patrum
1006 708 1049 748 et
1082 706 1268 748 fratrum
1302 706 1373 759 qui
1406 706 1627 748 nobiscum
1661 710 1774 750 sunt.

213 773 264 814 D.
300 771 514 813 Henricus
557 770 776 812 Dionisius
818 770 1139 825 Nouiomagum
1181 771 1403 825 profectus
1445 774 1513 814 est
1554 775 1603 815 vt
1645 773 1866 826 negotium

94 838 146 880 D.
181 836 437 879 Theoderici
468 836 620 879 fratris
652 836 702 879 R.
738 836 789 879 V.
825 836 1051 890 expediat,
1096 851 1148 877 ne
1181 836 1316 891 ipsius
1348 836 1560 891 professio
1594 837 1755 880 diutius
1787 837 1867 879 im-

94 902 297 958 pediatur
315 903 343 953 3,
379 916 505 956 quam
539 901 726 956 primum
759 901 950 952 redierit,
985 901 1129 943 omnia
1162 902 1212 944 R.
1247 902 1300 944 V.
1334 902 1631 945 indicabimus.

213 968 377 1010 Noster
399 981 556 1021 regens
572 967 589 994 4
620 967 673 1008 ab
697 966 1034 1021 Archiepiscopo
1057 966 1314 1020 Maguntino
1331 968 1346 994 5
1379 970 1576 1018 vocatur,
1610 970 1659 1010 vt
1681 969 1865 1010 Domum

96 1033 307 1076 Societati
339 1032 623 1086 assignatam,
657 1031 859 1086 disponat
891 1032 934 1073 111
969 1032 1131 1083 ordine,
1166 1035 1210 1075 et
1242 1032 1409 1086 reliqua
1435 1032 1590 1084 omnia,
1626 1035 1675 1074 vt
1706 1033 1867 1075 fratres

94 1098 233 1153 primo
267 1111 436 1152 quoque
468 1100 666 1152 tempore
699 1097 857 1140 adsint.
904 1097 1019 1139 circa
1051 1097 1308 1152 principium
1342 1098 1741 1151 Quadragesimae6
1773 1099 1867 1140 Ma—

95 1164 292 1218 guntiam
315 1163 615 1218 proficiscetur
647 1177 743 1204 cum
776 1166 903 1217 patre
926 1162 1181 1217 prouinciali
1198 1164 1225 1212 7,
1261 1177 1388 1217 quem
1410 1163 1547 1205 indies
1570 1167 1866 1218 expectamus,

215 1243 345 1283 quum
378 1229 520 1271 aderit
552 1228 679 1270 simul
711 1230 968 1277 statuemus,
1004 1228 1074 1281 qui
1109 1242 1163 1270 ex
1197 1228 1380 1270 nouellis
1403 1229 1759 1284 praeceptoribus
1790 1243 1866 1271 110-

95 1294 212 1346 stris,
246 1309 413 1337 romam
446 1298 523 1337 aut
556 1293 611 1336 ad
644 1293 694 1337 R.
729 1294 782 1336 V.
817 1293 1019 1336 mittendi
1053 1296 1194 1336 erunt.

83 1367 86 1371 '
214 1360 428 1402 Mittimus
461 1359 681 1403 Materni8
713 1360 865 1402 literas
899 1359 953 1401 ad
986 1359 1036 1402 R.
1072 1359 1124 1401 V.
1159 1359 1359 1414 scriptas,
1403 1360 1621 1402 soluemus
1652 1359 1715 1401 illi
1748 1359 1868 1413 quic-

98 1425 199 1479 quid
232 1426 282 1469 R.
317 1426 370 1468 V.
404 1425 466 1467 illi
499 1425 640 1475 debet,

214 1493 341 1546 pater
374 1491 609 1533 Gaudanus
642 1505 727 1532 non
760 1489 934 1533 videtur
966 1490 1287 1541 accommodus,
1330 1493 1379 1533 vt
1411 1490 1665 1533 Tridentum
1698 1490 1869 1545 profici-

96 1559 257 1608 scatur,
290 1570 376 1598 non
399 1556 513 1598 enim
535 1555 758 1609 egreditur
780 1570 903 1597 suum
934 1555 1189 1606 cubiculum,
1223 1555 1260 1597 si
1292 1555 1524 1609 aliquando
1558 1556 1759 1599 videatur
1791 1570 1869 1598 va-

95 1622 185 1664 lere
218 1621 481 1673 meliuscule,
516 1635 689 1676 semper
720 1620 834 1663 redit
865 1620 1109 1675 inidipsum,

214 1687 366 1731 literas
398 1687 619 1729 Romanas
652 1700 759 1740 quas
793 1688 919 1741 pater
948 1686 1207 1728 Wilhelmus
1240 1686 1294 1728 ad
1326 1700 1405 1728 nos
1437 1686 1554 1729 misit
1586 1700 1672 1728 non
1704 1686 1868 1741 recepi-

97 1767 205 1804 mus,
239 1767 296 1795 an
327 1753 570 1807 intercepte
604 1752 692 1795 sint
723 1752 988 1806 ignoramus.

221 1837 273 1877 10
306 1835 531 1890 Februarij
569 1836 651 1877 156
660 1837 696 1878 1.

216 1922 319 1957 Licet
336 1922 492 1957 Kesselii
509 1934 639 1956 nomen
666 1922 772 1956 huius
792 1921 967 1966 epistulae
986 1920 1204 1966 apographo,
1229 1932 1297 1965 quo
1316 1932 1404 1955 usus
1422 1932 1512 1963 sum,
1539 1921 1781 1967 subscriptum
1800 1933 1871 1955 non

96 1976 154 2019 sit,
182 1988 261 2011 eam
288 1977 332 2011 ab
359 1977 436 2022 ipso
463 1976 507 2011 ad
527 1975 713 2011 Canisium
740 1976 860 2009 datam
888 1986 978 2016 esse,
1006 1987 1051 2009 ex
1078 1975 1196 2016 rebus,
1223 1986 1314 2019 quas
1340 1974 1510 2017 continet,
1537 1975 1628 2010 satis
1647 1978 1783 2010 certum
1803 1978 1868 2010 est.

919 2098 1050 2140 520.

513 2193 576 2235 P.
609 2191 930 2235 IOANNES
963 2191 1062 2233 DE
1096 2189 1457 2243 POLANCQ

705 2273 924 2308 secretarius
951 2272 1142 2307 Societatis
1167 2272 1261 2313 Iesu,

444 2357 617 2399 nomine
650 2357 796 2399 Iacobi
828 2355 980 2406 Lainii,
1014 2355 1253 2411 praepositi
1285 2356 1516 2410 generalis,

849 2450 1122 2498 CANISIO.

725 2561 837 2596 Roma
863 2559 911 2596 15.
937 2558 1134 2596 Februarii
1160 2559 1248 2596 1561.

220 2646 277 2681 Ex
314 2645 522 2691 apographo
561 2645 719 2680 eiusdem
757 2643 949 2689 temporis;
987 2643 1023 2677 in
1061 2643 1242 2687 margine:
1293 2643 1513 2687 „Alemagna
1547 2642 1794 2677 Prouinciale⁴‘
1837 2644 1874 2676 et

104 2699 277 2745 (epistula
302 2700 347 2733 ad
364 2699 564 2734 Victoriam
590 2696 819 2743 interposita)
852 2696 1125 2739 „Postsoritta“.
1168 2695 1253 2731 cod.
1282 2695 1421 2739 ,Germ
1443 2697 1553 2732 1559“
1584 2697 1608 2732 f.
1628 2696 1871 2732 300b—301b.

224 2777 377 2811 Com-ilii
413 2788 468 2810 res
505 2777 603 2810 haud
641 2777 727 2809 adeo
764 2778 1020 2817 maturantm·;
1062 2774 1201 2808 Canisii
1238 2775 1306 2808 iter
1342 2775 1587 2808 tridentinum.
1627 2775 1666 2808 P.
1702 2775 1871 2808 Victoria.

104 2831 201 2865 Socii
226 2831 293 2864 alii
318 2831 366 2863 ad
387 2831 526 2874 qradus
549 2831 586 2863 in
615 2829 905 2863 universitatibus
930 2829 981 2861 vel
1015 2829 1053 2861 in
1089 2828 1231 2871 colleqz’o
1266 2828 1539 2871 vindobonensi,
1576 2827 1643 2861 alti
1677 2828 1724 2860 ad
1757 2837 1873 2861 sacer-

225 2944 234 2963 ¹
263 2942 427 2976 Elderen.

223 2996 237 3017 2
261 2996 349 3037 Has,
376 2994 619 3040 compluribus
645 2994 752 3028 rebus
779 2992 933 3034 omissis,
959 2992 1127 3036 vulgavit
1153 2994 1303 3026 Hansen
1329 2991 1352 3026 l.
1380 3003 1408 3026 c.
1436 3003 1469 3037 p.
1497 2991 1696 3026 382—383.

224 3051 237 3070 ³
261 3049 353 3084 Vide
379 3060 489 3095 supra
514 3061 548 3094 p.
579 3049 631 3082 16.
731 3049 743 3067 ‘¹
770 3047 810 3081 P.
838 3047 988 3080 Ioannes
1014 3045 1167 3080 Rethius
1193 3045 1227 3079 S.
1256 3045 1287 3080 J.

223 3103 237 3123 ⁵
261 3102 411 3137 Daniele
438 3101 591 3136 Brendel
617 3113 638 3135 a
663 3100 860 3144 Homburg.
967 3099 980 3119 θ
1006 3099 1105 3133 Haec
1131 3110 1172 3133 eo
1198 3110 1290 3133 anno
1319 3099 1372 3132 19.
1400 3098 1586 3133 Februarii
1611 3097 1779 3132 incohata
1806 3099 1871 3132 est.

224 3157 237 3177 ⁷
263 3156 446 3191 Everardo
473 3155 710 3190 Mercuriano.
811 3154 823 3174 ⁸
850 3152 1000 3193 Cholini,
1027 3152 1247 3198 typographi
1274 3152 1499 3186 coloniensis.
