2093 3444
197 185 279 225 100
403 181 482 216 537.
520 179 686 215 Canisius
712 179 894 214 Victoriae
921 182 989 214 etc.
1031 179 1125 223 Aug.
1152 179 1294 214 Vindel.
1321 179 1427 214 Mart.
1455 180 1515 214 vel
1541 181 1628 225 Apr.
1657 181 1758 215 1561.

313 301 367 342 .5.
393 299 663 342 Obseruetur
683 298 933 352 specialiter
956 300 1000 340 et
1023 298 1256 351 diligenter
1276 301 1325 341 ut
1347 298 1583 341 Rectoresa
1608 299 1811 353 quotanis
1834 299 1968 341 semel
2032 319 2034 321 ¹

194 365 246 407 de
270 364 530 407 Prouinciali
562 378 639 406 suo
663 364 717 406 ad
740 363 1043 418 Praepositum
1065 364 1314 416 generalem
1338 363 1543 415 scribant,
1577 363 1621 406 in
1643 364 1968 418 quibuscunque

192 431 323 472 rebus
355 429 428 472 ille
461 429 620 483 corrigi
660 430 730 471 uel
763 429 939 484 perficib
980 443 1108 483 posse
1149 429 1380 472 uidebitur.
1443 430 1521 472 Jta
1555 429 1748 472 scribant
1789 432 1834 473 et
1865 443 1968 472 0011-

193 496 380 538 sultores
414 495 465 537 de
498 509 576 536 suo
609 494 796 537 Rectore
829 494 883 537 ad
915 494 1233 536 Prouincialem
1266 497 1421 548 quarto
1455 500 1649 548 quoquec
1680 508 1851 547 mense,
1885 495 1967 537 hoc

193 564 281 611 est,
325 575 421 602 cum
455 559 844 613 quadrimestribus
877 561 952 601 aut
985 559 1116 602 etiam
1150 559 1187 601 si
1218 559 1436 602 uidebitur
1467 560 1682 610 crebrius,
1721 560 1797 602 sed
1828 560 1970 604 literis

192 626 235 667 id
269 625 510 679 obsignatis
542 626 721 678 agantl.

315 693 368 734 .6.
402 692 540 733 Detur
573 690 734 745 operad
765 692 814 732 ut
845 690 889 732 in
920 693 1116 745 tempore
1150 694 1193 733 et
1227 693 1421 733 correcte
1453 690 1672 734 scribante
1697 689 1758 745 [P]
1793 691 1968 744 quadri—

194 760 378 799 mestres
412 758 455 799 et
487 756 530 797 in
563 770 613 797 eo
647 755 816 809 quidem
852 755 1076 798 literarum
1102 770 1280 798 numero
1314 769 1440 809 quem
1464 756 1616 798 modus
1649 757 1720 798 ille
1754 756 1967 798 scribendi

193 821 317 863 nobis
349 821 607 876 praescribit
622 822 651 863 2.
687 835 780 862 cum
815 820 900 862 illis
934 820 988 863 ad
1021 820 1330 875 prouincialem
1354 820 1570 864 scribatur
1601 821 1653 863 de
1681 823 1800 864 statu
1832 820 1969 864 totius

193 887 372 941 Collegij
408 886 651 940 diligenter,
686 888 734 928 ut
766 889 910 929 status
935 885 1115 939 Collegij
1147 886 1310 928 rectius
1343 889 1633 939 cognoscatur
1665 889 1709 930 et
1741 886 1967 940 dirigatur.

192 952 318 995 Jamf
349 951 410 1006 [P]
445 966 556 1005 quae
589 951 643 994 ad
676 951 1002 994 renouationem
1036 951 1276 993 studiorum
1310 954 1534 1006 spectant,
1578 952 1824 1005 Augustam
1856 955 1969 994 tem-

195 1017 362 1072 pestiue
395 1017 626 1060 mittantur
642 1018 672 1060 3.
1129 1017 1284 1060 Petrus
1316 1017 1512 1059 Canisius
1545 1017 1827 1072 subscripsitg
1860 1015 1922 1072 [ἓ]

1137 1088 1215 1142 Quj
1250 1102 1297 1130 se
1329 1087 1607 1142 peculiariter
1639 1088 1681 1130 in
1714 1087 1898 1130 Domino

1123 1160 1299 1202 Patrum
1335 1160 1606 1213 fratrumque
1639 1159 1914 1202 commendat

1410 1231 1621 1286 precibus.

315 1325 518 1371 Epistulam
546 1325 647 1367 hanc,
676 1326 732 1360 cui
760 1328 901 1371 tempus
929 1326 1124 1371 ascriptum
1152 1338 1221 1360 non
1249 1327 1314 1366 est,
1351 1328 1434 1360 ante
1461 1337 1593 1360 3111111111
1622 1326 1713 1360 1564
1740 1326 1861 1360 datam
1889 1337 1970 1360 esse

194 1391 238 1413 ex
265 1391 305 1413 eo
332 1381 451 1424 patet,
488 1379 581 1424 quod
607 1379 641 1413 in
670 1390 711 1413 ea
739 1380 887 1413 Austria
914 1382 950 1413 et
976 1379 1147 1414 Bohemia
1183 1382 1223 1413 ut
1258 1382 1380 1424 partes
1406 1379 1613 1424 provinciae
1641 1378 1832 1414 Societatis
1863 1378 1969 1421 „Ger-

193 1433 334 1467 maniae
360 1433 575 1478 superioris“
607 1433 842 1468 exhibentur:
883 1445 903 1467 a
930 1445 999 1477 qua
1027 1445 1119 1467 311110
1149 1434 1239 1467 1563
1266 1435 1457 1478 separatae
1483 1435 1577 1467 sunt.
1628 1433 1668 1467 In
1695 1433 1821 1467 iisdem
1847 1435 1969 1467 autem

193 1486 326 1521 litteris
354 1486 520 1521 Canisius
552 1486 836 1529 „consult01·um“
867 1498 1012 1521 suorum
1041 1486 1376 1530 ingolstadiensium
1413 1486 1630 1521 mentionem
1665 1486 1753 1520 facit
1783 1486 1858 1530 (qui
1885 1488 1971 1520 ante

193 1551 239 1574 m.
267 1540 507 1574 Novembrem
535 1552 565 1574 a.
596 1540 687 1574 1560
714 1540 900 1574 constituti
927 1552 995 1574 nou
1023 1543 1126 1575 sunt:
1155 1553 1189 1574 v.
1222 1542 1307 1575 Can.
1335 1540 1399 1585 lep.
1420 1540 1463 1580 11,
1491 1539 1574 1583 753)
1605 1551 1646 1574 ac
1673 1542 1832 1574 rectores
1862 1538 1969 1582 „Offi-

193 1593 286 1628 cium
307 1593 563 1628 Provincialis“
596 1593 865 1638 (recognitum),
894 1594 986 1638 quod
1013 1594 1090 1639 ipse
1121 1606 1209 1635 ,non
1233 1594 1347 1628 multo
1374 1596 1455 1639 post
1472 1593 1728 1639 transcriptum
1756 1593 1798 1627 ad
1823 1594 1964 1628 omnes“

193 1648 370 1681 missurus
396 1648 453 1689 sit,
482 1647 674 1691 diligenter
700 1647 819 1691 legere
846 1648 945 1681 iubet
973 1648 1064 1693 (ipse
1093 1659 1137 1682 m.
1157 1649 1324 1691 Augusto
1351 1659 1382 1682 3.
1405 1648 1495 1682 1560
1522 1647 1680 1681 officium
1706 1647 1772 1681 hoc
1798 1658 1818 1680 a
1845 1646 1969 1681 Lainio

194 1703 402 1746 acceperat;
439 1701 522 1734 vide
549 1701 571 1735 1.
599 1713 627 1735 (·.
659 1701 708 1743 ΙΙ,
742 1700 826 1744 687)
856 1703 891 1735 et
919 1701 1044 1735 iisdem
1078 1701 1243 1745 ‚regulas
1272 1701 1467 1742 Roetoris‘,
1505 1712 1594 1745 quas
1626 1712 1690 1743 „ex
1716 1699 1812 1734 Vrbe
1838 1700 1970 1734 missas

193 1755 433 1800 acceperint“,
461 1755 688 1789 commendat
715 1755 915 1798 (mensibus
934 1754 1126 1789 Februario
1154 1757 1190 1788 et.
1211 1754 1343 1788 Martio
1369 1766 1399 1789 a.
1423 1754 1509 1788 1561
1540 1765 1600 1788 eas
1627 1755 1860 1799 acceperant;
1886 1753 1970 1788 vide

193 1819 302 1853 supra
329 1820 361 1853 p.
389 1809 445 1842 50.
473 1809 557 1851 57);
591 1820 702 1852 quare
737 1808 803 1842 has
839 1807 980 1842 litteras
1011 1819 1127 1852 neque
1154 1811 1237 1842 ante
1265 1820 1309 1842 m.
1337 1808 1507 1842 Martium
1536 1819 1566 1841 a.
1596 1807 1683 1842 1561
1712 1819 1829 1851 neque
1854 1807 1969 1842 multo

194 1864 275 1907 post
301 1863 404 1897 datas
431 1874 510 1896 esse
537 1862 725 1897 dicendum
753 1864 819 1896 est.
876 1862 970 1904 „Hoc
999 1862 1220 1907 proxiinun1“
1251 1864 1371 1896 autem
1404 1861 1686 1906 „quadrimestre
1711 1861 1890 1906 teinpus“,
1923 1860 1966 1895 ad

194 1915 287 1961 quod
320 1916 510 1961 praecipue
546 1915 630 1950 illae
665 1918 850 1961 spectant,
887 1918 923 1950 et
959 1916 1060 1949 cuius
1097 1915 1198 1949 initio
1224 1915 1409 1960 proximae
1439 1914 1604 1958 (alterae)
1638 1914 1800 1957 „litterae
1827 1914 1969 1958 quadri-

193 1971 366 2004 mestres“
396 1969 606 2003 scribendae
639 1971 761 2007 erant,
795 1980 815 2003 a
842 1980 964 2003 mense
990 1969 1086 2003 Maio
1119 1969 1359 2014 incipiendum
1387 1971 1482 2009 erat;
1520 1968 1565 2002 cf.
1597 1968 1682 2002 Can.
1711 1967 1798 2012 Epp.
1828 1968 1859 2009 Ι,
1887 1968 1967 2002 336.

194 2022 231 2057 Si
258 2023 338 2067 quis
365 2035 490 2068 porro,
526 2034 618 2067 quae
647 2022 812 2057 Canisius
838 2022 965 2057 harum
993 2022 1195 2056 litterarum
1223 2034 1256 2056 n.
1285 2024 1304 2056 6
1333 2022 1375 2056 de
1400 2021 1533 2056 litteris
1559 2021 1895 2066 quadrimestribus.
1913 2021 1968 2064 „in

192 2079 354 2121 tempore
390 2079 426 2110 et
461 2077 638 2111 correcte“
681 2087 722 2110 ac
757 2075 850 2110 iusto
885 2087 1032 2110 numero
1070 2076 1268 2110 scribendis
1305 2078 1340 2109 et
1375 2076 1417 2109 de
1452 2075 1560 2110 rebus
1595 2075 1637 2109 ad
1679 2074 1967 2117 „renouationem

194 2130 412 2165 studiorum“
452 2130 701 2175 spectantibus
741 2130 994 2175 „tempestiue“
1034 2130 1101 2164 sibi
1138 2129 1323 2163 mittendis
1357 2130 1497 2170 monet,
1533 2128 1817 2163 consideraverit
1852 2130 1888 2162 et
1923 2139 1968 2163 ex

313 2248 327 2262 ὃ
352 2241 517 2276 Rectoris
543 2254 600 2286 ap.
700 2242 715 2263 b
740 2242 914 2287 perficere
940 2254 997 2285 (tp.

312 2303 323 2316 ⁰
349 2307 561 2340 quacunque
588 2307 668 2339 ap.;
694 2297 787 2339 quod
814 2298 875 2339 ita,
904 2299 940 2329 ut
958 2297 1110 2339 correxi,
1138 2295 1386 2339 corriyendum
1408 2306 1487 2338 esse,
1513 2306 1562 2328 vv.
1575 2295 1748 2338 proxima
1768 2295 1964 2329 ostendunt.

193 2350 232 2383 V.
259 2351 363 2383 etiam
391 2351 493 2392 infra
519 2350 604 2383 adn.
635 2352 654 2383 1
682 2350 791 2383 huius
810 2361 895 2393 pay.
994 2349 1008 2369 ‘¹
1035 2360 1101 2394 opa
1128 2361 1185 2392 ap.
1284 2354 1296 2369 θ
1325 2349 1385 2382 Sic
1412 2360 1494 2391 ap.,·
1519 2347 1724 2382 scribantur
1742 2349 1760 2381 ‚9

314 2402 324 2422 s
348 2403 409 2436 Sic
434 2414 514 2446 ap.,·
539 2405 617 2436 tum
637 2405 654 2436 ἓ
702 2403 798 2437 Jtem
819 2404 836 2436 12

307 2461 321 2481 g
348 2456 408 2489 Sic
443 2467 523 2499 ap.;
555 2457 710 2498 fortasse
744 2457 926 2500 Zeyendum
951 2454 1083 2489 Petrus
1110 2453 1276 2488 Canisius
1303 2453 1381 2488 Soc.
1408 2453 1490 2488 Iesu
1524 2455 1576 2487 vel
1605 2455 1717 2488 solum
1743 2453 1875 2488 Petrus
1902 2453 1966 2488 Ca-

195 2508 308 2543 nisius
319 2521 333 2551 ‚·
359 2510 396 2542 id
422 2510 516 2553 quod
542 2510 631 2542 mihi
655 2510 756 2553 lonqe
780 2511 894 2553 mayis
912 2509 1095 2552 probatur
1103 2521 1118 2551 ;
1149 2509 1326 2542 librarius
1352 2509 1443 2541 enim
1470 2508 1756 2551 itzyolstadiensis
1781 2508 1968 2541 adnotasse

196 2563 338 2595 videtur
364 2561 590 2607 subscripsit,
616 2567 656 2595 ut
681 2563 910 2606 significaret,
941 2563 1123 2596 Canisium
1150 2562 1215 2595 has
1239 2563 1376 2595 litteras
1402 2561 1446 2594 ab
1463 2562 1574 2595 altero
1590 2561 1742 2605 scriptas
1766 2572 1831 2594 sua
1857 2572 1969 2594 manu

194 2616 450 2659 subscripsisse.
502 2616 670 2650 Pachtzer
695 2617 717 2651 l.
745 2628 771 2650 c.
799 2617 897 2649 haud
922 2620 1032 2649 recte:
1057 2614 1336 2649 subditissimus.

197 2740 234 2774 S.
262 2740 426 2783 Ignatius
459 2739 495 2773 in
522 2739 848 2775 Constitutionibus
887 2739 942 2783 (P.
969 2740 1001 2781 9,
1029 2751 1058 2773 (·.
1087 2739 1127 2781 6,
1162 2751 1196 2773 n.
1227 2739 1269 2773 10
1296 2740 1333 2773 et
1358 2738 1400 2782 F)
1428 2737 1564 2780 solum,
1599 2739 1641 2772 ut
1665 2737 1759 2772 inter
1785 2737 1966 2782 generalis

195 2792 390 2837 praepositi
427 2793 652 2828 consultores
685 2792 764 2828 sive
804 2792 1055 2835 „assistentes“
1094 2792 1297 2826 huiusmodi
1333 2791 1538 2826 distributio
1567 2790 1836 2833 institueretur,
1871 2801 1965 2825 com·

195 2846 442 2880 mendaverat.

320 2899 330 2919 ¹
358 2898 447 2933 Cum
475 2900 511 2934 S.
539 2901 703 2943 Iynatius
740 2898 947 2940 statuisset,
983 2900 1023 2933 ut
1048 2900 1228 2933 rectorum
1264 2897 1489 2932 consultores
1523 2897 1578 2932 bis
1612 2896 1765 2941 singulis
1792 2896 1895 2931 annis
1920 2896 1965 2930 de

196 2953 334 2986 rectore
360 2963 425 2986 suo
452 2952 494 2986 ad
522 2953 767 2997 praepositum
792 2951 998 2996 generalem
1034 2952 1235 2986 scriberent
1262 2950 1563 2995 (Constitutiones
1588 2949 1628 2984 P.
1654 2951 1687 2988 4.
1714 2961 1742 2984 0.
1773 2950 1825 2992 17,
1851 2961 1886 2984 n.
1914 2949 1964 2993 7),

196 3004 233 3038 in
259 3005 512 3050 antiquissima
537 3005 600 3039 illa
626 3006 854 3048 *„Formula
880 3005 1095 3045 scribendi“,
1122 3016 1213 3049 quae
1232 3005 1266 3038 in
1286 3004 1360 3038 cod.
1393 3004 1559 3048 „Antiqu.
1577 3002 1748 3047 Ingolstst‘
1777 3002 1801 3036 f.
1822 3002 1964 3037 67—70

197 3059 328 3100 exstat,
363 3058 454 3092 haec
482 3058 522 3102 (f.
549 3058 633 3102 67¹³)
670 3058 789 3104 posita
813 3060 917 3093 sunt:
958 3057 1208 3101 „Consultores
1233 3057 1520 3103 praepositorum
1544 3055 1732 3097 localium,
1767 3055 1960 3090 Rectorum

197 3121 248 3145 ac.
265 3113 529 3156 praefectorum
555 3111 776 3157 probationis
801 3112 964 3146 scribant
988 3111 1200 3156 prouinciali
1225 3111 1277 3144 4.⁰
1302 3121 1442 3155 quoque
1468 3110 1622 3145 mense.“

316 3165 330 3185 ²
356 3164 408 3199 of.
436 3176 546 3210 supra
571 3177 604 3209 p.
631 3165 708 3200 60⁸.
856 3166 869 3185 ³
895 3164 948 3199 cf.
979 3165 1064 3199 Can.
1092 3164 1180 3209 Epp.
1208 3164 1251 3205 11,
1280 3164 1359 3198 772.
