2093 3444
219 179 304 220 392
780 175 859 210 670.
897 174 1062 210 Canisius
1088 175 1269 211 Stanislao
1295 176 1417 212 Hosio.

218 293 437 337 typoqrapho
463 293 649 336 dilinyano
683 294 725 326 de
750 293 938 336 Noquerae
963 294 1054 327 libro
1090 298 1167 337 asset
1199 298 1302 337 atque
1327 294 1442 338 hunc,
1476 299 1514 327 ut
1549 299 1579 327 et
1605 295 1735 328 librum
1771 295 1926 330 absolvat
1960 301 1992 330 et

219 347 391 391 quaedam
423 347 606 390 restituat,
643 351 765 380 monet.
815 347 1011 390 Nicephori
1042 348 1149 380 codex
1181 358 1341 390 ⁴(Jraececs.
1392 348 1605 391 Auyustana
1639 349 1768 382 messis.
1823 349 1990 384 canisius

218 400 480 443 illm-tyroloyio
503 401 703 443 yet-manica
729 400 859 432 edendo
886 410 1027 442 operam
1055 401 1206 433 navavit.
1262 401 1384 443 Optat,
1418 404 1458 433 ut
1481 411 1568 433 secus
1594 401 1734 444 quidem
1760 401 1988 435 catechismus

217 453 453 497 approbetur,
491 453 616 486 melior
649 464 728 486 vero
765 453 898 496 aliquis
930 453 1108 496 publicam
1146 453 1274 496 ubique
1310 455 1557 486 (alletoritatem
1592 454 1833 488 nanciscatur.
1884 455 1990 488 Hosii

219 507 390 539 valetudo.

425 643 545 684 Paxa
578 642 736 684 Christi
768 642 991 684 nobiscum
1023 641 1329 684 Jllustrissime
1361 642 1544 684 Domine
1575 643 1779 685 Patrone.

336 729 622 779 Quotidianae
645 730 894 780 Conciones,
918 731 967 771 ut
989 743 1139 771 uerum
1161 729 1317 779 fatear,
1348 729 1392 770 in
1414 729 1638 772 scribendo
1661 744 1730 772 me
1752 730 1989 774 tardiorem

215 795 414 838 reddunt.
480 795 731 848 Cogitamus
773 798 922 837 tamen
955 794 1006 837 de
1039 794 1226 836 Concilio
1259 808 1411 849 saepe,
1455 797 1499 837 et
1537 809 1710 837 oramus
1742 795 1987 848 Dominum,

216 860 578 913 quemadmodum
602 863 645 903 et
668 860 874 903 adiuncta
897 859 1066 902 docebit
1088 859 1282 914 precatio
1296 860 1324 911 1,
1359 859 1572 913 simulque
1600 860 1850 903 confidimus
1882 861 1989 912 fore,

216 927 264 966 ut
285 925 511 967 Ecclesiae
543 939 648 967 suae
682 928 828 968 custos
860 928 905 967 et
936 928 1082 968 rector
1113 925 1155 966 in
1188 924 1385 979 patribus
1418 926 1643 967 confirmet
1674 925 1990 979 grauitatis2

216 993 260 1032 et
304 990 570 1033 lenitatis
615 990 895 1044 Apostolicae
939 990 1256 1044 spiritum3,
1303 1004 1429 1043 quem
1473 1004 1579 1032 sane
1626 990 1904 1045 peculiariter
1945 991 1990 1033 in

215 1056 402 1098 Decreto
436 1056 653 1098 secundae
685 1055 889 1098 sessionis
921 1055 1116 1097 uidemur
1143 1055 1476 1110 deprehendere,
1512 1059 1556 1098 et
1588 1056 1705 1110 grati
1736 1056 1991 1110 praedicare

216 1121 422 1163 debemus
440 1122 468 1163 4.
534 1120 629 1163 Tali
669 1121 871 1162 nimirum
912 1121 1025 1163 lacte
1057 1120 1229 1175 paruuli
1261 1121 1444 1174 egent5,
1487 1120 1567 1163 hoc
1609 1120 1737 1163 hamo
1774 1124 1990 1175 uagantes

215 1200 266 1228 ac
298 1189 531 1240 pereuntes
572 1186 713 1241 pisces
754 1186 915 1228 rectius
947 1186 1197 1228 inescantur
1213 1186 1240 1228 ⁶.
1306 1186 1415 1228 Sunt
1455 1185 1637 1228 interim·
1671 1186 1771 1228 boni
1809 1189 1854 1230 et
1885 1201 1989 1241 pru-

216 1251 370 1293 dentes
402 1251 506 1306 uirj,
552 1251 623 1305 qui
655 1251 934 1294 uehementer
968 1254 1140 1306 optent,
1176 1254 1269 1294 tum
1303 1265 1357 1292 ex
1389 1251 1644 1294 Tridentina
1676 1252 1862 1305 synodo,
1896 1255 1990 1295 tum

216 1330 273 1358 ex
316 1317 459 1359 uicina
502 1316 639 1359 Jtalia
684 1331 819 1358 nouos
864 1331 942 1359 nec
986 1317 1258 1370 inelegantes
1299 1316 1471 1371 prodire
1513 1317 1770 1371 scriptores,
1817 1317 1889 1371 qui
1933 1317 1989 1360 ad

213 1383 421 1424 tuendam
466 1383 580 1424 sedis
621 1381 900 1436 Apostolicae
942 1385 986 1424 et
1027 1382 1250 1424 Ecclesiae
1292 1382 1541 1424 Catholicae
1583 1381 1841 1435 dignitatem
1883 1396 1985 1425 suas

216 1460 371 1500 operas
394 1448 560 1490 locent:
594 1461 689 1489 curn
723 1448 790 1489 edi
823 1447 961 1490 multa
992 1448 1034 1489 id
1067 1462 1204 1501 genus
1227 1450 1389 1500 queant
1416 1461 1576 1500 magna
1608 1461 1704 1489 cum
1737 1451 1988 1490 exterorum

218 1512 422 1555 utilitate.
487 1513 603 1554 Nam
634 1512 678 1554 in
710 1513 762 1567 ijs
794 1513 991 1567 legendis
1022 1512 1143 1555 libris
1176 1513 1311 1563 nouis,
1353 1527 1460 1566 quos
1492 1512 1716 1554 Ecclesiae
1748 1513 1987 1568 aduersarij

215 1592 302 1620 non
343 1592 438 1620 cum
479 1578 658 1629 iudicio,
704 1578 779 1620 sed
824 1593 902 1633 pro
943 1592 1022 1620 sua
1064 1578 1240 1620 libidine
1278 1581 1512 1632 spargunt,
1558 1578 1787 1632 plerosque
1828 1592 1990 1632 magna

218 1643 360 1697 coepit
405 1643 608 1694 satietas,
658 1647 706 1687 ut
749 1644 891 1685 dicere
935 1644 1188 1686 uideantur:
1234 1643 1505 1685 Nauseat
1545 1643 1736 1685 anima
1779 1646 1990 1686 nostra

216 1723 382 1763 super
423 1709 542 1751 cibo
583 1709 727 1752 isto7
768 1709 990 1753 uilissimO.
1059 1710 1360 1763 Expetuntur,
1404 1709 1476 1762 qui
1517 1707 1723 1751 salutaris
1764 1707 1988 1750 doctrinae

215 1788 371 1828 panem
405 1775 627 1817 commode
659 1775 885 1828 frangere,
928 1777 1060 1827 atque
1092 1774 1285 1828 paruulis
1318 1774 1372 1816 ad
1404 1774 1518 1815 hunc
1558 1773 1698 1815 cibum
1731 1772 1987 1827 capiendum

215 1839 476 1881 auidissimis
499 1840 757 1883 distribuere
790 1840 925 1882 uelint
958 1843 1002 1882 et
1019 1839 1187 1894 possint
1202 1840 1231 1882 8.
1275 1839 1435 1881 Paulus
1458 1838 1692 1889 Manutius,
1728 1838 1799 1891 qui
1821 1839 1987 1880 Romae

216 1904 568 1959 Typographiam
610 1905 872 1955 instruxitf',
916 1905 1021 1947 illud
1061 1904 1254 1959 polliceri
1295 1904 1488 1953 uidetur,
1532 1906 1579 1946 ut
1619 1906 1719 1958 post
1751 1904 1802 1946 D.
1835 1903 1988 1946 Polum

216 1969 302 2011 iam
345 1970 529 2021 editum,
576 1973 620 2012 et
660 1971 779 2013 breui
813 1971 881 2012 hic
914 1970 1203 2012 recudendum
1222 1970 1270 2020 1⁰,
1314 1970 1539 2023 elegantes
1581 1969 1702 2011 nobis
1744 1982 1988 2023 grauesque

336 2121 350 2135 ³
376 2117 454 2149 Hoc
478 2127 507 2150 ¹12.
535 2121 565 2149 et
591 2119 612 2149 5
637 2128 709 2160 sqq.
737 2128 757 2149 (ι
789 2115 896 2160 Cypr.
923 2117 1052 2149 omissa
1077 2121 1170 2149 sunt.

340 2249 348 2268 ¹
378 2249 477 2290 Vide,
505 2260 596 2293 quae
623 2249 688 2283 sub
715 2249 813 2294 ipsas
838 2248 905 2283 has
930 2248 1071 2282 litteras
1098 2249 1271 2282 dicentur.
1371 2248 1384 2268 ²
1410 2248 1479 2282 Tit.
1507 2248 1538 2289 2,
1567 2248 1597 2282 7.
1697 2249 1710 2268 ³
1736 2247 1814 2297 Gal.
1843 2248 1874 2289 6,
1905 2248 1933 2282 1.

337 2303 349 2322 ⁴
376 2301 542 2346 Synodus
567 2302 603 2336 in
630 2302 790 2336 sessione
817 2302 848 2336 2.
869 2301 996 2345 (totius
1023 2301 1162 2335 concilii
1189 2301 1259 2345 18.)
1288 2301 1343 2335 26.
1363 2300 1549 2335 Februarii
1570 2301 1658 2335 1562
1685 2300 1808 2335 habita
1834 2301 1988 2346 primum

218 2355 362 2398 quidem
390 2355 570 2397 decrevit,
606 2359 665 2393 ut.
703 2356 869 2400 quoniam
900 2357 1169 2400 „suspectorum
1201 2366 1242 2389 ac
1268 2354 1548 2400 perniciosorum
1574 2354 1765 2388 librorum⁴⁴
1801 2365 1990 2396 „numerus

217 2408 323 2442 nimis
350 2409 606 2449 exc1·evisset“‚
634 2409 762 2443 delecti
781 2411 911 2454 patres,
941 2408 1024 2452 quid
1045 2408 1087 2442 de
1110 2408 1211 2442 libris
1237 2411 1346 2452 atque
1372 2409 1481 2442 etiam
1509 2408 1551 2442 de
1570 2407 1731 2442 censuris
1756 2407 1791 2441 in
1818 2418 1878 2442 eos
1904 2407 1990 2442 latis

222 2461 392 2504 („Index“
415 2462 520 2496 Pauli
537 2462 599 2496 IV.
618 2463 774 2496 maxime
802 2462 1041 2505 significatur)
1072 2462 1168 2496 facto
1195 2472 1284 2506 opus
1311 2463 1427 2502 esset,
1459 2461 1672 2505 „diligenter
1697 2460 1984 2495 considerarent⁴‘

219 2526 356 2559 suoque
382 2517 543 2560 tempore
578 2516 623 2549 ad
649 2516 827 2560 synodum
853 2516 1048 2556 referrent,
1085 2526 1154 2559 quo
1179 2514 1324 2549 facilius
1359 2515 1438 2559 ipsa
1464 2515 1586 2559 posset
1620 2513 1734 2548 falsas
1760 2513 1942 2548 doctrinas
1968 2525 1989 2548 a

218 2568 316 2602 veris
342 2579 510 2613 separare
542 2569 675 2613 „deque
701 2569 758 2603 1115
785 2568 1004 2602 commodius
1023 2568 1231 2610 deliberare,
1259 2569 1295 2602 et
1320 2570 1491 2608 statuere,
1518 2578 1610 2611 quae
1636 2567 1680 2601 ad
1706 2566 1916 2611 scrupulum
1943 2578 1990 2600 ex

219 2621 457 2666 complurium
483 2622 613 2656 animis
640 2622 886 2664 eximendum,
923 2624 959 2655 ct
984 2621 1162 2656 tollendas
1194 2621 1390 2655 multarum
1425 2620 1652 2664 querelarum
1687 2630 1836 2661 causas,
1871 2619 1989 2663 magis

220 2677 439 2720 opportiina“
470 2675 550 2710 visa
576 2677 716 2716 essent;
749 2686 872 2709 omnes
897 2677 1018 2709 autem
1045 2677 1080 2709 et
1106 2686 1148 2708 ea
1174 2674 1217 2708 de
1248 2686 1287 2708 re
1321 2676 1358 2709 et
1383 2674 1426 2708 de
1452 2673 1532 2708 aliis
1564 2673 1600 2706 in
1625 2673 1762 2718 synodo
1788 2673 1989 2708 tractandis

220 2729 264 2762 ab
299 2729 424 2763 eadem
449 2729 604 2773 benigne
639 2728 801 2762 auditum
832 2728 886 2762 iri.
936 2727 1073 2762 Deinde
1108 2727 1267 2773 synodus
1306 2738 1390 2772 „per
1415 2726 1556 2761 viscera
1590 2725 1875 2760 misericordia&
1905 2726 1989 2761 Iesu

221 2781 356 2816 Christi
383 2793 517 2824 omnes,
544 2782 607 2827 qui
632 2793 712 2816 cum
739 2781 817 2826 ipsa
848 2781 1150 2823 „communionem
1178 2792 1248 2815 non
1273 2780 1481 2821 haberent“‚
1511 2779 1576 2822 „ad
1602 2779 1847 2820 concordiam,
1875 2780 1911 2812 et
1935 2790 1988 2813 re-

221 2835 526 2870 conciliationem*
557 2837 593 2869 et
617 2836 659 2869 ut
683 2834 895 2868 Tridentum
922 2835 1096 2876 venirent,
1123 2833 1314 2875 invitavit,
1341 2844 1380 2867 se
1410 2832 1595 2875 „omnibus
1621 2831 1810 2866 charitatis
1836 2831 1984 2866 officiis“

220 2899 281 2922 eos
311 2889 619 2933 „complexuram“
651 2899 731 2922 esse
758 2887 989 2932 promittens,
1024 2886 1223 2930 simulque,
1258 2887 1299 2920 ut
1324 2885 1413 2920 fides
1445 2885 1588 2930 publica
1623 2885 1702 2919 sive
1733 2884 1876 2927 „salvus
1908 2895 1987 2919 con-

221 2941 368 2976 ductus“
399 2941 443 2976 iis
470 2941 616 2976 concedi
642 2942 776 2986 posset,
803 2940 1001 2974 constituit.
1101 2940 1114 2960 ⁵
1141 2939 1193 2974 Cf.
1223 2939 1238 2973 1
1269 2938 1347 2972 Cor.
1375 2939 1407 2978 3,
1437 2940 1466 2972 1.
1494 2938 1526 2972 2.
1576 2937 1685 2972 Hebr.
1713 2938 1745 2980 5,
1774 2938 1826 2971 12.
1857 2936 1910 2971 13.

341 2995 354 3014 ⁶
381 2994 434 3029 Cf.
461 2995 528 3029 Ier.
559 2995 613 3037 16,
642 2995 695 3028 16.
747 2993 876 3026 Matth.
904 2994 935 3034 4,
965 2993 1008 3027 19
1035 2994 1102 3027 etc.
1218 2993 1230 3012 ⁷
1255 2991 1362 3025 Num.
1388 2992 1444 3033 21,
1471 2992 1503 3026 5.
1618 2992 1631 3011 ⁸
1658 2989 1712 3025 Cf.
1738 2990 1868 3024 Thren.
1895 2990 1928 3031 4,
1953 2990 1987 3025 4.

342 3048 355 3068 ⁹
380 3048 471 3082 Vide
497 3059 607 3093 supra
631 3059 666 3092 p.
694 3046 793 3081 160³.

329 3101 357 3121 ¹0
381 3100 573 3144 Reginaldi
607 3099 800 3134 cardinalis
835 3098 913 3132 Poli
951 3098 987 3142 (†
1015 3097 1143 3141 1558),
1179 3097 1438 3142 archiepiscopi
1472 3095 1753 3137 cantuariensis,
1787 3095 1878 3130 liber
1916 3094 1988 3137 „De

222 3153 391 3188 concilio“
423 3165 454 3187 a.
482 3153 574 3188 1562
599 3155 636 3187 et
661 3152 796 3186 Romae
827 3153 863 3185 ct
891 3151 988 3195 (cum
1014 3151 1174 3185 eiusdem
1204 3150 1490 3194 „Reformatione
1515 3148 1707 3193 Angliae“)
1735 3147 1902 3192 Dilingae
1929 3159 1988 3182 ex-
