2093 3444
373 202 530 238 Monum.
562 203 767 248 (litteraria)
796 205 875 240 400.
905 204 1070 249 (Ineunte
1095 205 1290 240 Novembri
1317 217 1348 240 a.
1378 206 1495 250 1562.)
1731 209 1812 250 797

52 317 190 350 stianae
216 314 298 348 fidei
324 316 510 348 auctorum
537 326 579 348 ac
605 318 834 356 assertorum,
862 317 1018 350 verendo
1044 316 1186 359 intuitu,
1213 317 1477 361 segregationis
1503 317 1714 362 percelleret
1732 317 1817 351 arti-

52 369 156 410 fices;
194 368 357 411 filiosque
383 367 640 402 subtractionis
666 369 801 413 pudore
827 370 1000 410 suffusos,
1037 371 1175 413 piorum
1201 370 1376 405 Maiorum
1402 371 1605 405 reuerentia
1630 371 1817 405 reduceret

53 422 96 455 ad
123 433 231 456 verae
256 420 386 454 Matris
413 420 600 463 gremium.
635 422 773 467 Prodijt
800 422 833 456 in
860 422 976 456 lucem
1002 423 1226 467 praeclarum
1251 423 1318 458 hoc
1345 435 1433 468 opus
1460 435 1632 458 excusum
1650 423 1816 468 Dilingae

52 486 143 509 anno
181 474 310 509 salutis
351 473 460 507 1562“
504 473 819 519 (Martyrologium
858 475 1084 510 Gallicanum
1121 503 1127 510 .
1165 475 1288 510 Studio
1327 488 1369 510 ac
1407 477 1527 511 labore
1566 477 1730 511 Andreae
1769 477 1815 510 (111

52 527 211 573 Saussay
236 526 409 566 Parisini,
446 526 479 560 S.
508 527 547 561 R.
576 527 615 562 E.
642 528 902 569 Protonotarii,
930 528 1198 563 Concionatoris
1224 530 1347 572 Regii,
1382 542 1519 564 necnon
1545 530 1727 565 Ecclesiae
1754 530 1814 564 SS.

52 580 142 626 Lupi
168 583 204 615 et
228 580 371 623 Aegidii
398 580 433 614 in
460 580 546 613 urbe
574 581 747 615 Pastoris.
787 581 885 616 Tom.
913 582 928 615 Ι
957 582 1135 625 [Lutetiae
1161 582 1381 617 Parisiorum
1411 583 1525 628 1637]‚
1552 595 1583 628 p.
1611 584 1727 626 LX1v).

171 633 339 668 Ceterum
364 633 613 678 martyrologii
640 634 813 668 canisiani
839 635 1018 679 privatam
1044 638 1183 670 tantam
1210 638 1246 670 et
1270 636 1382 670 fuisse
1401 638 1437 670 et
1455 648 1533 671 esse
1552 637 1814 678 auctoritatem,

51 699 95 721 ex
121 687 188 721 hoc
214 687 291 732 ipso
318 688 437 731 patet,
465 686 557 730 quod
585 698 707 721 omnes
733 688 911 729 fatentur,
938 688 1075 722 nullum
1102 689 1242 723 omnino
1268 689 1585 734 martyrologium,
1621 693 1814 734 antequam

51 740 247 784 Gregorius
267 740 362 774 XIII.
390 739 688 784 martyrologium
715 752 900 774 romanum
923 741 1211 786 (usuardianum)
1232 743 1330 776 iussu
1349 754 1412 776 suo
1430 743 1653 786 recognitum
1672 755 1702 777 a.
1725 743 1813 777 1583

50 796 86 827 et
115 794 205 828 1584
230 793 474 836 evulgandum
501 793 660 834 curavit,
687 794 731 828 ab
758 794 928 835 ecclesia,
956 794 1060 839 plane
1086 795 1214 829 saltem
1240 795 1550 840 sollemniterque,
1578 797 1814 841 approbatum

50 858 129 881 esse
144 847 164 881 ¹.
199 847 358 886 Accedit,
386 846 479 890 quod
507 846 763 891 martyrologio
790 848 971 881 canisiano
997 848 1095 881 nulla
1122 848 1279 894 episcopi
1305 849 1508 891 augustani,
1534 850 1570 883 in
1596 850 1697 884 cuius
1721 850 1813 884 dioe-

50 899 123 934 cesi
150 911 323 934 excusum
350 902 425 940 est,
453 900 611 944 ascripta
638 903 694 934 est
720 901 929 945 approbatio
956 901 1014 934 vel
1041 902 1239 936 excudendi
1265 902 1440 944 facultas,
1475 902 1544 936 nisi
1579 903 1671 947 quod
1708 903 1741 937 in
1773 915 1814 937 ea

48 953 309 998 typographia,
345 965 453 997 quam
480 952 638 997 episcopi
664 954 777 998 ipsius
803 954 915 988 fuisse
942 954 1085 988 aliunde
1112 957 1272 996 constat,
1308 956 1424 1000 ipsum
1460 967 1632 990 excusum
1668 968 1746 991 esse
1777 956 1813 990 in

49 1006 131 1040 libri
156 1007 240 1041 folio
266 1006 406 1041 titulari
432 1006 668 1049 significatur.

167 1060 207 1094 In
246 1060 408 1104 collegiis
445 1059 651 1104 provinciae
688 1059 878 1094 Societatis
917 1061 997 1094 Iesu
1035 1060 1247 1095 Germaniae
1284 1061 1478 1106 superioris
1516 1062 1606 1097 liber
1642 1062 1700 1097 hic
1737 1074 1813 1097 sae-

49 1113 128 1147 culo
155 1113 250 1148 XVI.
277 1113 322 1147 ad
347 1125 509 1147 mensam
536 1113 679 1146 videtur
705 1125 784 1147 esse
809 1113 944 1154 lectus;
980 1114 1016 1148 in
1042 1115 1162 1148 codice
1189 1115 1281 1149 enim
1308 1116 1480 1159 quodam,
1517 1116 1577 1160 qui
1602 1116 1735 1150 multas
1761 1128 1813 1150 re-

49 1166 172 1210 gulas,
204 1167 448 1201 institutiones
475 1169 542 1200 etc.
570 1166 606 1200 in
633 1166 794 1209 collegiis
820 1167 1088 1208 vindobonensi,
1116 1168 1323 1202 monacensi
1349 1171 1416 1202 etc.
1443 1169 1518 1203 fere
1544 1169 1624 1203 inde
1650 1169 1694 1203 ab
1721 1181 1812 1204 anuo

51 1220 140 1254 1552
167 1220 323 1265 scriptas
348 1220 408 1254 vel
443 1220 654 1254 observatas
689 1220 866 1261 continet,
903 1222 1024 1254 exstat
1049 1222 1191 1263 *„Ord0
1227 1233 1349 1255 eorum
1384 1234 1476 1265 quae
1511 1222 1583 1266 legi
1618 1223 1654 1256 in
1689 1235 1813 1257 mensa

50 1273 222 1315 debent“;
249 1274 285 1307 in
312 1286 381 1318 quo
408 1273 497 1307 haec
524 1275 627 1307 sunt:
659 1273 830 1318 „Vesperi
857 1273 1021 1308 absoluta
1046 1274 1200 1308 lectione
1217 1275 1276 1308 uel
1293 1275 1558 1320 praedicatione
1576 1275 1634 1309 uel
1652 1278 1812 1321 tempore

49 1327 251 1361 collationis
277 1327 420 1370 legatur
446 1326 745 1371 Martyrologium
773 1326 884 1361 latine
910 1327 1021 1361 semel
1047 1330 1083 1361 et
1109 1328 1219 1362 semel
1251 1329 1468 1372 uulga1·iter“
1501 1328 1601 1372 (Cod.
1632 1329 1728 1370 „XV
1756 1330 1807 1363 A⁴⁴

48 1381 71 1415 f.
101 1381 196 1424 86¹2).
239 1380 292 1415 De
318 1380 425 1414 huius
450 1379 699 1425 martyrologii
726 1380 941 1415 editionibus
967 1381 1134 1424 Dilingae
1161 1381 1263 1415 annis
1292 1382 1382 1416 1573
1412 1382 1464 1425 (et
1490 1383 1579 1417 1572
1591 1382 1626 1426 Ῥ)
1657 1385 1692 1417 et
1721 1384 1810 1417 1583

49 1436 84 1468 et
112 1435 201 1468 1599
229 1445 270 1468 ac
296 1433 528 1468 Vindobonae
555 1445 647 1467 anno
676 1434 766 1467 1632
792 1434 900 1468 factis
926 1434 1001 1468 suis
1032 1434 1120 1468 locis
1156 1435 1313 1475 dicetur;
1349 1436 1432 1469 vide
1467 1436 1609 1469 interim
1638 1437 1812 1470 Sommer-

51 1489 152 1531 voyel,
178 1487 268 1521 Bibl.
288 1488 332 1529 H,
359 1487 567 1527 669—670;
595 1487 690 1527 VIII,
721 1487 964 1521 1979-1980.
1000 1487 1120 1521 Minus
1142 1490 1238 1522 recte
1258 1490 1301 1522 A.
1321 1490 1356 1522 J.
1376 1490 1574 1523 Btntere'm:
1603 1489 1812 1531 „W'alasser

47 1540 134 1575 liess
160 1541 208 1574 im
235 1541 326 1575 Jahr
354 1541 444 1575 1562
470 1541 542 1574 1111(1
571 1540 738 1574 Canisius
762 1541 811 1574 im
838 1541 869 1574 J.
901 1541 989 1574 1573
1017 1541 1073 1575 6111
1099 1541 1400 1585 Martyrologium
1426 1542 1488 1576 der
1514 1542 1709 1576 deutschen
1728 1543 1811 1576 Hei-

47 1593 145 1637 ligen
182 1606 225 1628 zu
260 1594 457 1638 Augsburg
492 1593 694 1628 drucken“:
739 1593 805 1627 Die
840 1593 1133 1637 vornglichsten
1167 1594 1540 1639 Denkwiirdigkeiten
1579 1596 1640 1629 der
1676 1595 1811 1630 Christ-

48 1647 307 1682 Katholischen
333 1647 466 1682 Kirche
492 1647 534 1681 V.
562 1648 637 1687 Bd„
666 1648 696 1681 1.
723 1647 788 1680 Th.
817 1647 952 1689 (Mainz
978 1647 1095 1691 1829),
1122 1659 1155 1692 p.
1183 1648 1238 1682 66.
1278 1648 1402 1692 Neque
1428 1649 1478 1683 ita
1505 1651 1672 1683 accurate
1698 1651 1813 1683 Boero

52 1701 154 1743 (Can.
180 1713 213 1746 p.
242 1701 327 1745 234)
356 1702 398 1735 (16
426 1701 587 1735 canisio:
619 1700 845 1743 „Cor1·esse,“
883 1700 1018 1744 inquit,
1055 1713 1094 1742 „e
1120 1701 1292 1735 accrebbe
1319 1702 1354 1736 di
1381 1702 1489 1736 molto
1516 1702 1541 1736 il
1566 1702 1813 1746 Martirologio

48 1754 143 1788 della
170 1754 380 1796 Germania,
407 1754 471 1788 che
497 1754 683 1788 tradusse“
713 1756 799 1794 etc.;
835 1765 918 1787 nam
944 1753 1100 1787 omnium
1127 1755 1306 1798 gentium,
1342 1767 1412 1789 non
1437 1755 1549 1790 solius
1575 1755 1812 1799 germanicae,

50 1807 171 1842 Sancti
198 1808 234 1842 in
260 1820 300 1842 eo
326 1807 416 1842 libro
442 1807 682 1842 nominantur.

168 1861 335 1895 Ceterum
370 1861 471 1901 vide,
511 1872 602 1905 quae
637 1861 679 1894 (16
715 1860 926 1894 Sanctorum
961 1860 1140 1902 historiis,
1185 1861 1387 1902 miraculis,
1431 1862 1592 1906 reliquiis
1629 1864 1695 1896 etc.
1734 1862 1812 1907 ipso

47 1914 114 1948 hoc
149 1926 239 1948 anno
269 1914 359 1949 1562
386 1914 552 1949 Canisius
578 1926 623 1948 ex
651 1913 867 1948 cathedralis
901 1913 1074 1948 ecclesiae
1111 1916 1335 1958 augustanae
1370 1926 1472 1949 sacro
1508 1917 1683 1959 suggestu
1710 1915 1811 1955 dixit,

49 1979 157 2012 supra
183 1979 216 2013 p.
244 1968 442 2002 636—640.
471 1968 550 2002 643.
579 1968 658 2001 646.
686 1967 883 2001 647-648.

866 2076 996 2117 400.

657 2159 809 2195 Ineunte
834 2158 1028 2195 Novembri
1054 2169 1087 2195 a.
1113 2159 1207 2196 1562.

167 2246 223 2279 Ex
249 2246 398 2279 Polccmti
423 2243 645 2288 autographo
675 2243 752 2287 (A).
805 2242 887 2277 Cod.
915 2243 1027 2277 colon.
1058 2243 1207 2288 „Epistn
1235 2244 1279 2278 ad
1306 2244 1445 2278 Kessel.
1472 2244 1519 2278 1.“
1549 2245 1572 2279 f.
1603 2246 1679 2280 159.

168 2299 325 2333 Exstant
350 2298 458 2332 etiam
485 2297 692 2342 apographa
719 2297 840 2331 eodem
869 2297 943 2330 fere
969 2299 1128 2342 tempore
1156 2297 1323 2331 Coloniae
1349 2309 1370 2331 a
1396 2298 1551 2332 Kessello
1582 2298 1641 2342 (B)
1675 2301 1711 2334 et
1736 2299 1811 2333 Tri—

48 2352 145 2386 denti
181 2364 201 2386 a
227 2353 375 2386 Polance'
399 2352 552 2385 librario
583 2350 640 2393 (C)
675 2350 820 2395 scripta.
865 2349 948 2384 Cod.
982 2350 1094 2384 colon.
1125 2350 1270 2392 „Kess.“
1301 2351 1324 2384 f.
1355 2351 1420 2385 139
1450 2350 1501 2395 (111
1528 2363 1558 2385 a.
1588 2352 1678 2386 1562
1704 2353 1728 2387 f.
1748 2352 1809 2397 27)

48 2408 84 2440 et
110 2406 185 2440 cod.
216 2406 279 2448 „V.
307 2405 346 2440 P.
374 2405 438 2439 62*
469 2405 493 2438 f.
522 2404 713 2438 31b—3‘22.

167 2459 339 2493 Maiorem
365 2457 541 2504 epistulae
567 2462 707 2502 partem
733 2468 778 2490 ex
804 2456 1026 2501 autographo
1053 2456 1242 2500 evulgavit
1268 2458 1416 2490 Hansen
1442 2456 1464 2491 l.
1492 2469 1520 2491 c.
1552 2470 1587 2502 p.
1612 2459 1810 2494 441—442.

168 2537 265 2570 Socii
287 2535 462 2578 yermani,
489 2545 578 2578 qnae
603 2535 650 2567 ad
679 2534 869 2567 Ckemm'te'c'
896 2533 1146 2576 „Uzeoloqe'mn
1172 2532 1411 2567 Iesm'mrnm“
1438 2536 1644 2578 responderi
1662 2539 1812 2580 possint,

53 2589 190 2623 Cani-sii
216 2600 323 2632 opera
351 2590 570 2631 interposita,
602 2588 763 2630 colliyere
790 2588 963 2620 iubentem:
1017 2585 1224 2631 „Censen-M
1251 2589 1380 2620 iterum
1406 2588 1550 2621 edenda.

166 2674 215 2715 P.
239 2673 420 2714 Ioannes
455 2672 505 2713 (le
526 2672 708 2713 Pozanco
740 2672 783 2713 S.
808 2670 850 2713 J.
884 2672 1050 2712 nomine
1080 2671 1223 2712 Iacobo·
1247 2671 1399 2713 Laim'i
1423 2673 1660 2727 praepositi
1687 2687 1810 2727 [lene-

49 2740 154 2780 ralis
186 2741 327 2793 (quem
362 2742 549 2792 „patrem
591 2734 806 2778 nostrum“
845 2735 978 2787 cocat)
1016 2736 1216 2777 Tridento
1249 2738 1290 2778 3.
1323 2736 1568 2778 Novembris
1599 2740 1715 2780 1562
1753 2740 1811 2780 ad

48 2804 96 2846 P.
120 2803 395 2846 Leonardzmt
417 2802 566 2844 Kessec
589 2803 630 2844 S.
655 2802 713 2851 J„
748 2803 904 2856 collapsae
927 2803 1172 2843 coloniensis
1196 2806 1406 2855 rectorem,
1440 2802 1491 2843 de
1522 2802 1627 2844 libro
1652 2804 1810 2855 „Theo-

47 2871 179 2924 loqz'ae
224 2869 507 2911 Ieszwitarmn
555 2868 788 2922 praecipua
838 2865 1021 2921 capitcffl,
1073 2881 1192 2921 quem
1238 2871 1382 2908 contra
1428 2867 1688 2918 „Censuram
1723 2903 1765 2911 ..
1800 2904 1808 2911 .

50 2934 299 2976 Cateclzismi
338 2933 515 2975 Ioannis
555 2930 810 2973 Monhenzii“
856 2946 882 2972 (ι
914 2931 1001 2973 ΡΡ.
1036 2931 1221 2972 Hem-200
1262 2931 1467 2986 Dionysio
1511 2936 1545 2972 et
1581 2932 1810 2975 Francisoo

51 2999 235 3049 Costero,
270 2999 313 3040 S.
347 2998 405 3048 J„
441 2998 635 3039 Coloniae.
668 3011 706 3038 α.
742 2998 857 3037 1560
891 2997 1043 3037 editam
1078 2997 1296 3038 Martinus
1331 2996 1589 3038 Chenmitias
1622 3012 1660 3040 α.
1695 3000 1810 3041 1562

50 3065 331 3120 evulqaoerat,
379 3063 479 3104 haec
531 3062 723 3116 scripsit:
769 3060 890 3110 Quod
936 3060 990 3102 ad
1037 3060 1193 3102 librum
1239 3060 1359 3102 illum
1403 3061 1611 3103 Kemnitii
1658 3066 1810 3106 contra

169 3185 179 3205 ¹
207 3184 261 3219 Cf.
288 3184 387 3218 Veith
412 3183 435 3218 l.
463 3195 491 3218 c.
518 3195 551 3228 p.
579 3183 658 3217 794.
