2093 3444
557 182 724 226 Augusta
750 182 1020 217 Vindelicorum
1050 183 1104 217 10.
1131 183 1218 217 Maii
1248 183 1349 218 1561.
1758 190 1841 230 143

60 298 194 352 Regis
228 312 302 340 ore
325 298 560 352 accepisse,
595 299 709 351 quod
734 313 837 352 egre
858 301 1128 354 molesteque
1150 301 1339 352 tulisset,
1373 316 1420 344 se
1443 302 1498 343 ad
1520 302 1841 345 Professionem

61 363 206 407 Patris
239 363 499 405 accersitum
533 377 643 406 esse.
687 365 808 407 Misit
841 368 885 407 et
907 366 1068 408 Caesar
1100 367 1317 420 quendam
1348 370 1397 409 ut
1429 367 1571 417 audie,
1607 367 1677 421 qui
1706 368 1842 423 ipsius

61 429 233 471 nomine
266 443 362 470 cum
396 431 578 471 uocatus
612 432 729 472 esset
761 444 787 472 a
812 430 958 481 Patre,
993 431 1308 486 professionem
1340 432 1460 474 illam
1493 433 1696 475 redderet
1729 435 1842 476 cele—

60 495 246 537 briorem
267 497 293 536 1.
338 495 460 536 Haec
492 495 751 538 confirmant
783 497 1047 539 sententiam
1071 497 1438 540 Reuerendissimi
1464 498 1705 540 Cardinalis
1728 500 1841 541 Var—

60 560 237 602 miensis
270 574 398 613 quam
421 562 643 613 postremo
676 560 787 611 misi,
822 565 866 604 et
887 562 1047 604 idcirco
1070 565 1329 618 repetuntur
1351 578 1377 605 a
1409 577 1490 615 me,
1526 564 1638 617 quod
1672 565 1840 606 doleam

60 625 184 667 nobis
207 624 457 667 ambitionis
478 627 628 667 notam
661 625 772 681 inurj
797 626 840 668 in
863 641 915 669 ea
938 642 998 678 re,
1033 641 1144 681 quae
1167 628 1490 683 simplicitatem
1516 631 1559 671 et
1582 629 1840 672 modestiam

60 691 201 744 magis
243 705 372 745 quam
413 704 615 745 pompam
659 692 854 745 requirit.
919 692 1096 735 Faciam
1137 708 1242 736 uero
1285 708 1395 747 quae
1437 694 1587 737 scribit
1619 695 1670 737 R.
1705 695 1753 738 T.
1789 696 1841 737 de

61 756 404 811 Typographia2
435 757 753 810 promouenda‚
798 757 936 811 deque
970 758 1198 801 retinenda
1230 760 1369 802 classe
1401 760 1753 815 philosophica3,
1798 764 1839 803 et

60 822 113 864 de
146 821 420 864 conferendis
452 822 736 876 promotionis
769 824 990 876 gradibus,
1025 825 1167 877 quoad
1200 824 1291 867 eius
1323 825 1415 867 fieri
1448 825 1610 879 poterit
1625 826 1653 868 4.

179 887 300 937 Quod
343 887 594 942 scripsimus
637 888 689 930 de
728 888 854 930 domo
887 889 987 931 Diui
1020 890 1316 945 Bartholomej
1351 891 1565 944 Pragensi
1604 891 1758 934 reddet
1798 890 1841 933 id

60 953 107 996 P.
142 953 368 995 Hurtadus
401 953 684 1007 explicatius,
722 968 816 995 cum
850 954 887 996 is
919 954 1036 996 norit
1068 955 1123 997 ad
1155 970 1342 1009 unguem
1379 956 1493 997 illius
1526 956 1704 1010 Collegij
1740 971 1841 998 con—

60 1018 268 1061 ditionem
284 1020 313 1061 5.

180 1084 309 1126 Mitto
342 1083 494 1126 literas
527 1084 581 1125 ad
608 1084 864 1127 Pontificem
886 1085 1005 1128 Max.
1040 1086 1116 1128 sed
1150 1101 1261 1140 quae
1292 1086 1395 1128 mihi
1429 1101 1513 1128 non
1548 1087 1839 1138 satisfaciunt,

59 1153 104 1192 et
137 1150 341 1203 quoniam
372 1149 476 1192 lima
509 1153 662 1203 egent,
698 1150 829 1193 etiam
864 1153 995 1204 atque
1030 1152 1162 1194 etiam
1194 1166 1324 1205 roge,
1358 1154 1407 1194 ut
1439 1155 1661 1195 correcte³
1694 1151 1755 1208 [P]
1790 1167 1841 1195 ac

59 1215 189 1258 etiam
224 1215 260 1257 si
292 1215 408 1257 forte
441 1229 548 1269 opus
581 1218 648 1258 est
680 1215 922 1270 rescriptae
955 1217 1206 1268 offerantur,
1241 1217 1277 1259 si
1300 1220 1448 1259 tamen
1476 1231 1550 1259 eas
1574 1218 1729 1259 offerre
1763 1232 1840 1260 ex-

58 1280 179 1335 pedit
213 1316 221 1323 .
254 1281 470 1334 Admonuj
504 1281 699 1322 nonnihil
732 1281 784 1323 de
818 1282 1103 1325 facultatibus
1145 1283 1507 1336 quemadmodum
1545 1283 1672 1326 iussit
1704 1283 1755 1327 R.
1789 1284 1838 1327 Τ.

59 1346 136 1388 sed
167 1346 249 1388 hoc
280 1345 496 1388 scribendi
527 1360 665 1399 genus
697 1346 863 1398 fateor,
905 1362 1026 1390 meas
1058 1348 1174 1390 uires
1207 1348 1393 1391 excedit.
1458 1348 1599 1398 Quare
1637 1350 1840 1404 suppleat

60 1426 221 1465 quaeso
254 1412 305 1455 R.
340 1412 388 1456 T.
423 1412 536 1466 quod
569 1427 594 1454 a
626 1426 695 1454 me
727 1413 978 1466 neglectum
1010 1416 1142 1467 atque
1174 1414 1529 1468 praetermissum
1565 1418 1645 1458 est.
1710 1414 1839 1457 Mitto

179 1553 193 1568 ³
220 1549 260 1581 ut
286 1549 467 1588 correcte,
507 1549 548 1580 ut
574 1548 735 1581 correcte
760 1548 804 1581 E.
856 1548 928 1581 Pro
955 1548 1113 1581 correcte
1133 1549 1338 1590 ponendum
1367 1559 1436 1582 esse
1463 1550 1601 1582 videtur
1635 1551 1819 1583 correctae
1828 1563 1842 1593 ,-

59 1603 221 1645 seqm'tm·
246 1603 340 1635 em'm
365 1601 574 1646 rescriptae.

60 1723 142 1769 pido
161 1723 298 1758 Sittard
327 1723 430 1767 (tunc
453 1724 605 1758 ducatus
623 1723 841 1764 iuliaeensis,
868 1734 963 1757 nunc
981 1723 1187 1770 provinciae
1206 1723 1462 1767 limburgensis
1480 1725 1583 1768 regni
1601 1725 1836 1769 neerlandici)

59 1779 187 1818 natus,
224 1789 255 1811 a.
285 1777 375 1812 1538
412 1776 572 1811 ordinem
599 1776 896 1810 Praedicator-um
932 1777 1137 1820 ingressus,
1174 1788 1205 1811 a.
1234 1778 1325 1811 1542
1360 1778 1397 1812 in
1432 1778 1554 1812 album
1589 1778 1840 1813 universitatis

60 1830 275 1866 coloniensis
301 1830 459 1873 relatus,
495 1842 576 1865 cum
602 1842 666 1876 per
694 1831 736 1864 16
773 1841 885 1864 annos
911 1830 1133 1874 Aquisgrani
1167 1842 1186 1864 e
1221 1842 1324 1865 sacro
1362 1834 1538 1875 suggestu
1566 1831 1737 1874 dixisset,
1773 1832 1838 1866 sub

60 1884 203 1919 initium
228 1896 276 1919 m.
302 1884 395 1918 Iunii
424 1884 514 1919 1559
540 1883 756 1918 Ferdinandi
784 1884 811 1917 Ι.
839 1884 997 1918 caesaris
1024 1884 1260 1925 contionator,
1286 1885 1352 1919 sub
1379 1897 1425 1919 m.
1453 1886 1658 1928 Augustum
1686 1897 1718 1920 a.
1747 1886 1835 1920 1561

59 1937 170 1984 etiam
196 1938 439 1973 confessarius
466 1938 625 1972 eiusdem
654 1938 873 1972 constitutus
900 1940 975 1978 est;
1013 1938 1070 1972 cui
1097 1949 1177 1972 cum
1205 1950 1236 1972 a.
1266 1939 1357 1973 1564
1383 1939 1549 1973 morienti
1584 1939 1782 1981 adfuisset,
1818 1951 1838 1974 a

59 1989 309 2026 Maximiliano
334 1992 379 2026 ΙΙ.
406 1991 443 2026 111
469 1991 728 2026 contionatoris
767 1991 927 2025 caesarei
965 2003 1112 2025 munere
1151 1992 1384 2026 confirmatus
1423 1994 1496 2033 est,
1537 2003 1605 2036 quo
1642 2004 1758 2037 usque
1793 1994 1836 2027 ad

59 2047 210 2080 mortem
240 2045 276 2089 (†
302 2045 535 2080 Vindobonae
566 2044 671 2089 1566)
701 2045 848 2089 functus
875 2047 940 2086 est,
968 2044 1034 2086 vir,
1062 2047 1103 2078 ut
1121 2046 1256 2079 Hosius
1282 2045 1342 2087 ait,
1374 2047 1431 2088 „et
1456 2046 1537 2091 pius
1564 2048 1600 2080 et
1625 2046 1771 2080 doctus“
1803 2049 1839 2081 et

64 2100 287 2142 „cordatus“,
314 2110 357 2133 ac
382 2099 490 2133 simul
516 2099 616 2144 pacis
642 2110 768 2133 amans
794 2098 974 2142 valdeque
1009 2098 1183 2142 eloquens
1211 2098 1306 2142 (Nic.
1333 2100 1481 2143 Paulus,
1508 2099 1684 2133 Matthias
1711 2099 1837 2134 Sittar-

60 2153 138 2195 dus⁷
165 2153 201 2187 in
233 2152 668 2198 „Historisch-politische
697 2152 855 2186 Blatter“
887 2151 1002 2186 CXVI
1034 2151 1226 2196 [Miinchen
1256 2152 1382 2197 1895]‚
1409 2153 1610 2187 236—252.
1637 2153 1836 2188 329—340.

60 2207 247 2241 Stez'nherz
263 2206 286 2240 1.
307 2218 337 2241 c.
356 2218 389 2251 p.
409 2207 465 2241 69.
486 2206 636 2241 96—97.
677 2206 762 2240 Can.
782 2205 872 2250 Epp.
891 2205 935 2245 Π,
955 2205 1035 2240 768.
1055 2205 1134 2240 793.
1154 2206 1234 2240 914.
1265 2207 1312 2240 H.
1332 2207 1369 2241 J.
1388 2207 1523 2240 Allard
1541 2205 1574 2240 S.
1596 2206 1640 2248 J.,
1660 2206 1837 2241 Matthias

60 2260 253 2301 Sittardus,
280 2260 316 2294 in
347 2260 517 2303 „Studien
544 2272 587 2305 op
617 2258 884 2303 Godsdienstig‚
912 2258 1273 2304 Wetenschappelijk
1310 2271 1353 2293 en
1382 2259 1646 2304 Letterkundig
1672 2259 1836 2303 gebied“.

60 2313 194 2348 XXXIe
221 2313 345 2357 Jaarg.
372 2312 540 2357 [Utrecht
568 2312 684 2357 1898]‚
711 2325 745 2357 p.
772 2311 989 2356 329—374).

182 2368 192 2387 1
224 2366 348 2409 „Caes
365 2366 541 2401 Maiestas
568 2379 632 2401 suo
651 2366 793 2400 nomine
812 2365 1168 2400 Reuerendissimum
1186 2365 1447 2400 Varadiensem
1465 2365 1685 2411 Episcopum
1713 2365 1835 2410 [Fran-

59 2421 195 2455 ciscum
220 2419 399 2465 Forgach]
425 2420 479 2455 uti
506 2420 793 2455 commissarium
818 2419 995 2454 interesse
1032 2419 1166 2460 uoluit,
1205 2421 1242 2453 et
1267 2419 1434 2454 similiter
1460 2419 1539 2454 Rex
1564 2420 1836 2454 Maximilianus

60 2473 171 2508 alium
205 2474 376 2508 nimirum
410 2473 768 2508 Reuerendissimum
805 2472 969 2516 Quinque
1005 2472 1271 2507 Ecclesiensem
1306 2473 1518 2517 [Georgium
1552 2473 1835 2518 Drascovitium]

59 2539 124 2562 suo
149 2527 292 2562 nomine
317 2527 418 2562 misit
444 2527 504 2572 qui
530 2539 673 2562 sacrum
699 2526 872 2561 soleniter
906 2527 942 2560 in
967 2526 1102 2571 templo
1136 2528 1259 2560 nostro
1294 2527 1503 2561 decantauit
1537 2539 1579 2561 ac
1605 2531 1729 2572 postea
1756 2539 1836 2572 pro-

60 2581 257 2615 fessionem
283 2581 424 2626 accepit
450 2581 488 2615 P.
515 2580 724 2615 Rectoris“:
752 2580 842 2614 haec
867 2579 907 2614 P.
939 2579 1089 2613 Carolus
1119 2581 1224 2614 Grim
1250 2579 1283 2614 S.
1313 2581 1346 2614 J.
1382 2581 1419 2614 in
1445 2580 1608 2614 >“litteris
1633 2581 1737 2615 modo
1764 2592 1834 2614 me-

59 2635 220 2669 moratis.
271 2634 339 2676 Qui
365 2634 496 2669 ibidem
523 2636 668 2675 narrat,
704 2634 749 2669 70
774 2633 901 2668 taleris
928 2644 949 2667 a
975 2644 1122 2668 caesare
1148 2633 1243 2667 datis
1279 2635 1315 2668 et
1341 2634 1483 2678 copioso
1509 2636 1637 2668 ornatu
1664 2646 1685 2668 a
1710 2633 1835 2668 sacelli

60 2688 220 2723 caesarei
244 2688 427 2734 praefecto
455 2688 678 2722 commodato
705 2687 898 2722 Societatis
924 2686 1098 2732 templum
1126 2687 1318 2730 magnifice
1349 2687 1557 2722 decoratum
1584 2699 1682 2729 esse,
1719 2687 1834 2722 Socie-

58 2741 148 2776 tatis
173 2742 308 2776 fratres
333 2741 569 2776 scholasticos
596 2743 632 2775 et
658 2741 843 2776 Sociorum
870 2740 1066 2785 discipulos
1102 2742 1272 2775 externos
1298 2740 1519 2775 orationibus
1555 2742 1591 2775 et
1616 2740 1834 2775 carminibus

59 2795 183 2837 latine,
210 2807 359 2839 graece,
393 2794 561 2829 hebraice
595 2806 616 2828 a
642 2806 681 2828 se
708 2793 916 2839 compositis
945 2793 1231 2839 „amplissimum
1266 2794 1444 2839 quendam
1478 2795 1652 2828 ambitum
1688 2795 1732 2828 ad
1767 2793 1834 2828 hoc

59 2849 262 2894 tapetibus“
294 2850 507 2882 exornatum
533 2847 743 2893 replevisse,
773 2847 999 2890 „Comediam
1018 2848 1180 2893 Iosephi“
1211 2859 1232 2882 a
1257 2848 1338 2893 plus
1365 2859 1472 2892 quam
1492 2848 1536 2882 70
1554 2848 1757 2882 hominibus
1775 2848 1834 2881 iis-

60 2913 131 2946 que
162 2902 347 2945 „omnibus
372 2901 637 2947 preciosissime
662 2901 828 2935 uestitis“
858 2912 921 2946 per
947 2900 1029 2946 plus
1055 2912 1163 2945 quam
1190 2902 1210 2935 5
1229 2901 1337 2936 horas
1363 2903 1482 2936 actam
1509 2913 1598 2935 esse.
1634 2903 1728 2935 Ante
1754 2912 1832 2946 pro-

59 2955 254 2990 fessionem
280 2955 462 2997 Victoria,
497 2957 538 2989 ut
565 2954 665 2989 Grim
690 2954 823 2989 ibidem
849 2956 1024 2996 testatur,
1061 2966 1126 3000 per
1158 2955 1304 2995 urbem,
1339 2966 1484 2989 saccum
1510 2954 1630 2999 palam
1656 2954 1832 2995 deferens,

60 3009 190 3054 stipem
218 3009 512 3044 emendicaverat
538 3011 647 3052 atque
672 3008 728 3049 iis,
755 3008 815 3052 qui
841 3008 878 3042 in
895 3007 1129 3042 xenodochiis
1155 3009 1191 3042 et
1212 3008 1365 3053 publicis
1392 3007 1565 3042 custodiis
1591 3009 1704 3048 erant,
1731 3008 1833 3041 mini-

61 3064 254 3097 straverat.
401 3063 414 3083 2
441 3062 593 3105 Collegii
618 3061 918 3102 vindobonensis;
945 3061 1029 3095 vide
1054 3073 1164 3107 supra
1191 3073 1224 3106 p.
1254 3062 1331 3096 124.

182 3117 195 3137 ³
219 3116 392 3151 Eiusdem
418 3115 580 3159 collegii;
608 3115 691 3149 vide
717 3126 827 3161 supra
852 3127 887 3160 p.
917 3115 993 3149 124.
1142 3116 1156 3135 4
1181 3114 1273 3149 Vide
1300 3126 1409 3160 supra
1434 3126 1467 3160 p.
1498 3114 1694 3148 124—125.

183 3171 196 3190 ⁵
220 3170 314 3204 Vide
338 3181 450 3215 supra
474 3181 509 3215 p.
538 3169 604 3203 125
614 3169 638 3204 ².
