2093 3444
244 156 322 191 607.
359 156 524 190 Canisius
551 156 736 201 Alphonso
763 157 972 191 Salineroni.
1015 158 1109 200 Aug.
1136 157 1277 192 Vindel.
1308 158 1362 192 12.
1391 158 1558 193 Octobris
1586 160 1687 194 1561.
1773 163 1858 203 253

202 270 314 306 Nota:
342 271 497 306 Lanoius
523 271 616 306 hanc
643 272 835 317 epistulam
859 273 1051 317 significat,
1080 285 1159 308 cum
1189 274 1314 318 (supra
1340 286 1373 319 p.
1393 274 1477 317 248)
1507 275 1574 309 sibi
1601 288 1621 310 a
1641 276 1793 313 Canisio.
1820 279 1861 312 ut

82 324 281 359 Victoriam
300 325 556 366 consolaretur,
584 326 794 360 mandatum
813 338 892 360 esse
911 327 1047 361 scribit.
1084 327 1202 371 Atque
1220 327 1289 361 hac
1312 327 1450 361 ratione
1470 328 1635 363 Canisius
1649 330 1858 373 Victoriam,

84 389 190 422 quem
225 379 300 413 suis
327 378 478 421 litteris,
514 380 554 412 ut
583 379 635 413 12.
664 379 831 414 Octobris
858 380 1056 414 Salineroni
1088 381 1234 425 scripsit
1271 380 1381 425 (infra
1415 393 1448 426 p.
1476 382 1582 425 254),
1618 395 1762 418 monere
1789 397 1858 418 non

83 432 257 473 audebat,
284 432 417 466 litteris
444 432 582 466 monuit
608 432 752 475 Lanoii,
781 433 859 477 qui,
893 445 972 467 cum
1002 433 1168 468 Canisius
1194 434 1421 479 praepositus
1448 435 1680 479 provincialis
1706 437 1859 482 collegia

87 485 306 528 „visitaret“,
334 485 447 530 ipsius
466 485 600 519 socium
620 497 727 528 agere
746 486 883 520 solebat
906 487 965 530 (cf.
986 499 1094 532 supra
1113 499 1146 532 p.
1168 488 1244 522 133.
1266 487 1362 532 185).
1398 487 1516 529 Quare
1542 489 1670 524 mirum
1695 503 1763 525 non
1792 494 1857 533 est,

83 538 279 573 Victoriam
307 539 363 573 24.
391 538 557 573 Octobris
587 540 674 573 1561
710 540 753 573 ad
781 539 964 574 Canisium
990 541 1181 586 scripsisse
1212 541 1327 583 „circa
1352 542 1464 576 verba
1490 543 1679 585 maxi1ne“‚
1716 547 1756 578 ut
1781 545 1858 590 ipse

82 591 244 626 Victoria
271 592 357 626 dicit
387 592 496 636 (infra
522 604 554 638 p.
583 593 681 636 265),
713 593 774 635 „R
794 593 915 627 Patris
940 593 982 627 D.
1002 594 1149 639 Lannoy
1175 594 1212 628 in
1237 593 1353 629 literis
1382 596 1434 630 11.
1455 595 1621 630 Octobris
1648 597 1853 641 Augustae“

82 645 126 679 ad
153 657 191 680 se
222 645 369 687 „datis“.

904 736 1035 778 (302

823 832 1119 879 CANISIUS

530 930 929 974 ALPHONSO
965 931 1409 986 SALMERGNI,

639 1012 775 1047 vicario
803 1013 962 1056 generali
990 1013 1181 1048 Societatis
1208 1015 1298 1048 Iesu.

544 1099 713 1147 Augusta
739 1099 1015 1138 vindelicorum
1041 1100 1088 1137 12.
1117 1100 1286 1138 Octobris
1312 1102 1397 1138 1561.

201 1183 256 1217 Ex
283 1183 489 1228 apographo
507 1183 642 1218 recenti
665 1183 742 1228 (A),
770 1185 864 1228 quod
891 1196 936 1218 ex
955 1184 1188 1230 autographo,
1216 1185 1251 1219 in
1278 1185 1353 1219 cod.
1378 1185 1435 1227 „E
1458 1185 1494 1219 C.
1515 1186 1549 1219 I“
1581 1186 1605 1220 f.
1628 1187 1857 1223 1342—135b

86 1235 134 1280 (n.
162 1236 221 1279 91)
250 1236 378 1282 posito,
406 1237 628 1282 exscriptum
656 1240 722 1272 est.

200 1289 334 1325 Exstat
357 1290 466 1324 etiam
502 1290 655 1325 alterum
692 1291 938 1337 apographum
970 1292 1042 1336 (B),
1080 1292 1172 1336 quod
1199 1292 1264 1326 sub
1301 1304 1331 1326 a.
1361 1292 1452 1326 1860
1487 1296 1635 1328 curante
1661 1296 1777 1329 Borro
1813 1308 1857 1330 ex

81 1344 305 1389 autographo
348 1344 557 1389 (scriptione
592 1345 636 1378 ad
675 1347 821 1379 nostrae
860 1345 990 1380 aetatis
1025 1357 1161 1379 morem
1199 1345 1482 1390 accommodata)
1522 1347 1781 1393 transcriptum
1822 1352 1858 1383 et

81 1399 206 1442 postea
232 1409 313 1432 cum
340 1398 464 1432 eodem
491 1398 662 1432 collatum
690 1400 755 1433 est.

200 1451 366 1497 Epistula
391 1463 479 1486 usus
506 1454 562 1486 est
587 1453 703 1486 Iso-&ss
728 1452 751 1486 l.
779 1464 807 1487 c.
836 1464 867 1497 p.
898 1453 975 1487 138.

200 1529 355 1562 Domum
379 1529 603 1572 probationis
621 1530 761 1572 Pragyae
786 1530 971 1563 instituere
996 1531 1091 1571 red&
1110 1531 1268 1572 pecunia
1286 1530 1368 1563 huic
1386 1531 1440 1563 rei
1457 1532 1666 1565 necessaria.
1699 1533 1855 1567 Victoria

81 1587 196 1617 rector
213 1583 485 1616 vindobonensis
511 1584 618 1616 nimis
643 1584 762 1626 instat,
790 1587 828 1615 nt
855 1583 972 1625 officio
991 1584 1183 1625 libf»·etzm·‚·
1210 1584 1299 1616 idem
1316 1584 1484 1627 subditos,
1510 1586 1664 1618 mctoeime
1688 1586 1728 1618 in
1754 1587 1858 1620 rebus

81 1637 128 1669 ad
153 1637 279 1670 victum
301 1636 573 1680 pertinentibus,
601 1637 731 1670 diarius
748 1640 878 1670 tractat
904 1641 934 1669 et
961 1638 997 1669 in
1021 1637 1202 1670 Canise'nm
1231 1638 1492 1680 sfomaeleatm·,·
1517 1638 1574 1671 hic
1599 1650 1690 1681 vero,
1719 1651 1759 1672 ne
1787 1641 1857 1684 ipse

73 1691 282 1733 peccaverit,
308 1691 453 1733 timens,
479 1701 514 1722 se
540 1701 561 1723 (ι
587 1691 832 1733 superioribus
859 1691 993 1733 00)·νίῃί
1018 1691 1123 1733 eupit.
1171 1690 1354 1723 Convictus
1382 1692 1549 1724 nobilium
1577 1693 1855 1727 andobonensis.

79 1743 256 1777 Victoriae
290 1745 433 1777 (mimus
453 1743 666 1787 placandus.
721 1744 816 1777 Socii
848 1744 993 1787 aliquot.
1047 1744 1200 1787 Collefflssa
1233 1745 1476 1787 mofflmtinmn
1513 1750 1542 1778 et
1569 1747 1854 1789 oem'pontanmn.

82 1797 250 1831 Canis-ius
292 1798 474 1841 Λυρκείας)
518 1798 654 1841 friyz'de
696 1798 900 1831 contionari
941 1798 1092 1841 mavult,
1143 1808 1249 1841 quam
1295 1798 1458 1831 Trideozti
1505 1799 1619 1842 inepte
1660 1800 1854 1843 disputare.

78 1851 263 1894 Neyotium
304 1851 582 1894 neapolitanum.
638 1851 848 1884 Theodoricz·
888 1851 1025 1884 Canisic'
1058 1852 1245 1894 profes-seb.
1299 1852 1396 1885 Socii
1430 1852 1604 1886 Lamiam
1642 1854 1857 1888 voluntariis

76 1904 305 1948 paem'tenlie's
331 1905 514 1938 adiuvant.

966 1996 973 2028 1

466 2059 561 2100 Pax
594 2058 754 2102 Christi
786 2058 1008 2100 nobiscum
1041 2058 1296 2100 Reuerende
1329 2059 1472 2102 Pater.

199 2147 360 2202 Scripsi
392 2150 612 2202 postremo
645 2151 748 2191 ante
782 2148 872 2190 dies
900 2149 951 2189 14
970 2149 996 2199 1,
1032 2153 1137 2190 neca
1168 2148 1281 2189 ullas
1306 2147 1476 2191 interea
1508 2148 1659 2191 literas
1693 2150 1852 2205 accepi,

80 2213 206 2255 ualde
239 2212 361 2255 nobis
384 2213 504 2264 vtile,
538 2228 592 2256 ne
625 2214 764 2256 dicam
797 2213 1091 2255 necessarium
1114 2212 1263 2263 uideri,
1297 2216 1346 2256 Vt
1371 2213 1540 2267 Pragae
1571 2214 1721 2256 domus
1753 2229 1853 2270 pro-

79 2278 267 2320 bationis
301 2278 663 2330 constitueretur,
708 2282 752 2321 et
784 2278 826 2320 in
869 2293 920 2320 ea
952 2277 1201 2332 praefectus
1244 2292 1299 2320 ex
1331 2279 1449 2321 Vrbe
1489 2278 1646 2322 missus
1678 2281 1855 2335 nouitijs

77 2344 401 2398 praeficeretur.
465 2344 530 2386 Ac
561 2344 796 2398 Pragensis
839 2343 1010 2396 quidem
1043 2342 1236 2385 Rector2
1275 2343 1417 2385 locum
1459 2345 1514 2386 ad
1552 2359 1646 2387 eam
1681 2346 1854 2388 domum

80 2409 472 2451 commodissimum
496 2411 636 2461 offert,
670 2410 750 2451 hoc
772 2412 944 2451 tantum
967 2411 1184 2463 precatus,
1212 2411 1262 2451 vt
1284 2409 1338 2451 ad
1360 2409 1569 2452 fabricam
1594 2411 1678 2453 800
1701 2411 1854 2453 floreni

80 2488 136 2517 ex
168 2474 362 2529 collegijs
394 2474 530 2517 totius
562 2474 808 2530 prouintiae
842 2474 1134 2516 conferantur.
1191 2474 1288 2517 Etsi
1321 2488 1424 2516 uero
1457 2489 1626 2518 summa
1658 2476 1716 2519 sit
1747 2476 1855 2519 haec

78 2540 306 2594 grandior,
342 2554 471 2593 quam
504 2541 619 2583 ferat
650 2554 857 2594 praesens
890 2538 1081 2581 tenuitas
1115 2541 1158 2581 et
1192 2539 1337 2594 inopia
1370 2540 1671 2594 Collegiorum,
1704 2544 1853 2584 tamen

78 2605 115 2647 si
147 2605 198 2647 R.
222 2605 270 2647 T.
296 2606 475 2647 accedet
508 2605 730 2647 consilium
765 2607 895 2657 atque
929 2603 1185 2655 authoritas,
1220 2619 1297 2659 spe
1328 2605 1499 2648 diuinae
1531 2606 1854 2649 misericordiae

79 2673 123 2713 et
163 2670 470 2713 liberalitatisb
510 2670 674 2713 suffulti
717 2669 1023 2723 aggrediemur
1064 2671 1263 2711 sanctum
1304 2669 1384 2712 hoc
1427 2684 1555 2725 opus,
1599 2674 1643 2714 et
1682 2671 1851 2714 initium

79 2735 295 2789 quoddam
337 2735 523 2778 corrasis
564 2736 848 2788 vndecunque
886 2734 1072 2776 nummis
1114 2734 1260 2777 facere
1301 2735 1345 2776 in
1379 2735 1547 2778 Christo
1588 2737 1851 2780 conabimur.

79 2800 199 2850 Quod
232 2801 287 2842 ad
308 2800 541 2844 Rectorem
566 2801 889 2843 Viennensem3
922 2799 1093 2851 attinet,
1129 2799 1284 2854 scripsi
1316 2815 1401 2842 non
1433 2801 1580 2852 semel,
1615 2816 1743 2855 quam
1775 2801 1852 2844 im-

78 2868 263 2920 portune
295 2869 472 2920 vrgeat,
516 2868 565 2909 vt
600 2881 626 2909 a
658 2880 735 2908 suo
776 2878 954 2906 munere
994 2864 1226 2916 liberetur,
1269 2865 1372 2908 licet
1413 2865 1541 2908 aliter
1580 2867 1710 2920 plane
1751 2882 1851 2909 con-

198 3016 213 3031 3
237 3022 302 3045 ner
329 3012 372 3045 A.
470 3011 486 3031 b
511 3009 674 3044 liberatis
701 3011 759 3052 A;
784 3008 946 3043 liberalis
972 3011 1014 3043 B.

201 3146 212 3166 1
238 3145 294 3180 27.
321 3145 563 3191 Septembris;
590 3143 673 3179 vide
699 3155 809 3189 supra
834 3156 868 3189 p.
896 3144 976 3178 241.
1065 3145 1078 3165 ²
1102 3144 1142 3180 P.
1172 3144 1305 3180 Paulus
1331 3145 1514 3180 Hoffaeus.
1603 3145 1616 3165 ³
1641 3144 1851 3180 Victoriam.
