2093 3444
239 180 324 219 214
373 177 452 211 593.
491 175 656 210 Canisius
682 175 866 221 Alphonso
894 175 1102 211 Salmeroni.
1146 177 1240 219 Aug.
1267 176 1410 211 Vindel.
1440 177 1493 212 13.
1521 177 1742 224 Septembris
1770 180 1871 215 1561.

236 292 262 326 il
289 293 419 337 qualle,
447 304 475 334 e,
503 292 636 337 partito
667 291 727 336 (ex
753 291 1017 337 *autographa
1071 292 1154 326 Cod.
1186 294 1248 335 „Cn
1277 293 1365 338 Epp.
1394 294 1446 328 H·‘
1477 294 1502 328 f.
1529 294 1649 338 30312).
1693 295 1792 330 Idem
1812 296 2009 333 Petrarcha

237 345 350 380 Roma
377 346 433 380 30.
460 345 547 379 Maii
576 346 665 380 1562
704 345 877 379 mandatu
913 345 1131 380 Salmeronis
1165 345 1292 380 vicarii
1327 346 1506 390 generalis
1541 347 1689 392 eiusque
1724 349 2008 386 consiliariorum

237 400 280 433 ad
310 400 348 434 P.
376 399 600 433 Leonardum
627 399 766 441 Kessel,
794 398 939 442 collegii
966 398 1181 433 coloniensis
1207 402 1393 441 rectorem,
1430 401 1472 434 de
1498 400 1610 435 variis
1636 401 1827 437 Societatis
1852 404 2009 448 negotiis

237 452 383 498 scripsit
411 452 573 497 (Hansen
600 453 621 486 1.
650 464 678 486 c.
706 464 738 497 p.
766 452 864 495 424).
900 453 952 486 Ac
978 453 1155 486 Polancus
1182 452 1295 486 Lainii
1321 453 1422 487 iussu
1449 453 1620 488 Tridento
1649 454 1702 490 12.
1731 455 1896 491 Octobris
1918 457 2008 491 1562

238 506 385 541 Romam
414 506 457 540 ad
485 506 523 540 P.
552 505 849 550 Christophorum
876 505 1015 539 Madrid
1042 505 1207 551 scripsit:
1248 506 1333 548 „che
1360 507 1425 540 seli
1452 507 1546 542 dessi
1573 508 1670 542 aiuto
1697 508 1731 542 al
1759 509 1873 544 Padre
1899 510 2009 545 Fran-

237 572 340 594 cesco
368 559 565 593 Pet-rarcha
600 559 628 593 si
664 559 723 593 nel
750 558 906 600 scriuer,
943 570 1043 593 come
1071 558 1184 593 anche
1220 559 1304 593 nelli
1333 560 1426 594 conti
1456 561 1543 595 etc.“
1578 561 1637 605 (ex
1666 562 1842 606 epistulae
1868 575 2009 598 summa

236 613 348 654 brevi,
376 612 500 647 eodem
525 612 602 647 fere
627 615 788 658 tempore
814 613 960 658 scripta.
1014 612 1098 647 Cod.
1129 612 1192 655 „V.
1221 612 1259 647 P.
1288 613 1353 647 62“
1383 614 1407 647 f.
1435 613 1530 658 20b).

1054 730 1184 772 593.

977 823 1273 871 CANISIUS

680 928 1078 972 ALPHONSO
1114 927 1560 980 SALMERONI,
1582 956 1584 958 v

791 1010 980 1044 societatis
1007 1010 1089 1044 Iesu
1118 1010 1253 1044 vicario
1280 1009 1451 1053 generali.

664 1098 833 1145 Augusta
860 1097 1136 1134 Vindelicorum
1164 1096 1210 1134 13.
1239 1097 1466 1144 Septembris
1493 1097 1578 1134 1561.

356 1183 410 1216 Ex
430 1181 652 1227 autographo
680 1182 814 1215 recenti
844 1181 927 1224 (A),
964 1182 1056 1225 quod
1093 1192 1138 1215 ex
1166 1181 1363 1226 archetypo
1390 1201 1434 1205 -—
1463 1181 1628 1216 Canisius
1654 1194 1720 1217 sua
1746 1195 1853 1217 manu
1879 1195 2008 1218 nomen

238 1235 430 1279 („Seruus“
463 1234 546 1279 etc.)
576 1235 791 1280 subscripsit
818 1255 861 1259 —-
890 1235 924 1268 in
952 1235 1026 1269 cod.
1060 1235 1117 1277 „E
1140 1234 1176 1269 C.
1198 1236 1244 1272 1“,
1273 1236 1296 1270 f.
1328 1235 1391 1269 127
1420 1237 1455 1269 et
1481 1247 1534 1280 sq.
1562 1248 1630 1269 non
1657 1236 1748 1280 sign.
1780 1236 1828 1280 (n.
1848 1236 1922 1280 89),
1949 1249 2009 1283 po-

236 1290 306 1324 sito
333 1290 554 1334 exscriptum
582 1292 648 1323 cst.

356 1343 487 1377 Exstat
514 1342 623 1377 etiam
660 1342 812 1376 alterum
850 1342 1097 1387 apographum
1127 1342 1209 1385 (Β),
1246 1342 1340 1386 quod
1366 1343 1432 1377 sub
1459 1354 1490 1376 a.
1520 1343 1610 1378 1860
1646 1345 1794 1378 curante
1821 1345 1936 1378 Boero
1963 1356 2009 1378 ex

237 1397 360 1430 eodem
387 1397 594 1442 archetypo,
622 1396 816 1441 scriptione
842 1396 886 1430 ad
915 1398 1058 1430 nostrae
1085 1395 1217 1429 aetatis
1235 1407 1339 1430 usum
1358 1397 1636 1438 accommodata,
1663 1397 1795 1441 partim
1813 1397 2008 1443 transcrip-

237 1452 311 1484 tum
339 1453 375 1484 et
401 1453 526 1495 postea
552 1450 595 1484 ab
623 1449 736 1484 altero
764 1449 909 1483 librario
937 1462 980 1483 ox
1008 1449 1130 1483 eodem
1157 1449 1360 1494 suppletum
1390 1452 1454 1483 est.

266 1568 268 1571 Ι
355 1528 392 1561 P.
421 1528 555 1560 Eclcae'zcs·
580 1527 713 1571 aliique
740 1527 924 1560 Soeietarae's
951 1527 1152 1559 desertores.
1209 1526 1360 1568 Collegse'a
1388 1527 1651 1571 vindobonense,
1671 1538 1858 1571 prayense,
1884 1532 2010 1571 tyrun-

238 1582 360 1625 vlense,
387 1582 674 1624 oem‘pontannm,
703 1581 981 1623 effngso(stadiense.
1038 1580 1206 1613 Canisc'us
1230 1591 1264 1613 se
1296 1579 1471 1624 Tridenti,
1507 1591 1573 1623 quo
1601 1581 1800 1614 cardinalis
1827 1581 2008 1624 Auyusta-

237 1646 305 1668 nus
331 1637 443 1677 ipsum
472 1636 606 1667 mittere.
643 1634 740 1677 velit,
777 1633 867 1666 nihil
888 1638 1076 1676 praestare
1109 1644 1208 1677 posse
1240 1637 1360 1667 censet.
1416 1634 1628 1667 Consiliaric'
1662 1636 1894 1678 oenipontcmi
1929 1635 2007 1669 doc·

235 1690 335 1722 trina
362 1689 544 1722 excellunt.

1109 1754 1136 1802 ,2

502 1836 594 1878 Pax
627 1835 786 1878 Christi
818 1835 1039 1877 nobiscum
1074 1834 1302 1877 admodum
1336 1835 1590 1877 Reuerende
1624 1835 1755 1878 Pater

356 1920 423 1961 Ex
466 1919 583 1961 Vrbe
624 1919 728 1960 nihil
771 1918 1026 1973 accepimus.
1097 1917 1437 1972 quadrimestres
1478 1918 1644 1971 aliquot
1686 1918 1919 1969 mittimus,
1964 1921 2010 1961 et

236 1999 331 2026 cum
372 1985 438 2027 his
484 1985 696 2038 quaedam
738 1984 901 2038 scripta
943 1984 989 2026 P.
1030 1983 1263 2033 Dauidis1‚
1313 1997 1436 2036 quem
1480 1983 1633 2038 scripsi
1675 1997 1730 2026 ex
1772 1983 2008 2026 Viennensi

235 2050 424 2104 Collegio
458 2050 645 2104 fugisse,
689 2052 733 2092 et
765 2064 877 2091 nunc
919 2063 944 2091 a
978 2048 1274 2090 nobis'animo
1316 2048 1423 2090 satis
1457 2049 1598 2090 alieno
1631 2063 1738 2092 esse.
1803 2049 2009 2092 Promisit

233 2118 381 2159 tamen
414 2130 460 2157 se
492 2115 633 2158 isthuc
666 2115 976 2170 profecturum,
1011 2117 1058 2156 ut
1091 2128 1115 2156 a
1144 2113 1258 2156 votis
1291 2114 1556 2157 absoluatur.
1601 2114 1737 2156 Credo
1769 2113 1888 2156 illum
1921 2128 2006 2156 non

234 2195 416 2235 syncere
457 2181 668 2223 hactenus
709 2180 824 2223 inter
855 2182 1029 2222 nostros
1062 2183 1106 2222 et
1143 2194 1238 2222 cum
1280 2179 1442 2222 nostris
1473 2179 1742 2230 ambulasse,
1784 2178 1897 2222 sicut
1928 2193 2007 2222 suo

234 2246 327 2300 ipse
359 2246 521 2301 scripto
555 2246 663 2288 satis
694 2245 870 2288 indicat.
936 2244 979 2287 Si
1013 2244 1158 2287 ueniet
1190 2244 1395 2295 Romam,
1439 2244 1589 2286 literas
1630 2247 1804 2287 nostras
1839 2245 2006 2295 offeret,

235 2312 389 2365 quibus
421 2312 536 2353 illius
570 2325 745 2354 causam
780 2310 962 2364 explico.

363 2377 522 2419 Scribit
567 2377 728 2419 Rector
769 2375 1060 2417 Viennensis2
1100 2378 1200 2429 post
1240 2375 1360 2416 illum
1401 2375 1613 2417 Dauidem
1655 2374 1761 2417 duos
1802 2377 1879 2417 aut
1919 2377 2010 2417 tres

234 2442 399 2496 fugisse
441 2442 570 2492 alios;
614 2455 724 2495 quae
765 2455 836 2483 res
877 2440 992 2482 haud
1034 2440 1160 2482 dubie
1202 2440 1341 2493 magis
1384 2439 1543 2493 affligit
1574 2440 1773 2482 Rectoris
1815 2439 2005 2481 animum

235 2507 426 2560 alioquin
459 2507 567 2549 satis
599 2506 872 2559 aegritudine
903 2505 1171 2560 impeditum.
1235 2505 1376 2559 Vrget
1414 2505 1527 2546 idem
1560 2504 1804 2558 negotium,
1848 2507 1896 2547 ut
1928 2503 2006 2546 ad·-

234 2572 465 2626 iungamus
496 2572 558 2613 illi
590 2571 833 2613 ministrum
867 2573 943 2612 aut
974 2584 1268 2612 successorem
1302 2570 1444 2625 potius
1476 2569 1519 2611 in
1545 2569 1797 2612 Rectoratu.
1841 2569 2004 2611 Verum

234 2638 278 2680 id
309 2637 561 2691 neutiquam
595 2636 825 2679 conuenire
858 2636 1042 2687 uidetur,
1076 2635 1334 2690 praesertim
1366 2636 1447 2678 hoc
1477 2638 1696 2689 tempore,
1730 2648 1813 2688 quo
1846 2633 2007 2676 Caesar

235 2702 327 2746 abit
357 2702 567 2756 Pragam,
604 2704 648 2744 et
681 2715 763 2755 quo
796 2701 1108 2743 instituendum
1141 2704 1209 2743 est
1240 2715 1318 2755 per
1349 2700 1608 2742 viennenses
1640 2699 1877 2752 Collegium
1910 2701 2006 2753 tyr-

234 2767 464 2818 nauiense,
507 2767 620 2821 quod
653 2769 698 2809 et
728 2766 869 2821 ipsum
902 2780 1071 2819 quoque
1104 2780 1188 2808 non
1220 2780 1372 2821 parum
1406 2766 1590 2808 laborat.
1653 2763 1862 2806 Dominus
1893 2763 2006 2806 hanc

234 2836 483 2876 nostrorum
515 2831 856 2875 imbecillitatem
891 2831 1130 2874 abundanti
1161 2831 1307 2885 gratia
1339 2845 1417 2873 sua
1455 2830 1656 2885 supplere
1689 2835 1767 2872 ac⁸
1799 2842 2005 2883 superare

235 2897 452 2952 dignetur.

354 3037 368 3052 ³
395 3033 451 3065 Ita
478 3032 533 3073 B,·
559 3032 597 3065 at
623 3033 667 3065 A.

358 3153 367 3173 ¹
395 3152 517 3193 Eckii3
543 3153 627 3187 vide
653 3165 763 3198 supra
789 3165 822 3198 p.
852 3153 929 3187 196.
957 3153 1037 3187 208.
1137 3152 1150 3172 ²
1177 3152 1216 3186 P.
1242 3151 1394 3185 Ioannes
1420 3151 1463 3185 de
1489 3150 1660 3184 Victoria.
