2093 3444
187 210 342 242 Monuni.
373 208 605 252 (augustana)
636 209 714 242 232.
745 208 790 250 (A
818 220 862 242 m.
890 207 1021 241 Martio
1051 207 1140 241 1559
1167 207 1210 241 ad
1237 218 1283 241 m.
1311 207 1446 240 Maium
1472 218 1502 240 a.
1534 207 1651 249 1561.)
1722 208 1805 249 595

46 325 170 368 Jdem
205 324 458 366 beneficium
491 324 582 366 01110
615 324 740 366 vxori
773 323 1004 378 praediuiti
1037 323 1193 365 accidit
1208 324 1233 365 1.
1289 322 1387 364 Fuit
1421 325 1464 364 et
1497 322 1637 364 altera
1671 321 1807 364 Comi-

46 391 154 433 tissa
167 392 196 439 2,
230 403 341 442 quae
362 389 570 443 plurimos
594 403 729 431 annos
762 390 804 430 in
827 388 996 430 haeresi
1029 387 1249 430 obstinata
1271 387 1397 437 vixit,
1432 401 1482 428 03
1516 401 1611 428 011111
1633 387 1808 429 Patrem

48 454 276 508 aliquoties
318 454 643 496 concionantem
687 454 901 503 audisset,
946 468 996 495 ac
1029 453 1182 495 deinde
1223 451 1453 506 0111131101ιρι
1494 452 1548 493 31)
1590 466 1639 493 eo
1681 452 1810 494 fidem

48 519 313 562 Catholicam
352 519 507 560 fuisset
549 519 726 569 edocta,
772 518 906 561 totius
939 518 1058 561 vitae
1099 519 1280 572 peccata
1321 516 1383 558 illi
1425 516 1616 570 aperuit,
1663 532 1688 559 a
1727 531 1809 569 quo

49 585 175 627 simul
206 584 430 627 Ecclesiae
470 588 536 626 est
569 583 848 626 reconciliata
883 618 890 625 .
926 583 1053 624 Cuius
1091 585 1318 625 matronae
1351 580 1620 635 poenitentia
1652 582 1810 624 multo-

49 664 143 692 rum
190 650 258 691 1110
303 649 469 691 animos
513 649 641 690 valde
686 648 922 703 permouit,
971 647 1231 701 praesertim
1280 661 1375 688 011111
1420 646 1589 699 insigne
1633 645 1811 700 pietatis

49 715 266 769 specimen
300 715 352 756 de
385 728 430 756 se
462 715 694 768 praebeat,
739 727 849 766 quae
882 726 993 754 1111110
1028 712 1159 754 etiam
1192 715 1423 754 venustum
1457 711 1570 764 domj
1604 710 1811 752 sacellum

50 780 258 829 exstruit,
302 794 352 821 30
386 780 437 821 de
471 778 704 822 Catholicis
738 779 846 820 bene
878 777 1035 819 mereri
1068 777 1211 831 pergit
1244 812 1252 819 .
1288 777 1392 818 Cum
1426 775 1674 818 scholastici
1706 789 1812 830 pau-

50 859 176 899 peres
223 845 304 887 hac
352 844 592 899 asperrima
638 844 793 897 hyeme
841 843 1003 895 frigore
1051 841 1438 891 discruciarentur,
1493 841 1635 883 effecit
1682 841 1814 883 Pater

51 910 222 965 publica
255 908 581 959 exhortatione,
621 912 670 951 vt
702 909 756 950 ad
788 908 885 949 illos
918 907 1166 949 vestiendos
1208 920 1367 960 magna
1399 906 1607 960 pecuniae
1647 919 1813 947 summa

53 976 213 1018 collata
252 978 383 1028 atque
417 974 648 1017 distributa
680 973 854 1015 fuerit3.
919 973 1085 1013 Rursus
1118 986 1214 1013 cum
1254 971 1379 1025 egeni
1421 974 1465 1013 et
1496 970 1664 1022 miseri,
1708 984 1814 1024 quos

52 1040 296 1083 Catholicos
329 1053 424 1082 esse
457 1039 709 1089 constabat,
753 1051 891 1091 neque
935 1052 990 1079 ex
1021 1037 1207 1091 hospitio
1248 1036 1458 1089 migrare,
1502 1050 1641 1089 neque
1679 1049 1815 1078 nouas

53 1106 182 1148 aedes
225 1106 464 1147 conducere
505 1118 582 1158 per
621 1103 809 1158 inopiam
850 1105 1048 1157 possent,
1095 1103 1198 1144 data
1240 1104 1306 1144 est
1348 1115 1500 1155 opera,
1544 1104 1592 1143 vt
1634 1100 1815 1143 diuitum

52 1170 317 1213 liberalitate
340 1170 400 1212 illi
425 1170 758 1211 subleuarentur
782 1204 789 1211 .
825 1169 944 1210 Dura
967 1171 1034 1210 est
1057 1167 1168 1209 enim
1191 1167 1431 1220 Augustae,
1456 1166 1816 1219 quemadmodum

54 1239 98 1279 et
129 1236 173 1277 111
206 1236 303 1289 alijs
337 1234 596 1277 Germaniae
629 1233 887 1276 Ciuitatibus
919 1233 1166 1287 plaerisque
1198 1246 1436 1286 pauperum
1469 1231 1679 1282 conditio,
1720 1245 1816 1272 cum

54 1315 139 1343 non
171 1301 317 1343 ferant
356 1299 444 1341 illic
476 1299 697 1341 mendicos
730 1299 900 1353 publice
942 1298 1098 1352 stipem
1132 1300 1353 1351 petentes,
1397 1300 1473 1339 31113
1504 1297 1817 1350 Eleemosynas

55 1366 248 1409 ostiatim
301 1365 555 1418 colligentes
590 1400 597 1407 .
632 1364 742 1406 Tum
794 1363 1003 1406 haeretici
1049 1362 1177 1404 nullis
1224 1362 1364 1403 minus
1412 1376 1541 1415 quam
1588 1361 1819 1404 Catholicis

55 1432 207 1474 fauent
241 1466 248 1473 .
282 1431 477 1473 Fuerunt
519 1433 664 1472 autem
708 1429 864 1471 diuites
904 1428 1078 1482 quidam
1118 1428 1232 1470 inter
1270 1427 1534 1477 Catholicos,
1582 1427 1654 1480 qui
1695 1425 1818 1468 annis

56 1498 109 1539 ab
132 1497 231 1538 111110
264 1495 430 1549 aliquot
452 1495 581 1538 veriti
613 1509 697 1536 non
722 1497 823 1536 sunt
845 1493 1229 1547 Quadragesimam
1264 1506 1338 1535 esu
1372 1492 1602 1535 interdicto
1626 1491 1819 1533 carnium

57 1562 374 1605 commaculare
409 1596 416 1604 .
452 1561 535 1603 Sed
574 1559 735 1614 partim
774 1559 974 1614 priuatae
1011 1558 1348 1608 admonitiones,
1392 1557 1551 1611 partim
1593 1557 1820 1599 conciones

56 1627 195 1682 patris
228 1627 426 1681 publicae
448 1626 741 1680 perfecerunt,
776 1628 826 1667 vt
857 1625 918 1666 illi
942 1639 1062 1666 suam
1096 1624 1139 1665 in
1162 1623 1282 1665 victu
1314 1622 1547 1673 licentiam,
1582 1635 1692 1675 quae
1725 1636 1821 1663 cum

58 1693 239 1735 aliorum
273 1691 478 1734 scandalo
511 1691 741 1733 coniuncta
774 1693 890 1734 erat.
924 1689 1100 1731 missam
1134 1688 1334 1737 fecerint,
1369 1702 1499 1740 seque
1531 1690 1630 1741 post
1662 1687 1822 1728 multos

58 1772 194 1800 annos
234 1757 411 1800 tandem
454 1757 508 1798 ad
540 1756 763 1798 Ecclesiae
796 1755 1018 1797 decretum
1060 1752 1468 1796 accommodarint4.
1532 1753 1590 1794 Et
1623 1751 1821 1805 quamuis

58 1823 133 1865 vix
165 1823 241 1864 ulli
273 1822 569 1877 reperiuntur,
613 1821 684 1875 qui
717 1835 742 1863 a
774 1820 1044 1875 praescripta
1076 1819 1293 1861 ieiunandi
1332 1818 1644 1860 consuetudine
1682 1816 1822 1869 magis

59 1903 187 1942 quam
222 1887 424 1941 Germanj
468 1886 598 1929 alieni
638 1886 726 1928 sint
759 1902 767 1928 :
803 1886 915 1928 vnde
954 1885 1196 1939 complures
1236 1884 1280 1925 in
1322 1882 1438 1925 omni
1470 1882 1563 1924 vita
1602 1896 1823 1935 nunquam

59 1957 136 1996 aut
167 1967 266 1995 raro
299 1953 530 1995 admodum
561 1951 778 1994 ieiunasse
812 1950 1134 2005 comperiuntur
1168 1965 1176 1991 :
1211 1963 1323 1990 1111110
1355 1951 1515 1998 tamen,
1549 1948 1623 1989 vbi
1655 1948 1706 1989 de
1739 1948 1823 1989 Ec-

60 2019 216 2061 clesiae
249 2021 393 2060 mente
426 2017 809 2071 atque.sententia
842 2016 1050 2058 certiores
1082 2014 1189 2057 facti
1227 2016 1328 2056 sunt
1361 2013 1542 2056 eandem
1574 2027 1659 2054 0011
1699 2011 1825 2055 inuiti

61 2085 243 2139 probare
285 2086 330 2126 et
362 2083 566 2138 amplecti
598 2083 801 2125 videntur
834 2117 842 2124 .
877 2081 987 2131 Quin
1029 2083 1072 2123 et
1105 2080 1212 2122 adeo
1246 2078 1500 2132 quibusdam
1532 2078 1825 2120 Ieiunationes

60 2150 248 2204 placent,
288 2152 337 2191 Vt
369 2163 454 2191 non
487 2149 625 2190 solum
659 2162 733 2190 eas
767 2147 916 2189 diebus
948 2147 1002 2188 ab
1035 2144 1232 2187 Ecclesia
1263 2143 1544 2199 praescriptis
1578 2144 1824 2192 obseruent,

61 2229 212 2257 verum
256 2215 389 2257 etiam
429 2213 781 2256 hebdomadatim
823 2227 897 2254 eas
930 2212 1044 2254 Vltro
1087 2210 1166 2252 sibi
1207 2210 1400 2252 indicant
1433 2224 1442 2251 :
1476 2207 1731 2263 praesertim
1775 2221 1825 2249 eo

63 2281 151 2331 die,
194 2294 278 2334 quo
311 2279 508 2322 Christus
539 2278 749 2321 Dominus
791 2277 929 2319 diram
968 2291 1045 2331 pro
1087 2275 1210 2317 nobis
1251 2277 1437 2317 mortem
1477 2274 1520 2315 in
1561 2287 1686 2315 cruce
1727 2287 1826 2327 per—

62 2360 215 2400 pessus
248 2349 315 2388 est
349 2381 357 2389 .
392 2345 513 2395 Quod
545 2344 717 2397 quidem
759 2346 862 2386 ante
894 2345 1142 2384 nostrorum
1174 2340 1408 2382 aduentum
1441 2338 1525 2380 illis
1558 2338 1664 2380 nulli
1697 2352 1826 2380 curae

62 2411 145 2454 fuit
178 2446 187 2454 .
220 2411 315 2453 Hoc
347 2425 480 2452 vnum
513 2410 653 2451 dicam
686 2409 738 2451 de
771 2407 1067 2463 spiritualibus
1108 2404 1461 2448 meditationibus
1493 2403 1675 2453 nostris,
1719 2417 1827 2456 quas

63 2476 289 2530 Vtriusque
321 2489 452 2518 sexus
483 2474 726 2517 hominibus
758 2487 888 2528 saepe
922 2470 1353 2520 001011100103111111110,
1387 2469 1577 2512 fructum
1608 2468 1707 2510 inde
1739 2468 1827 2510 sin-

63 2542 259 2595 gularem
282 2544 413 2594 atque
435 2541 612 2582 vberem
635 2540 689 2581 ad
712 2539 946 2581 multorum
970 2536 1259 2579 conscientias
1280 2534 1461 2589 redijsse
1489 2568 1497 2577 .
1526 2534 1827 2576 Adhibuerunt

65 2607 177 2649 enim
210 2606 397 2660 vigilias,
431 2605 635 2659 suspiria,
669 2605 930 2658 lachrymas,
964 2601 1250 2657 precationes,
1287 2601 1599 2653 eleemosynas,
1635 2599 1829 2652 aliosque

66 2672 262 2726 dignos
302 2670 691 2726 poenitentiae
732 2669 1004 2717 fructus5,
1048 2670 1097 2710 vt
1128 2667 1249 2708 labes
1289 2667 1332 2707 et
1364 2664 1514 2706 sordes
1547 2664 1716 2706 animae
1748 2678 1826 2718 per

185 2812 198 2825 ³¹
225 2805 403 2850 priuatam
430 2806 515 2839 AB.

191 2932 198 2948 ¹
226 2927 376 2962 Iacobus
402 2938 521 2961 comes
547 2926 590 2961 de
615 2926 791 2960 Montfort
816 2928 852 2959 et
879 2924 1072 2959 Catharina
1098 2924 1283 2968 Fuggem,
1311 2923 1387 2957 eius
1414 2934 1520 2962 uxor,
1556 2920 1751 2965 significari
1780 2920 1831 2954 vi-

69 2982 216 3023 dentum
242 2980 325 3015 vide
350 2991 459 3025 supra
484 2992 518 3025 p.
547 2980 600 3014 16.
628 2979 673 3014 20
700 2981 736 3013 et
761 2978 865 3019 infra,
891 2990 1046 3012 monum.
1075 2978 1155 3012 271.

190 3035 202 3055 '²
228 3033 365 3079 Sibylla
399 3033 582 3068 comitissa
616 3032 659 3066 de
685 3032 894 3074 Eberstein,
929 3031 1043 3065 Marci
1068 3030 1224 3075 Fuggeri
1256 3041 1364 3070 uxor;
1401 3028 1482 3062 vide
1517 3038 1627 3072 supra
1652 3039 1685 3072 p.
1712 3026 1758 3060 20
1794 3028 1830 3060 et

70 3088 173 3130 infra,
200 3099 355 3122 monum.
381 3087 460 3121 269.
487 3086 567 3122 270.

191 3142 203 3162 ³
229 3140 407 3182 Quantam
432 3140 477 3174 iis
501 3139 668 3174 tribuerit
694 3138 830 3184 Sibylla
857 3138 1034 3182 Fuggera,
1061 3137 1166 3182 paulo
1192 3137 1286 3171 infra
1314 3135 1510 3181 apparebit.

191 3196 204 3215 ⁴
231 3194 283 3229 Cf.
311 3205 419 3239 supra
445 3205 479 3238 p.
507 3193 562 3227 70.
590 3192 668 3226 373.
769 3193 781 3211 5
807 3191 891 3226 Luc.
918 3191 950 3233 3,
977 3191 1008 3225 8.
1052 3190 1181 3225 Matth.
1210 3190 1241 3232 3,
1268 3190 1300 3224 8.

1484 3247 1558 3280 35*
