2093 3444
203 167 284 207 190
680 163 762 197 581.
801 162 965 197 Canisius
993 161 1250 207 Christophoro
1277 162 1320 196 de
1347 162 1498 197 Madrid.

200 297 279 325 con
311 283 341 324 il
374 283 419 325 P.
448 283 591 324 Lucas*
624 283 764 324 Padre
796 283 965 324 Joanne
998 295 1156 334 magno
1175 282 1189 308 1
1222 283 1267 323 et
1303 280 1550 322 Hieronimo
1583 280 1794 323 fornaro2
1824 281 1975 334 liquali

198 348 429 389 habbiamo
463 347 675 390 consolati
708 361 787 389 con
820 351 968 389 nostre
1000 347 1172 388 lettere.

320 412 490 462 Quanto
534 413 620 454 alla
662 426 765 454 casa
798 412 839 452 di
880 411 1136 466 probatione
1178 425 1255 464 per
1294 410 1418 453 molti
1458 410 1631 464 rispetti
1673 410 1710 452 ci
1750 424 1855 465 pare
1897 410 1975 452 che

201 478 236 519 si
278 477 473 520 trouaria
513 477 642 530 luogo
685 476 800 519 assai
838 477 911 530 piu
954 476 1178 517 commodo
1219 475 1262 517 in
1295 489 1434 529 praga
1476 476 1553 517 che
1594 475 1638 516 in
1679 475 1859 526 vienna,
1902 475 1976 530 piu

202 543 344 596 amplo
379 545 423 584 et
456 543 614 596 capace
648 544 670 584 0
702 542 732 583 11
765 542 955 594 Collegio
988 541 1210 594 Pragense
1243 554 1321 594 per
1352 542 1478 594 poter
1509 540 1699 582 fabricar
1730 543 1774 582 et
1806 544 1900 583 star
1931 543 1976 582 et

201 608 372 650 intorno
407 608 549 660 quello
583 621 688 648 sono
723 621 834 657 case,
868 607 899 648 li
932 606 1048 659 quali
1081 620 1157 660 per
1189 619 1275 647 non
1307 605 1431 647 molti
1464 605 1613 647 denari
1645 605 1680 647 si
1707 606 1974 660 potrebbono

203 687 403 726 comprar
435 676 478 714 et
511 672 707 726 applicar
740 686 765 714 a
798 675 952 725 questo
987 675 1030 713 et
1063 672 1117 713 ad
1151 671 1252 713 altri
1286 670 1446 720 effetti,
1483 671 1572 725 jmo
1607 685 1655 712 ce
1686 671 1717 712 11
1748 671 1819 712 nel
1850 672 1977 725 poter

203 739 271 780 del
305 737 486 791 collegio
529 738 571 779 la
605 737 750 778 chiesa
784 742 827 779 et
861 751 963 779 casa
1005 737 1046 778 di
1080 737 1214 778 Santo
1248 736 1557 778 Bartholomeo
1591 736 1704 778 della
1743 736 1868 789 quale
1900 749 1977 790 per
2027 781 2042 784 q

203 805 315 846 altre
358 803 474 845 nolte
516 803 551 844 si
591 818 613 845 e
646 802 799 845 scritto
842 803 928 844 alla
960 802 1011 845 R.
1046 802 1098 844 V.
1133 816 1211 856 per
1251 801 1411 843 hauere
1452 801 1495 843 la
1537 800 1860 855 dispensatione
1899 814 1978 855 per

204 868 468 911 conuertirla
499 868 542 909 in
576 882 678 910 casa
711 868 752 909 (11
767 868 781 887 ¹'
814 867 1069 922 probatione
1085 868 1114 909 3.
1158 867 1201 908 Jl
1235 866 1447 921 principal
1473 869 1608 920 punto
1642 866 1758 908 saria
1789 866 1832 908 la
1865 865 1977 907 diffi-

204 935 322 976 culta
354 933 395 975 in
430 937 581 976 trouar
612 948 669 974 vn
703 934 816 974 buon
848 935 1039 975 maesti-o
1073 933 1125 974 de
1158 932 1309 986 nouitij
1344 934 1388 973 et
1420 932 1501 973 ben
1535 931 1613 973 che
1650 931 1694 972 in
1726 931 1896 973 Vienna
1929 944 1977 972 ce

203 999 320 1041 fosse
363 999 516 1051 eguale
558 998 841 1052 amplitudine
884 998 935 1039 de
976 998 1127 1050 luogo,
1171 996 1428 1038 nondimeno
1473 997 1502 1038 il
1546 996 1631 1039 sito
1676 996 1744 1038 del
1788 995 1977 1049 Collegio

204 1078 418 1119 pragense
467 1077 489 1105 e
536 1063 606 1117 piu
652 1063 833 1105 retirato
879 1066 923 1105 et
967 1063 1113 1115 quieto
1160 1062 1237 1103 che
1283 1062 1380 1115 quel
1427 1061 1467 1103 di
1513 1061 1693 1111 vienna,
1750 1075 1836 1103 non
1883 1061 1977 1102 dico

205 1130 350 1172 niente
385 1130 436 1171 de
469 1130 495 1170 1·
521 1129 613 1171 aria
646 1128 718 1183 piu
751 1143 857 1170 sana
890 1128 933 1169 ni
967 1128 1018 1169 de
1051 1128 1094 1169 13
1127 1127 1323 1169 001110103
1355 1126 1600 1177 bohemica,
1639 1129 1683 1168 et
1715 1127 1828 1169 altre
1861 1140 1977 1168 com-

206 1195 419 1248 moditatj.

325 1260 520 1301 Essendo
544 1262 697 1312 questo
731 1259 912 1311 collegio
936 1272 1150 1312 pragense
1184 1258 1225 1299 di
1252 1260 1378 1300 tanta
1400 1257 1670 1311 importanza
1693 1256 1838 1298 vorria
1870 1271 1977 1298 non-

207 1325 375 1367 dimeno
418 1325 447 1366 il
480 1325 525 1367 P.
561 1324 740 1367 vitteria
773 1325 920 1365 leuare
952 1324 981 1365 il
1014 1324 1196 1365 Itettore
1239 1326 1283 1365 et
1324 1323 1528 1364 metterlo
1560 1322 1603 1364 111
1636 1322 1806 1364 Vienna
1839 1321 1883 1363 in
1927 1335 1978 1363 su

205 1391 348 1443 luogo,
384 1390 605 1432 lasciando
638 1390 666 1431 il
700 1404 892 1442 guuerno
927 1389 995 1430 del
1029 1389 1219 1441 Collegio
1254 1388 1295 1429 di
1328 1388 1472 1441 Praga
1504 1388 1546 1429 al
1579 1388 1725 1430 dottor
1758 1386 1978 1429 Henrico4

206 1457 363 1498 huomo
398 1456 549 1498 debole
591 1458 635 1497 et
676 1455 748 1509 piu
787 1454 1126 1508 contemplatiuo
1169 1453 1246 1495 che
1278 1453 1489 1507 prattico,
1533 1453 1573 1494 10
1605 1453 1738 1494 molte
1780 1466 1978 1507 empresa

208 1521 273 1562 (101
302 1521 344 1564 Ρ.
369 1521 561 1563 Vittoria
585 1523 629 1563 et
656 1521 696 1562 10
729 1520 889 1574 pocche
922 1534 1106 1574 persone
1140 1519 1217 1560 che
1250 1518 1396 1561 tienne
1419 1521 1511 1560 atte
1545 1518 1587 1560 al
1619 1531 1813 1571 guuerno
1846 1517 1978 1559 fanno

207 1587 233 1628 l'
259 1586 396 1628 offitio
428 1587 496 1628 (101
520 1586 700 1628 11011010
724 1585 1009 1638 trauaiglioso
1043 1587 1087 1627 01
1110 1598 1245 1637 graue
1268 1583 1471 1625 massime
1494 1583 1692 1625 hauendo
1714 1582 1771 1624 lui
1796 1582 1978 1637 pigliato

208 1732 277 1766 Ubi
306 1744 398 1765 nunc
426 1743 505 1765 cuni
533 1730 572 1765 P.
601 1730 696 1764 Luca
716 1732 819 1775 pater
846 1730 998 1763 Ioannes
1017 1729 1199 1773 Magnus¹
1227 1729 1262 1762 et
1288 1727 1531 1773 Hieronymus
1550 1727 1758 1762 Εο111311102
1784 1729 1980 1769 morantur,

209 1797 298 1830 quos
324 1797 387 1829 per
412 1785 554 1818 litteras
581 1783 755 1817 consolati
783 1795 918 1817 sumus.

329 1838 427 1880 Quod
455 1838 499 1872 ad
527 1838 669 1871 domum
696 1836 917 1881 probationis
945 1835 1085 1876 attinet,
1113 1835 1156 1869 ob
1182 1834 1316 1868 inultas
1352 1846 1482 1869 causas
1508 1834 1608 1868 locus
1634 1834 1739 1877 longe
1766 1834 1982 1868 commodior

208 1893 349 1936 Pragae
376 1903 482 1936 quain
509 1891 741 1924 Vindobonae
769 1890 800 1923 ei
827 1889 981 1923 inveniri
1007 1900 1112 1934 posse
1139 1888 1240 1922 nobis
1277 1888 1429 1922 videtur.
1480 1887 1646 1932 Amplius
1672 1887 1766 1921 enim
1793 1889 1849 1921 est
1875 1887 1980 1922 colle-

208 1946 305 1989 gium
333 1956 509 1990 pragense
537 1947 571 1978 01
598 1943 713 1977 maius
738 1944 885 1988 praebet
912 1943 1069 1988 spatium
1096 1942 1138 1976 ad
1167 1941 1428 1975 aedificandum
1466 1943 1501 1975 01
1527 1941 1781 1981 habitanduin;
1818 1952 1859 1974 30
1886 1941 1981 1975 01103

208 1999 295 2033 illud
324 1999 449 2032 domus
475 2000 578 2035 sunt,
613 2009 703 2041 quae
730 1997 881 2041 pecunia
908 1996 1002 2030 haud
1029 2006 1161 2039 magna
1186 1995 1253 2029 emi
1282 1997 1318 2028 et
1344 2006 1423 2028 cum
1450 1994 1532 2028 huic
1557 1996 1635 2028 tum
1661 1994 1742 2028 aliis
1768 1994 1874 2028 rebus
1899 1993 1981 2028 usui

209 2065 288 2087 esse
327 2054 497 2097 possunt;
536 2051 642 2084 immo
681 2050 753 2084 illic
793 2050 828 2083 in
867 2049 1009 2093 collegii
1045 2051 1223 2094 potestate
1260 2047 1412 2082 ecclesia
1440 2050 1476 2081 et
1502 2048 1627 2082 (10111110
1654 2047 1687 2082 S.
1716 2046 1982 2081 Bartholomaei

209 2109 312 2147 sunt,
349 2105 391 2139 de
418 2105 548 2148 quibus
574 2104 654 2138 aliis
681 2103 846 2149 epistulis
873 2115 952 2137 cum
980 2102 1020 2137 R.
1050 2102 1091 2137 V.
1119 2102 1269 2145 egimus,
1299 2104 1339 2135 ut
1365 2101 1668 2146 dispensationem
1696 2101 1981 2146 impetraremus,

210 2171 279 2204 qua
307 2170 367 2192 eas
394 2158 429 2191 in
456 2158 597 2191 (1011111111
625 2157 846 2202 probationis
873 2159 1083 2191 convertere
1110 2155 1235 2189 liceret
1251 2156 1274 2189 3.
1326 2155 1397 2188 Res
1423 2157 1543 2188 autem
1580 2154 1734 2188 omnium
1763 2153 1980 2198 gravissima

210 2213 278 2247 erit
305 2211 500 2246 difficultas
527 2212 656 2245 bonum
685 2210 897 2254 magistrum
925 2209 1146 2243 noviciorum
1173 2208 1398 2247 inveniendi,
1437 2210 1545 2252 atque
1582 2207 1723 2241 etiamsi
1749 2206 1982 2241 Vindobonae

210 2266 335 2300 eadem
371 2267 468 2299 esset
502 2264 570 2298 loci
606 2263 823 2309 amplitudo,
862 2263 1053 2306 collegium
1089 2264 1210 2295 tamen
1246 2272 1423 2306 pragense
1458 2261 1535 2295 loco
1561 2261 1669 2295 situm
1697 2262 1753 2294 est
1778 2271 1799 2294 a
1823 2259 1982 2294 tumultu

209 2319 327 2363 magis
353 2321 490 2352 remoto
517 2320 552 2352 et
570 2316 830 2361 tranquilliore,
858 2328 964 2360 quam
994 2315 1269 2355 vindobonense,
1296 2317 1337 2348 ut
1354 2314 1441 2348 nihil
1461 2314 1576 2348 dicam
1604 2313 1646 2348 de
1673 2318 1755 2348 aere
1773 2313 1981 2354 salubriore,

210 2374 253 2407 de
280 2372 456 2407 cerevisia
482 2371 678 2411 bohemica,
706 2371 748 2404 de
775 2370 857 2404 aliis
883 2368 1208 2404 commoditatibus.

329 2425 430 2459 Licet
456 2424 646 2468 collegium
681 2423 769 2457 illud
805 2434 982 2468 pragense
1009 2423 1101 2456 tanti
1131 2421 1179 2456 sit
1205 2420 1394 2462 momenti,
1431 2420 1470 2455 P.
1498 2420 1659 2454 Victoria
1695 2420 1771 2454 eius
1806 2421 1981 2454 rectorem

210 2479 292 2514 inde
318 2478 499 2512 sublatum
526 2477 758 2511 Vindobonae
785 2476 820 2510 in
846 2476 963 2510 locum
998 2487 1102 2510 suum
1129 2474 1349 2509 substituere
1376 2474 1493 2518 cupit,
1530 2473 1672 2517 collegii
1707 2473 1896 2518 pragensis
1922 2472 1981 2506 ad-

210 2532 475 2568 ministratione
502 2531 637 2565 doctori
664 2529 819 2564 Heni-ico
835 2531 847 2549 ⁴
874 2530 1069 2574 permissa;
1096 2528 1157 2572 qui
1183 2528 1287 2562 homo
1315 2526 1442 2561 debilis
1469 2529 1525 2561 est
1550 2529 1586 2560 et
1612 2527 1728 2570 magis
1755 2526 1799 2560 ad
1826 2527 1981 2560 contem-

210 2586 379 2632 plandum
409 2596 516 2629 quam
543 2584 587 2617 ad
622 2583 767 2627 negotia
801 2583 958 2627 gerenda
984 2582 1144 2616 idoneus.
1196 2580 1295 2623 Quod
1331 2580 1425 2614 enirn
1451 2580 1490 2614 P.
1518 2579 1679 2614 Victoria
1713 2579 1828 2613 multa
1865 2579 1982 2613 facere

211 2640 329 2685 coepit
355 2640 391 2672 et
416 2649 548 2683 paucos
574 2637 683 2671 habet
709 2636 752 2670 ad
780 2636 977 2680 regendum
1005 2637 1128 2681 aptos,
1163 2634 1231 2669 hoc
1265 2634 1334 2679 ipsi
1370 2633 1520 2668 rectoris
1547 2633 1705 2668 officium
1731 2643 1919 2678 operosum
1946 2633 1983 2666 et

331 2768 345 2783 ³
372 2761 465 2796 Cura
491 2773 573 2805 ap.;
599 2761 644 2804 cf.
670 2771 784 2804 supra
808 2771 844 2803 p.
875 2762 952 2793 189.
1051 2759 1066 2779 ι’
1093 2758 1127 2792 di
1155 2758 1189 2792 di
1216 2769 1273 2802 ap.

334 2884 345 2904 ¹
371 2882 412 2917 P.
438 2883 589 2916 Ioannes
616 2881 707 2917 Gros
737 2881 843 2925 (Can.
870 2880 960 2925 Epp.
988 2880 1030 2921 Π,
1058 2880 1138 2914 574.
1166 2879 1264 2923 651).

333 2936 346 2956 ‘·'
373 2936 413 2969 In
440 2936 639 2978 *Cataloyo
665 2934 872 2980 provinciae
891 2933 924 2968 S.
945 2934 977 2968 J.
999 2932 1212 2967 Germaniae
1238 2931 1433 2977 superioris
1460 2930 1525 2965 sub
1551 2942 1583 2964 a.
1613 2930 1702 2965 1560
1729 2930 1863 2974 scripto
1889 2929 1982 2963 inter

214 2989 336 3024 Socios
362 2989 565 3023 oibinenses
597 2988 858 3033 „Hieronymus
884 2986 1093 3020 Heluetius“
1125 2987 1307 3030 comparet
1335 2984 1435 3028 (Cod.
1467 2983 1528 3026 „Gn
1558 2982 1596 3018 C.
1623 2984 1687 3018 67²
1717 2995 1750 3028 p.
1778 2983 1878 3026 328).

318 3044 347 3087 ‚³
373 3043 413 3076 Id
448 3053 540 3076 anno
570 3043 678 3083 1564,
714 3040 866 3075 noviciis
901 3038 1229 3074 vindobonensibus
1265 3040 1301 3072 et
1334 3037 1629 3083 tyrnaviensibus
1656 3036 1813 3080 Pragam
1848 3035 1980 3078 missis,

214 3096 349 3130 factum
377 3097 433 3130 est
460 3095 636 3139 (Schmidl
661 3094 683 3129 1.
712 3106 741 3129 c.
768 3094 796 3136 Ι,
825 3092 920 3136 184).

335 3151 346 3169 ⁴
374 3147 576 3183 Blissemio.

2051 3086 2059 3139 1
