2061 3374
676 557 1358 630 PRAEFATIO.

245 786 494 851 Postquain
528 798 762 840 secundum
795 798 921 840 huius
955 798 1097 853 operis
1130 798 1332 840 volumen
1365 797 1408 839 in
1440 797 1580 839 lucem
1612 796 1794 851 prodiit,
1829 809 1898 836 re-

127 864 343 905 verendus
376 864 508 906 Pater
539 863 745 918 Aloysius
778 864 935 914 Kross,
979 878 1035 906 ex
1069 863 1299 906 Societatis
1337 865 1515 905 nostrae
1556 861 1779 916 provincia
1821 875 1899 903 au-

127 929 304 980 striaca,
338 929 448 971 libro
486 930 598 979 „Der
630 929 766 982 selige
798 929 956 972 Petrus
980 929 1177 971 Canisius
1209 929 1252 970 in
1286 918 1559 971 Osterreiolr‘
1590 926 1738 980 (Wien
1765 928 1898 977 1898)

128 993 244 1036 edito
277 995 437 1036 multos
469 994 677 1037 historiae
701 994 861 1036 Canisii
894 994 1038 1036 fontes
1072 1008 1209 1036 novos
1242 993 1414 1048 aperuit
1446 1007 1677 1046 rerumque
1710 1007 1736 1034 a
1768 992 1898 1034 beato

126 1059 199 1100 1110
232 1060 339 1110 viro,
373 1060 562 1102 maxime
591 1060 634 1101 in
656 1060 849 1111 Austria,
884 1063 1109 1113 gestarum
1134 1059 1425 1113 cognitionem
1449 1059 1577 1101 valde
1600 1057 1897 1112 amplificavit.

127 1125 387 1167 Absolutum
430 1129 575 1168 autem
619 1129 708 1176 est,
750 1128 869 1168 tomo
902 1126 975 1169 IX.
1009 1126 1053 1166 in
1085 1125 1224 1167 lucem
1266 1124 1446 1176 emisso,
1490 1124 1668 1166 ineunte
1709 1138 1747 1166 a.
1786 1125 1899 1165 1900

127 1190 294 1243 grande
328 1193 372 1233 et
403 1191 642 1245 pretiosum
675 1205 800 1245 opus,
845 1191 959 1244 quod
992 1193 1036 1233 et
1068 1190 1207 1245 ipsum
1242 1191 1297 1232 ad
1330 1190 1548 1232 Canisium
1580 1189 1728 1232 multis
1761 1188 1900 1230 modis

127 1258 320 1309 spectat:
355 1256 497 1299 Series
530 1256 648 1310 prior
681 1256 823 1310 operis
862 1256 1189 1309 „Bibliotheque
1222 1256 1274 1298 de
1306 1256 1350 1298 la
1382 1255 1646 1310 Compagnie
1680 1255 1732 1296 de
1754 1255 1897 1297 Jesus

127 1311 304 1364 Edition
337 1322 563 1364 nouvelle“
602 1336 628 1363 a
660 1322 901 1364 reverendo
934 1322 1067 1364 Patre
1100 1322 1253 1364 Carolo
1289 1321 1616 1374 Sommervogel
1650 1320 1690 1363 S.
1725 1320 1790 1369 J.,
1831 1319 1899 1361 cui

127 1401 196 1429 me
238 1387 422 1430 multum
466 1387 623 1429 debere
664 1389 894 1441 profiteor,
938 1387 1147 1440 evulgati.
1211 1387 1407 1440 Pergunt
1449 1389 1594 1429 autem
1637 1385 1679 1427 in
1724 1385 1900 1427 modum

127 1452 371 1494 libellorum
394 1452 712 1507 periodicorum
735 1452 917 1506 singulis
940 1452 1161 1494 mensibus
1179 1466 1312 1506 opera
1328 1452 1609 1506 hispanorum
1627 1450 1899 1504 quorundam

126 1518 359 1561 Societatis
406 1522 583 1561 nostrae
625 1518 805 1560 Patrum
846 1518 890 1559 in
930 1519 1070 1560 lucem
1112 1517 1285 1573 prodire
1335 1518 1641 1568 „Monumenta
1687 1515 1897 1558 historica

127 1583 360 1626 Societatis
392 1584 542 1633 Iesu“;
589 1598 722 1637 quae,
768 1586 817 1626 ut
857 1583 943 1626 iam
989 1586 1120 1626 antea
1160 1583 1328 1634 monui,
1375 1584 1430 1625 ad
1472 1582 1697 1637 Epistulas
1740 1580 1900 1623 Canisii

126 1648 466 1703 intellegendas,
509 1649 816 1700 illustrandas,
860 1649 1137 1704 complendas
1170 1648 1318 1690 multis
1360 1648 1602 1691 rationibus
1644 1647 1899 1694 conferunt;

126 1715 170 1756 id
203 1715 316 1768 quod
349 1715 402 1757 de
435 1728 486 1757 ea
527 1715 800 1769 potissimum
832 1715 1211 1757 Monumentorum
1244 1716 1370 1768 parte
1409 1713 1526 1764 dico,
1559 1713 1603 1755 in
1645 1727 1731 1767 qua
1768 1711 1900 1766 „Epi-

125 1779 267 1822 stolae
300 1780 347 1824 P.
381 1780 551 1822 Nadal“
590 1780 721 1822 valde
754 1783 962 1822 accurate
996 1780 1315 1833 diligenterque
1348 1779 1624 1833 evulgantur.

245 1845 295 1887 In
327 1845 453 1887 huius
493 1845 726 1888 voluminis
769 1845 967 1900 epistulis
999 1844 1377 1898 monumentisque
1416 1843 1670 1898 colligendis
1713 1846 1758 1886 61
1800 1843 1901 1884 11111-

127 1911 319 1953 strandis
352 1910 661 1953 humanissime
694 1925 763 1953 me
801 1910 1084 1961 adiuverunt,
1128 1910 1271 1962 libris,
1316 1909 1534 1952 codicibus
1568 1911 1650 1951 etc.
1694 1908 1901 1963 suppedi-

126 1976 256 2027 tatis,
300 1977 544 2031 complures
577 1976 766 2019 archivis
800 1979 844 2019 et
874 1975 1147 2018 bibliothecis
1178 1975 1361 2030 publicis
1393 1974 1618 2030 praefecti,
1653 1974 1768 2016 inter
1794 1988 1901 2027 quos

127 2042 245 2095 grati
277 2042 409 2084 animi
442 2042 715 2095 significandi
748 2056 881 2084 causa
903 2041 1075 2084 nomino
1099 2041 1149 2084 R.
1174 2041 1221 2084 P.
1246 2041 1576 2083 Franciscum
1598 2040 1754 2082 Ehrle
1779 2039 1819 2082 S.
1843 2039 1900 2089 «1.,

127 2107 399 2161 praefectum
431 2107 719 2150 bibliothecae
751 2106 996 2158 vaticanae,
1032 2107 1133 2150 clar.
1165 2107 1216 2149 D.
1241 2107 1476 2149 Doctorem
1511 2105 1807 2159 Georgium
1840 2104 1902 2145 de

128 2172 467 2223 Laubmann,
502 2172 649 2226 regiae
671 2172 960 2215 bibliothecae
981 2172 1254 2214 monacensis
1277 2172 1550 2222 directorem,
1585 2171 1688 2213 clar.
1713 2171 1765 2212 D.
1789 2170 1900 2211 Doc-

127 2240 267 2280 torem
302 2238 555 2280 Carolum
589 2239 898 2292 Augustum
930 2238 1170 2289 Barack,
1215 2237 1475 2280 directorem
1507 2236 1796 2279 bibliothecae
1829 2249 1901 2277 ar-

127 2304 451 2356 gentoratensis
486 2302 589 2356 (iam
623 2303 717 2346 vita
749 2303 978 2356 functum).
1023 2304 1059 2345 E
1093 2302 1313 2346 Societate
1345 2305 1498 2345 nostra
1529 2315 1661 2356 saepe
1693 2301 1901 2343 multum-

129 2382 212 2421 que
245 2383 297 2411 ac
329 2383 489 2423 magna
522 2383 700 2423 prorsus
734 2368 918 2411 caritate
945 2383 1013 2410 me
1036 2368 1204 2411 adiuvit
1226 2368 1276 2411 R.
1300 2369 1347 2411 P.
1371 2368 1610 2410 Ioannes
1633 2366 1901 2421 Baptista

129 2448 234 2476 van
256 2435 459 2485 Meurs;
493 2435 677 2476 multum
705 2435 838 2477 etiam
861 2434 996 2476 debeo
1019 2434 1110 2476 RR.
1135 2434 1217 2477 PP.
1242 2433 1559 2487 Augustino
1581 2432 1902 2485 Langhorst

130 2502 174 2542 et
208 2500 453 2542 Gerardo
488 2499 794 2542 Gietmann.
858 2499 945 2541 Alii
979 2513 1148 2553 quoque
1181 2513 1358 2553 operam
1399 2512 1523 2541 suam
1564 2497 1668 2540 mihi
1711 2510 1901 2539 commo-

130 2565 369 2612 daverunt:
413 2579 520 2618 quos
552 2565 595 2606 in
628 2564 721 2619 ipso
753 2564 863 2607 libro
896 2564 985 2606 suis
1017 2564 1124 2606 loci's
1156 2553 1401 2616 nominabo.
1465 2563 1546 2605 His
1579 2562 1776 2605 omnibus
1809 2575 1903 2603 ma-

129 2629 272 2672 ximas
304 2644 387 2683 ago
421 2630 601 2683 gratias
1327 2641 1331 2646 ·

249 2760 556 2815 chxemburyo,
590 2758 790 2801 kalendis
822 2757 1145 2799 Novembribus
1181 2760 1307 2801 1900.

1605 2875 1832 2929 Editor.
