2093 3444
217 169 301 211 376
772 170 850 204 665.
888 170 1092 205 Stanislaus
1117 170 1250 205 Hosius
1278 171 1431 207 Canisio.

213 284 321 326 meis
352 285 512 338 legatis
544 286 726 339 protuli,
771 301 797 329 a
830 287 982 340 quibus
1017 287 1239 330 decretum
1272 291 1361 339 est,
1404 292 1453 332 ut
1483 291 1692 334 nonnulla
1723 306 1779 334 ex
1809 293 1876 336 his
1908 308 1984 336 ex—

215 352 366 404 cerpta
412 350 455 391 in
498 350 710 405 1111101101οἕι
756 352 1007 406 Laetanijsb
1048 351 1132 406 [?],
1187 367 1298 406 quae
1345 354 1619 398 habebuntur
1664 357 1745 399 hac
1792 358 1985 402 instante

214 415 587 469 Quadragesimal
620 417 915 459 insererentur
929 423 952 460 ⁰.
1017 417 1125 472 Spes
1170 420 1238 460 est
1278 417 1322 460 in
1354 419 1446 461 Deo
1489 420 1691 463 daturum
1723 422 1804 465 1100
1836 423 1985 466 illumd

214 481 414 533 precibus
445 480 613 534 piorum
645 482 725 524 ut2
757 496 834 536 per
866 482 1075 524 auxilium
1107 483 1278 536 gratiae
1309 483 1443 538 ipsius
1477 486 1590 538 quod
1621 490 1802 541 peccata
1834 491 1986 531 nostra

212 546 521 600 praepediunt,
555 546 825 600 indulgentia
857 547 1179 601 propitiationis
1212 547 1303 590 eius
1343 551 1569 594 acceleret.
1626 552 1804 595 Vtinam
1838 556 1985 596 autem

215 611 329 663 quod
362 612 462 653 boni
495 626 643 653 omnes
676 612 927 655 desiderant
958 613 1106 654 uidere
1138 612 1315 655 11001013ρ
1346 614 1414 656 1110
1444 619 1698 669 praesentes
1730 632 1815 659 non
1847 619 1986 661 solum

216 675 475 719 Germaniae
515 677 760 731 praesules,
807 691 959 719 uerum
1001 677 1133 720 etiam
1174 678 1521 722 Protestantium
1563 680 1792 734 Oratores,
1835 683 1987 726 melior

213 755 313 794 spes
345 741 494 783 nobisf
522 742 753 795 affulgeret
784 742 952 784 foelicis
983 757 1261 796 progressus,
1302 746 1346 786 et
1379 759 1604 787 successus
1636 747 1762 789 huius
1795 748 1984 804 Coneilij,

214 806 377 847 Verum
411 807 462 848 de
494 807 764 860 benignitate
786 808 867 849 Dei
889 808 1041 850 nobisg
1072 812 1115 851 et
1137 809 1216 850 1100
1239 809 1504 863 pollicemur,
1538 812 1651 864 quod
1674 826 1822 854 eorum
1855 814 1987 856 corda
2043 832 2049 833 ⁷

212 871 341 913 facile
374 872 431 914 sit
463 873 506 913 in
538 872 650 914 hanc
683 876 872 915 mentem
905 874 1181 928 impulsurus.
1246 875 1384 917 Tuum
1419 876 1502 918 erit
1534 876 1571 918 si
1603 891 1709 930 quos
1742 878 1875 921 habes
1907 878 1986 922 tibi

213 936 358 989 aliqua
400 937 699 980 familiaritate
733 938 984 981 coniunctos
1026 942 1073 981 ut
1105 939 1166 981 eis
1204 941 1466 994 persuadere
1499 942 1687 991 coneriS,
1731 957 1814 996 quo
1845 943 1987 986 minus

213 1001 449 1045 difficulter
488 1003 682 1045 laborem
724 1004 806 1045 huc
840 1004 1039 1046 ueniendi
1080 1004 1340 1059 suscipiant,
1383 1008 1459 1048 aut
1494 1007 1650 1049 saltem
1692 1008 1859 1061 aliquos
1890 1010 1986 1051 1000

213 1080 291 1108 0110
324 1067 515 1111 mittant.
570 1068 754 1110 Habetis
787 1069 988 1111 Coloniae
1023 1069 1298 1120 Societatem,
1333 1071 1502 1113 habetis
1536 1074 1580 1113 et
1611 1072 1865 1125 Moguntiae
1897 1074 1986 1116 for-

212 1132 345 1174 tassis
378 1136 525 1175 autem
558 1136 602 1175 et
635 1133 731 1188 alijs
765 1134 1018 1187 quibusdam
1051 1134 1094 1176 in
1126 1135 1246 1178 locis.
1305 1135 1349 1178 Si
1383 1136 1454 1189 qui
1487 1139 1588 1178 sunt
1619 1137 1663 1178 in
1696 1137 1986 1181 Societatibus

212 1197 279 1239 his
312 1198 383 1251 qui
416 1198 607 1240 nonnihil
641 1200 754 1252 apud
780 1199 1018 1253 Episcopos
1050 1200 1194 1253 gratia
1226 1201 1375 1243 ualent
1408 1204 1452 1244 et
1485 1202 1766 1253 authoritate,
1803 1203 1986 1246 admone

212 1262 310 1304 illos
343 1268 391 1306 ut
423 1278 591 1306 omnem
633 1267 836 1307 moueant
868 1264 1077 1319 lapidem,
1123 1280 1205 1319 quo
1244 1267 1412 1320 possint
1454 1281 1526 1308 000
1567 1267 1610 1309 111
1654 1268 1765 1309 hanc
1796 1271 1987 1311 mentem

213 1327 448 1383 impellere.
512 1329 612 1371 Non
655 1330 872 1382 ingratum
916 1333 1062 1373 autem
1096 1331 1276 1381 accidit,
1322 1346 1376 1373 ex
1409 1332 1567 1374 litteris
1605 1332 1692 1375 tuis
1725 1347 1986 1387 cognoscere

214 1394 327 1446 quod
359 1394 532 1436 missuri
565 1398 666 1437 sunt
680 1394 694 1414 ¹¹
727 1395 808 1437 huc
841 1395 963 1437 suosi
996 1396 1173 1438 Elector
1197 1396 1412 1439 Saxoniae
1439 1401 1482 1440 et
1505 1397 1984 1452 Brandenburgensisk,

332 1563 346 1576 ³
372 1556 550 1601 pubblicis
575 1558 633 1590 11'0.
733 1556 747 1576 b
773 1557 934 1602 Letanijs
960 1559 1015 1600 B‚·
1041 1558 1193 1603 Litanijs
1219 1559 1276 1592 ΒΟ.
1375 1566 1386 1579 ⁰
1413 1560 1460 1592 I1'0
1482 1570 1695 1603 perperam:
1720 1559 1934 1595 inserentur.

333 1610 348 1629 ‘¹
374 1609 539 1643 daturam
566 1609 631 1644 hoc
659 1609 756 1643 illam
786 1612 888 1644 AR».
987 1618 998 1631 ⁰
1025 1614 1048 1645 ¹2
1075 1623 1120 1645 ιϊ.
1147 1624 1219 1656 sqq.
1247 1624 1290 1645 ear
1316 1613 1349 1645 R
1374 1617 1403 1645 et
1429 1613 1477 1645 ΒΟ
1502 1613 1670 1656 suppleri.

340 1664 351 1683 s
374 1663 476 1696 nobis
502 1674 585 1708 spes
611 1665 670 1698 R0.
769 1670 782 1689 ἓ
807 1664 910 1698 nobls
936 1666 994 1698 RQ

335 1716 348 1736 ¹*
373 1716 548 1761 Cuperem
576 1729 701 1750 verum
729 1728 808 1751 esse
834 1718 927 1761 quod
955 1717 1096 1759 dicitur,
1123 1718 1216 1762 quod
1243 1718 1389 1752 missuri
1414 1721 1500 1752 sunt
1525 1720 1651 1752 Rvssz.

339 1770 345 1790 i
371 1771 434 1804 Bz.
463 1781 527 1804 om.
554 1781 650 1805 suos.
749 1771 762 1790 ¹¹·
791 1771 1123 1815 Brandeburgensis
1150 1773 1203 1814 B‚·
1229 1772 1540 1815 Brandeburgens.
1567 1774 1630 1806 Be.

337 1921 344 1939 ¹
373 1919 523 1954 Concilii
550 1920 734 1964 praesides
760 1919 827 1954 has
853 1932 978 1965 preces
1005 1920 1161 1954 maxime
1188 1920 1223 1953 in
1254 1920 1509 1962 „stationibus“
1536 1920 1747 1964 (stationum
1770 1920 1984 1966 „processio-

212 1972 356 2016 nibus“)
385 1973 527 2018 publice
553 1973 697 2007 recitari
724 1973 874 2007 iussisse
893 1985 1032 2008 censeo.
1067 1973 1178 2008 Notat
1196 1973 1288 2007 enim
1314 1975 1474 2007 Tor-ellus
1491 1975 1605 2007 Phela
1629 1974 1671 2007 de
1690 1973 1840 2017 Puggio,
1867 1974 1985 2008 cathe-

213 2026 324 2060 dralis
351 2026 525 2060 ecclesiae
552 2026 738 2061 fesulanae
765 2027 974 2069 canonicus,
1010 2027 1046 2060 in
1081 2039 1145 2061 suo
1176 2027 1318 2070 „Diario
1343 2028 1516 2061 Actorum
1543 2027 1636 2061 sacri
1672 2027 1812 2061 concilii
1839 2027 1985 2061 Triden-

211 2079 313 2121 tini“,
349 2079 454 2114 Pium
479 2080 540 2114 IV.
582 2080 847 2122 „transmisisse
883 2092 946 2125 per
980 2082 1093 2114 totam
1129 2080 1444 2124 quadragesimam
1476 2083 1513 2114 et
1538 2082 1705 2114 octavam
1731 2081 1894 2114 sanctam
1920 2080 1986 2114 Pa-

212 2133 350 2167 schatis
385 2133 630 2177 indulgentias
665 2136 702 2167 et
736 2134 912 2168 stationes
948 2146 1011 2179 pro
1049 2133 1212 2168 ecclesiis
1238 2133 1477 2175 Tridentinis,
1516 2135 1621 2178 prout
1656 2133 1700 2167 ab
1727 2133 1987 2168 illustrissimis

212 2186 501 2231 praesidentibus
528 2189 711 2221 statuetur
739 2214 745 2221 .
773 2199 863 2231 quas
891 2187 950 2231 qui
978 2187 1218 2229 visitaverint,
1247 2189 1522 2231 consequentur,
1549 2198 1591 2221 ac
1617 2187 1647 2221 si
1670 2186 1804 2220 Romae
1831 2187 1987 2221 essent“.

213 2240 352 2284 Atque,
389 2242 429 2273 ut
464 2241 555 2273 idem.
589 2240 735 2281 scribit,
771 2240 827 2274 25.
855 2240 1042 2274 Februarii
1070 2240 1160 2274 1562
1201 2239 1456 2282 „illustrissimi
1491 2239 1603 2283 legati
1634 2242 1670 2273 et
1695 2239 1988 2274 reverendissimi

214 2295 346 2337 patres,
374 2295 410 2327 et
436 2293 547 2327 ceteri
574 2305 698 2327 omnes
724 2294 876 2338 profecti
902 2296 988 2327 sunt
1005 2293 1049 2328 ab
1068 2293 1221 2327 ecclesia
1240 2293 1273 2327 S.
1294 2293 1441 2327 Martini
1458 2305 1521 2338 pro
1540 2293 1696 2327 statione
1714 2293 1984 2337 consequenda⁴⁴

217 2346 335 2389 (Edm.
366 2347 528 2380 Mat-tene
553 2349 590 2381 et
616 2348 693 2381 Urs.
719 2348 888 2391 Dici-and,
916 2346 957 2380 O.
978 2346 1011 2381 S.
1031 2346 1083 2388 Β.,
1110 2346 1284 2381 Veterum
1311 2345 1531 2391 Scriptorum
1559 2349 1596 2380 et
1620 2346 1932 2380 Monumentorum
1953 2373 1960 2380 .
1981 2373 1988 2379 .

215 2399 379 2433 collectio
407 2399 492 2433 VIII
521 2399 685 2444 [Parisiis
714 2399 841 2444 1733J,
871 2400 992 2443 1252).
1042 2401 1163 2444 Atque
1190 2401 1347 2444 Anyelus
1373 2401 1626 2443 Massarelleoe,
1663 2399 1852 2444 episcopus
1877 2398 1988 2433 thele-

214 2451 315 2486 sinus
341 2454 378 2486 et
403 2452 545 2486 concilii
569 2453 757 2487 tridentini
787 2453 1062 2495 „secretarius“,
1088 2453 1123 2487 in
1147 2452 1300 2495 „Ordine
1326 2452 1584 2487 celebrandi..
1613 2452 1753 2486 concilii
1779 2452 1985 2486 tridentini“

217 2504 266 2548 (n.
288 2505 347 2548 14)
369 2505 517 2540 asserit:
545 2505 720 2551 Tempore
739 2505 1045 2550 Quadragesimae
1068 2506 1212 2548 „diebus
1230 2505 1393 2540 veneris“
1420 2505 1639 2548 „habebatur
1656 2505 1836 2550 processio
1855 2505 1990 2539 circum

213 2558 374 2603 plateam
400 2558 601 2603 publicam,
630 2570 720 2603 quae
747 2561 803 2593 est
829 2571 939 2604 prope
965 2559 1080 2604 ipsam
1107 2559 1372 2600 cathedralem,
1399 2558 1435 2592 in
1461 2569 1530 2602 qua
1556 2558 1657 2592 ibant
1682 2558 1928 2603 praesidentes
1954 2560 1991 2592 et

215 2611 429 2646 conciliares
456 2623 597 2654 omnes,
624 2612 750 2646 habitu
776 2612 984 2656 quotidiano
1011 2612 1145 2654 induti,
1180 2612 1457 2646 decantantibus
1483 2611 1691 2646 cantoribus
1718 2611 1859 2646 concilii
1885 2622 1990 2656 quas-

215 2665 298 2699 dam
323 2665 488 2706 litanias;
528 2668 565 2699 et
589 2665 625 2698 in
652 2665 844 2699 ecclesiam
871 2666 1030 2708 reversi,
1064 2665 1227 2700 recitatis
1252 2677 1316 2710 per
1341 2676 1451 2699 unum
1488 2677 1534 2698 ex
1567 2664 1741 2710 praelatis
1775 2665 1992 2709 quibusdam

215 2718 382 2763 precibus
417 2717 462 2752 ad
496 2729 624 2763 pacem
659 2720 695 2752 et
730 2719 898 2752 unionem
925 2718 1121 2761 ecclesiae,
1156 2719 1200 2752 ad
1226 2718 1418 2752 haeresum
1445 2717 1742 2763 extirpationem,
1778 2718 1824 2752 ad
1849 2717 1992 2752 felicem

215 2782 500 2816 prosperumque
525 2771 635 2805 finem
661 2771 803 2806 concilii
829 2784 850 2806 a
868 2771 942 2806 Deo
968 2771 1233 2817 impetrandum
1258 2771 1456 2806 institutis“
1487 2773 1554 2805 etc.
1576 2771 1684 2815 (Auy.
1709 2772 1872 2816 Uzei‘ner,
1898 2772 1992 2805 Acta

216 2824 373 2868 genuina
401 2824 461 2859 SS.
487 2824 707 2860 oecumenici
735 2824 884 2859 Concilii
910 2825 1110 2859 Tridentini
1137 2825 1153 2859 I
1180 2824 1391 2869 [Zagabriae
1416 2823 1533 2868 1874],
1562 2824 1634 2868 13).

337 2877 351 2898 ²
376 2877 516 2919 Verba,
552 2889 644 2922 quae
679 2880 901 2922 sequuntur,
938 2890 1052 2922 usque
1078 2879 1124 2913 ad
1154 2877 1369 2920 „acceleret“
1402 2877 1539 2921 (incl.),
1577 2877 1614 2911 in
1649 2876 1894 2922 compluribus
1919 2877 1992 2911 iam

221 2929 560 2973 7,800101111011101110“
591 2931 769 2975 antiquis,
795 2934 837 2965 ut
861 2931 1066 2974 gelasiano,
1092 2931 1290 2975 gallicano,
1317 2930 1530 2975 gregoriano
1556 2931 1697 2975 partem
1723 2930 1993 2964 constituebant

219 2983 391 3018 orationis
416 2984 453 3018 in
477 2984 627 3029 liturgia
651 2984 843 3019 Adventus
862 2985 1004 3018 Domini
1029 2985 1237 3019 recitandae
1258 2984 1350 3028 (The
1370 2983 1540 3018 Gelasian
1558 2983 1846 3028 Sacramentarjm
1874 2983 1992 3017 edited

218 3036 268 3081 by
293 3037 340 3071 H.
369 3039 412 3072 A.
440 3039 574 3072 Wilson
609 3037 763 3082 [exford
792 3037 897 3082 1894]
933 3050 967 3083 p.
994 3038 1075 3072 214.
1126 3039 1219 3072 Lud.
1258 3039 1342 3071 Ant.
1369 3037 1574 3081 Muratori‚
1611 3035 1728 3081 Opere
1761 3036 1889 3070 minori
1923 3036 1993 3070 XII

221 3089 363 3134 [Napoli
392 3089 515 3134 1760],
541 3091 597 3125 64.
625 3090 724 3134 376).
775 3089 874 3132 Quae
901 3091 1010 3125 etiam
1036 3103 1132 3125 nunc
1156 3090 1193 3124 in
1223 3091 1388 3132 „Mis-eali
1412 3089 1590 3124 Romano“
1620 3083 1807 3123 Dor‘ninica
1832 3088 1893 3123 IV.
1920 3088 1993 3123 Ad-

220 3144 353 3177 ventus
381 3142 434 3186 (in
465 3143 677 3185 „Oratione“
708 3143 856 3187 missae)
884 3144 1030 3178 recitari
1056 3144 1235 3179 iubentur.
