2093 3444
648 201 692 235 ll.
729 201 954 235 Prooemium
982 201 1175 236 voluminis·
1202 203 1313 236 tertii.
1747 219 1868 247 XXIH

93 331 176 372 que
198 317 337 370 magis
360 320 577 367 accurate,
602 332 731 371 quam
750 318 803 360 ab
822 318 993 361 homine
1018 319 1351 374 occupatissimo
1375 323 1419 362 et
1438 321 1659 363 laboribus
1678 322 1868 375 fatigato

94 382 340 437 exspectari
382 383 655 436 (742—749)
700 386 888 438 poterat.
952 385 1020 426 Ex
1066 399 1151 438 qua
1195 385 1316 427 brevi
1363 400 1531 428 summa
1578 388 1868 441 cognoscitur,

93 448 310 491 Canisium
342 463 428 490 non
461 448 553 490 sine
587 449 828 491 eruditione
861 449 1030 500 biblica,
1064 451 1305 505 patristica,
1340 451 1547 494 historica
1577 452 1787 506 patribus,
1822 455 1870 495 ut

92 513 179 556 tria
221 514 470 565 definirent,
514 514 862 556 commendasse:
905 515 1106 558 Parvulis
1148 516 1439 570 sumptionem
1472 517 1761 560 eucharistiae
1794 532 1870 560 ne-

93 578 328 621 cessariam
361 593 447 621 non
480 593 588 622 esse.
646 579 746 621 Non
778 580 875 634 plus
908 581 1079 634 gratiae
1112 581 1338 635 utriusque
1380 596 1510 635 quam
1551 582 1677 624 unius
1711 583 1869 637 speciei

92 644 408 687 eucharisticae
441 644 686 699 sumptione
719 645 869 699 accipi.
935 646 983 687 In
1018 646 1161 701 capite
1199 650 1326 690 sexto
1360 648 1577 701 evangelii
1610 648 1784 690 Ioannis
1818 649 1869 691 de

93 709 391 752 communione
424 710 726 760 eucharistica,
761 725 847 752 non
879 711 931 752 de
961 712 1054 753 sola
1084 712 1440 762 „manducatione
1463 713 1723 767 spirituali“,
1759 728 1869 767 quae

91 790 169 830 per
199 775 327 817 fidem
360 777 508 826 fieret,
544 775 628 829 agi.
693 775 881 825 Quorum
913 776 1098 830 primum
1132 792 1157 818 a
1191 777 1369 821 concilio
1404 778 1627 822 definitum
1661 782 1749 829 est,
1784 793 1868 821 non

91 841 271 895 reliqua.
321 841 506 883 Calicem
540 844 686 884 autem
718 841 926 883 laicorum
960 845 1008 884 ut
1041 845 1084 885 et
1107 843 1324 894 Bohemis,
1359 858 1442 897 quo
1465 844 1507 885 in
1532 844 1709 898 reliquis
1733 845 1870 887 onmi-

91 907 170 948 bus
211 907 341 949 rebus
383 906 592 949 ecclesiae
634 906 874 949 catholicae
916 907 1222 960 iungerentur,
1267 912 1310 951 et
1354 909 1579 952 catholicis
1613 909 1869 963 quibusdam

98 972 419 1022 „nutantibus“,
463 986 516 1014 ne
549 972 695 1018 afide
728 972 985 1023 deficerent,
1020 974 1330 1025 concederent,
1364 975 1583 1029 patribus,
1629 975 1665 1017 si
1698 976 1871 1029 quidem

91 1037 348 1080 Massarello
383 1038 618 1088 credimus,
666 1037 804 1079 suasit
838 1037 1123 1093 (744—751).
1189 1040 1315 1081 Certe
1348 1044 1523 1094 patrum
1564 1041 1870 1083 nonnullorum

91 1103 258 1145 animos
291 1104 344 1145 ad
378 1103 541 1156 aliquid
573 1103 615 1144 in
644 1117 696 1145 ea
717 1117 764 1145 re
788 1104 1107 1146 concedendum
1131 1105 1436 1159 propensiores
1459 1106 1660 1149 reddidit.
1711 1106 1870 1156 Quam-

92 1169 240 1211 obrem
281 1168 389 1211 haec
432 1168 571 1211 oratio
615 1171 658 1211 et
692 1183 717 1210 a
750 1169 940 1211 caesaris
974 1170 1220 1213 oratoribus
1255 1174 1299 1213 et
1331 1175 1486 1225 postea
1519 1187 1544 1214 a
1578 1172 1870 1226 compluribus

90 1234 308 1276 historicis
341 1234 514 1289 copioso
547 1234 609 1276 illi
642 1234 829 1276 sermoni
864 1235 1063 1289 opposita
1097 1239 1176 1285 est,
1213 1250 1295 1290 quo
1323 1237 1548 1291 aliquanto
1570 1240 1671 1292 post
1693 1237 1869 1279 Lainius

89 1325 148 1330 —
169 1300 250 1349 hic,
286 1314 368 1353 quo
391 1303 590 1355 tempore
612 1300 809 1342 Canisius
832 1300 1029 1344 Tridenti
1051 1302 1225 1355 agebat,
1260 1316 1310 1344 eo
1334 1303 1523 1345 nondum
1548 1304 1789 1345 advenerat
1811 1329 1869 1332 —

90 1365 293 1417 concilio,
337 1368 386 1408 ut
417 1365 577 1408 nemini
610 1380 789 1420 prorsus
823 1365 999 1407 calicem
1033 1368 1343 1419 concederent,
1384 1371 1427 1411 et
1460 1369 1621 1411 acriter
1653 1369 1790 1411 suasit
1825 1373 1869 1412 et

90 1446 296 1485 magnam
338 1434 507 1486 partem
550 1431 769 1486 persuasit
811 1431 930 1484 (481.
967 1433 1062 1475 752.
1100 1433 1216 1486 754).
1291 1434 1491 1476 Ceterum
1534 1434 1751 1484 Canisius,
1796 1434 1868 1487 qui

90 1496 176 1539 iam
209 1512 264 1540 m.
296 1497 456 1539 Martio
490 1512 528 1540 a.
556 1499 668 1540 1562
702 1497 745 1538 in
779 1497 1017 1540 cathedrali
1049 1500 1213 1553 templo
1246 1502 1491 1553 augustano
1526 1503 1733 1553 quattuor
1766 1514 1868 1542 con-

90 1562 281 1606 tionibus
323 1563 667 1605 communionem
714 1563 792 1604 sub
837 1577 923 1605 una
968 1564 1109 1617 specie
1154 1565 1412 1608 defenderat
1456 1568 1500 1608 et
1550 1565 1617 1615 „in
1658 1565 1867 1608 Bohemia

92 1630 137 1670 et
188 1627 292 1670 alibi
343 1631 444 1682 post
495 1630 777 1683 usurpatum“
835 1628 928 1670 sine
980 1630 1248 1683 superiorum
1307 1631 1571 1673 auctoritate
1634 1631 1862 1681 „calicem“

96 1693 289 1744 „fructus
322 1694 466 1747 6611111έί
506 1694 717 1748 pessimos
751 1697 1001 1736 asseruerat
1033 1694 1177 1749 (642),
1226 1696 1469 1750 Oeniponte
1502 1698 1570 1739 31.
1605 1697 1702 1738 Iulii
1738 1698 1865 1747 1562,

91 1761 326 1813 antequam
367 1773 461 1801 rem
503 1774 598 1801 cum
639 1760 789 1802 Lainio
833 1760 1081 1801 conferendi
1123 1762 1496 1816 opportunitatem
1537 1765 1693 1805 nactus
1736 1766 1865 1813 esset,

91 1824 227 1866 Hosio
262 1839 358 1866 cum
392 1825 540 1867 dolore
572 1825 758 1879 scripsit,
798 1825 933 1876 „filios
967 1826 1234 1869 desertores“
1278 1827 1440 1877 „modis
1474 1827 1671 1869 omnibus
1693 1842 1770 1881 pro
1795 1841 1867 1870 ca-

90 1889 172 1932 lice
203 1893 422 1944 pugnare“
453 1889 592 1944 (471).
650 1891 795 1944 Atque
828 1905 924 1932 cum
957 1891 1181 1933 concilium
1215 1892 1361 1934 calicis
1393 1893 1617 1946 negotium
1646 1893 1700 1935 ad
1724 1893 1867 1946 ponti·-

90 1956 215 1997 ficem
256 1956 520 2007 rettulisset,
565 1956 762 1998 Canisius
803 1970 829 1998 a
870 1956 1144 1998 Ferdinando
1186 1972 1385 2009 caesare,
1432 1962 1579 2001 utrum
1621 1959 1800 2000 calicem
1842 1973 1868 2001 a

91 2020 295 2075 pontifice
342 2021 433 2075 peti
481 2022 734 2063 conveniret
783 2035 917 2063 necne
964 2021 1284 2075 interrogatus,
1335 2023 1507 2078 copioso
1557 2023 1868 2066 commentario

92 2100 190 2128 eum
221 2087 293 2128 Vel
324 2101 402 2141 pro
435 2086 678 2129 hominibus
712 2088 845 2141 probe
879 2087 1104 2129 catholicis
1137 2088 1207 2130 Vel
1238 2103 1316 2143 pro
1357 2089 1430 2140 iis,
1475 2089 1547 2142 qui
1589 2090 1643 2130 ab
1685 2089 1868 2131 ecclesia

92 2151 308 2194 catholica
355 2151 640 2204 defecissent,
689 2153 924 2207 petendum
969 2167 1065 2195 esse
1111 2153 1281 2196 omnino
1329 2154 1531 2208 negavit,
1581 2154 1672 2208 peti
1719 2158 1869 2197 tamen

92 2230 190 2259 eum
231 2231 360 2271 posse
401 2232 479 2272 pro
522 2217 747 2260 catholicis
789 2217 1005 2271 aliquibus
1037 2217 1081 2259 in
1112 2219 1197 2260 fide
1229 2219 1430 2271 infirmis,
1474 2220 1685 2273 siquidem
1719 2234 1868 2262 eorum

91 2282 172 2324 hac
214 2283 385 2325 ratione
423 2283 634 2325 ecclesiae
676 2283 1071 2325 conservandorum
1113 2298 1212 2339 spes
1254 2288 1473 2335 exstaret;
1520 2285 1723 2339 exiguam
1763 2300 1868 2327 vero

91 2348 204 2390 hanc
244 2362 364 2402 spem
407 2362 525 2394 esse:
569 2362 620 2391 ac
662 2351 781 2391 certe
824 2349 1097 2391 condiciones
1139 2350 1348 2403 quasdam
1390 2350 1657 2393 concessioni
1694 2351 1755 2392 illi
1791 2351 1869 2392 ad-

91 2413 334 2467 iungendas
366 2427 483 2464 esse;
528 2413 643 2457 inter
675 2428 783 2467 quas
815 2415 926 2456 hanc
959 2429 1129 2468 quoque
1161 2415 1305 2470 ponit,
1339 2419 1387 2459 ut
1418 2430 1626 2458 romanae
1659 2416 1869 2458 ecclesiae

93 2493 140 2521 se
179 2479 308 2521 fidem
349 2482 500 2522 tenere
541 2481 832 2534 profiteantur
872 2479 1160 2535 (499—513).
1225 2481 1320 2523 Hoc
1363 2496 1533 2536 quoque
1573 2484 1728 2523 notatu
1774 2482 1869 2535 dig-

92 2559 214 2586 num:
257 2544 452 2587 Canisius
495 2545 793 2588 commentarii
835 2545 961 2587 huius
1005 2547 1252 2600 exemplum
1285 2547 1538 2590 Tridentum
1578 2548 1633 2590 ad
1671 2547 1870 2589 Lainium

92 2609 231 2656 misit:
279 2611 399 2652 cuius
440 2611 612 2652 nomine
646 2611 860 2652 Polancus
902 2612 1262 2654 commentarium
1309 2613 1441 2663 „bene
1483 2613 1668 2655 habere“
1715 2627 1868 2666 neque,

100 2679 333 2728 „quantum
367 2676 422 2717 ad
455 2675 774 2718 conclusionem
807 2676 1091 2730 pertineret“,
1125 2677 1188 2719 ita
1215 2677 1343 2719 valde
1376 2692 1401 2720 a
1433 2692 1642 2733 responso
1675 2677 1748 2720 1110
1783 2678 1869 2720 dis-

94 2754 274 2794 crepare
315 2740 560 2795 rescripsit,
605 2741 718 2794 quod
761 2742 813 2783 de
855 2741 1007 2784 eadem
1048 2757 1095 2784 re
1126 2742 1174 2785 P.
1208 2743 1405 2785 Victoria
1438 2744 1478 2788 S.
1512 2743 1552 2785 J.
1588 2743 1869 2796 collegiorum

93 2805 321 2860 pragensis
354 2809 398 2849 et
420 2806 755 2848 vindobonensis
785 2807 956 2849 nomine
979 2807 1200 2856 Tridento,
1234 2808 1386 2850 Lainio
1410 2809 1607 2851 consulto
1632 2809 1869 2861 eodemque

93 2872 320 2926 probante,
355 2871 410 2913 ad
443 2885 662 2913 caesarem
696 2871 899 2915 misisset.
946 2872 1067 2922 Quod
1089 2886 1344 2926 responsum
1378 2876 1496 2916 certe
1524 2873 1732 2915 eiusmodi
1760 2877 1869 2923 erat,

94 2940 143 2979 ut
176 2937 231 2979 ad
264 2936 441 2978 calicem
473 2937 707 2990 petendum
731 2937 994 2979 Ferdinandi
1026 2937 1194 2979 animus
1226 2952 1312 2980 non
1344 2938 1602 2981 incitaretur
1632 2938 1751 2991 (521.
1784 2940 1869 2980 513

95 3002 150 3044 ad
169 3002 286 3055 514).
335 3002 545 3056 Cupiebat
567 3001 739 3055 quidem
756 3002 945 3053 Lainius,
969 3005 1018 3045 ut
1039 3006 1217 3057 praeter
1235 3003 1318 3044 duo
1336 3003 1411 3045 illa
1429 3017 1638 3057 responsa
1659 3003 1868 3046 orationis

96 3081 266 3120 quoque
308 3067 360 3109 de
401 3066 535 3109 calice
576 3081 602 3109 a
634 3081 680 3109 se
711 3067 756 3109 in
789 3067 970 3110 concilio
1003 3068 1178 3110 habitae
1212 3069 1457 3122 exemplum
1491 3068 1742 3123 imperatori
1775 3072 1870 3111 tra-

96 3132 293 3183 deretur3
329 3146 425 3174 cum
448 3135 594 3175 autem
618 3132 788 3175 Canisio
809 3133 852 3175 id
874 3133 990 3175 haud
1011 3132 1074 3176 ita
1096 3133 1271 3187 probari
1293 3133 1598 3184 intellexisset,
1632 3134 1869 3176 traditione

96 3197 462 3252 supersedendum
501 3211 597 3240 esse
630 3200 674 3240 et
705 3198 797 3253 ipse
829 3198 1037 3241 iudicavit
1070 3197 1187 3251 (521.
1224 3200 1322 3242 568.
1358 3199 1476 3252 583).
1540 3198 1681 3248 Quare
1714 3199 1870 3241 mirum
