2093 3444
536 214 691 248 Monum.
721 214 853 257 (varia)
882 214 962 249 408.
992 214 1038 257 (8.
1068 214 1222 257 Augusti
1252 214 1369 255 1561.)
1755 216 1839 256 803

73 329 187 384 apud
220 329 464 372 Catholicos
497 334 657 378 careat,
694 332 807 386 patri
841 331 1009 373 Canisio
1041 334 1249 384 tanquam
1283 330 1455 373 authori
1488 333 1555 373 est
1588 330 1840 384 asscriptus.

73 394 213 437 Didici
246 409 326 447 ego
348 395 464 437 istud
489 410 543 437 ex
566 397 751 449 quodam
774 396 978 451 principis
1002 396 1137 438 nostri
1158 398 1171 423 1
1195 396 1454 446 secretario,
1490 396 1556 437 cui
1580 395 1647 437 hic
1670 395 1840 437 libellus

73 459 282 513 legendus
315 462 383 502 est
416 461 541 503 datus
584 461 654 514 qui
689 465 731 504 et
764 465 832 504 ter
865 475 961 503 eum
994 461 1201 515 perlegit,
1245 464 1289 503 et
1322 475 1475 503 nomen
1510 460 1648 514 patris
1681 460 1838 514 Canisij

73 527 281 578 tanquam
323 525 516 568 authoris
557 526 812 581 inscriptum
847 527 977 568 vidit:
1021 526 1168 569 statim
1212 529 1343 578 atque
1385 540 1439 567 ex
1472 525 1679 567 Bohemia
1716 529 1841 580 pater

73 590 252 632 redierit
283 590 364 632 hac
397 604 493 632 eum
527 591 578 633 de
602 606 647 633 re
669 592 864 641 monebo,
898 594 948 633 vt
970 592 1316 645 periclitantibus
1342 591 1566 633 catholicis
1596 591 1839 640 subueniat,

75 658 119 697 et
151 655 312 697 nomini
345 670 421 697 suo
455 657 665 705 consulat,
699 659 875 710 praeter
907 657 1016 698 enim
1051 657 1164 697 hunc
1196 656 1386 697 libellum
1418 656 1561 698 nescio
1594 670 1700 709 quos
1733 656 1841 698 alios

74 734 268 762 rumores
313 721 366 762 de
410 722 631 775 praedicto
676 724 801 775 patre
846 725 1120 776 sparserunt,
1172 721 1370 763 meditari
1415 721 1580 763 scilicet
1625 735 1720 762 eum
1767 721 1840 762 de-

74 785 304 828 fectionem
339 801 363 828 a
396 786 591 828 Romano
625 787 840 841 pontifice.

894 914 1023 956 408.

807 1006 977 1049 PIUS
1010 1007 1105 1049 lv.

784 1099 945 1121 summus
972 1088 1133 1132 pontifex

708 1171 1132 1217 FERDINANDO
1173 1171 1210 1217 Ι.

851 1262 1070 1306 imperatori.

732 1344 841 1380 Roma
869 1344 901 1380 8.
928 1343 1086 1390 Augusti
1112 1343 1199 1379 1561.

196 1427 250 1461 Ex
275 1427 490 1472 archetypo,
528 1427 562 1460 in
589 1427 796 1460 membrana
822 1428 1032 1460 transversa
1067 1426 1202 1471 scripto
1231 1427 1264 1470 (1
1294 1439 1345 1471 p.;
1382 1427 1417 1460 in
1444 1439 1476 1472 p.
1504 1426 1536 1461 2.
1563 1426 1670 1460 inser.
1698 1428 1733 1460 et
1759 1437 1843 1470 pars

75 1480 171 1525 sig),
199 1482 292 1525 quod
320 1482 375 1515 est
401 1480 631 1514 vindobonae
658 1480 692 1513 in
720 1480 867 1513 archivo
894 1479 996 1513 aulae
1023 1491 1223 1521 caesareae,
1255 1479 1452 1522 „Romana“
1487 1481 1573 1514 1561
1597 1481 1699 1523 Aug.y
1726 1492 1759 1513 11.
1789 1479 1843 1514 18.

195 1535 251 1569 Ex
287 1534 493 1579 apographo
528 1534 563 1567 in
598 1534 751 1577 registro
789 1533 840 1567 Pii
869 1533 928 1567 lV.
968 1533 1090 1575 („t0m.
1118 1534 1150 1567 2.
1177 1534 1249 1567 bre.
1277 1533 1343 1576 sig.
1371 1534 1473 1568 2897.
1502 1545 1555 1578 ep.
1586 1533 1691 1576 123⁹)
1729 1533 1844 1577 posito

77 1589 220 1623 easdem
246 1588 405 1625 litteras,
443 1587 563 1631 aliqua
589 1589 708 1621 tamen
735 1588 837 1631 parte
864 1587 1014 1628 omissa,
1042 1587 1151 1620 edidit
1181 1588 1242 1621 Od.
1270 1588 1499 1631 Rama-dans,
1537 1586 1695 1620 Annales
1722 1586 1842 1620 Eccle-

76 1643 213 1677 siastici
241 1642 280 1675 T.
306 1641 413 1681 XXI„
441 1641 480 1674 P.
507 1641 551 1674 H.
578 1640 614 1674 in
640 1652 671 1674 a.
703 1641 802 1679 1561,
829 1652 861 1673 n.
891 1640 945 1673 65.

196 1696 286 1729 Pars
320 1694 523 1728 litterarum
558 1696 679 1727 exstat
713 1693 807 1738 apud
843 1694 973 1727 Soch-er
998 1693 1021 1727 1.
1049 1705 1078 1726 c.
1106 1705 1138 1738 p.
1166 1693 1230 1733 9⁴2;
1266 1693 1387 1727 brevis
1422 1705 1561 1727 summa
1598 1693 1632 1727 in
1670 1694 1845 1736 „Sssnopszff

76 1750 249 1784 Actorum
277 1747 309 1782 S.
337 1748 439 1782 Sedis
466 1748 501 1781 in
528 1759 637 1781 causa
664 1746 854 1781 Societatis
880 1747 980 1780 Iesu“
1012 1747 1026 1779 I
1055 1746 1271 1790 (Florentiae
1301 1746 1406 1790 1887)
1435 1759 1467 1791 p.
1495 1747 1549 1780 24.

198 1827 400 1860 Societatem
420 1826 510 1868 Iesu,
536 1826 576 1857 de
601 1829 671 1857 tota
699 1825 837 1857 eeclesia
857 1825 983 1866 opfsme
1008 1825 1181 1867 meritam,
1208 1826 1346 1857 caesari
1369 1825 1594 1857 commendat
1629 1824 1842 1867 Delphinum

77 1881 242 1914 nuntium
271 1881 302 1912 ei
326 1880 469 1923 sin-qula
496 1880 736 1921 expositam-nm
765 1888 843 1911 esse.

748 1961 885 2002 ΡΝ5ιι
918 1960 1037 2014 Papa
1070 1960 1170 2001 111Ιὲ

196 2045 455 2088 Charissime
487 2044 530 2085 in
562 2043 731 2085 Christo
764 2043 825 2084 fili
858 2046 1026 2094 noster,
1071 2043 1278 2093 salutem,
1323 2045 1367 2084 et
1399 2042 1683 2097 apostolicam
1715 2043 1844 2084 bene-

79 2111 311 2154 dictionem
354 2145 362 2153 .
403 2109 634 2152 Societatis
675 2109 781 2151 Jesu
822 2108 1074 2150 meritorum
1116 2122 1221 2161 erga
1261 2107 1343 2150 Dei
1384 2107 1647 2158 Ecclesiam,
1693 2111 1736 2150 et
1777 2122 1845 2149 re-

77 2177 283 2231 ligionem
327 2175 585 2218 catholicam
627 2173 903 2226 magnitudo:
953 2173 1092 2226 quaeb
1135 2187 1213 2215 nos
1258 2176 1306 2215 ut
1350 2187 1447 2214 eum
1495 2172 1688 2214 ordinem
1730 2187 1845 2214 com-

78 2243 329 2285 mendemus
361 2240 584 2283 Maiestati
625 2243 749 2289 tuae,
793 2241 960 2280 mouet:
1005 2238 1154 2280 eadem
1196 2242 1243 2281 ut
1274 2238 1421 2280 illumc
1462 2252 1540 2280 nec
1582 2238 1844 2287 testimonio,

78 2322 158 2350 1100
191 2305 564 2349 commendatione
606 2308 757 2347 nostra
799 2318 928 2357 egere
968 2307 1192 2358 putemus,
1235 2303 1342 2346 facit
1376 2339 1384 2346 .
1419 2317 1556 2357 aeque
1597 2303 1710 2345 enim
1743 2306 1847 2346 nota

79 2374 171 2416 eius
203 2372 359 2415 merita
391 2373 492 2413 sunt
523 2370 747 2412 Maiestati
778 2372 902 2419 tuae,
937 2383 987 2411 ac
1020 2369 1141 2410 nobis
1176 2403 1184 2412 .
1218 2369 1312 2411 Nec
1344 2383 1447 2411 uero
1484 2369 1574 2410 ulla
1605 2369 1698 2410 fere
1731 2369 1846 2410 orbis

78 2441 295 2481 terrarum
327 2451 430 2492 pars
463 2436 576 2478 estd:
612 2450 694 2488 quo
728 2449 779 2477 ea
809 2434 994 2476 societas
1016 2449 1100 2476 non
1124 2434 1344 2489 operarios
1367 2436 1581 2484 strenuos,
1616 2448 1667 2476 ac
1698 2434 1846 2476 fideles

78 2503 246 2546 miserit
276 2503 377 2552 iam,
411 2505 455 2544 et
487 2501 677 2555 quotidie
709 2500 858 2543 mittat
888 2500 942 2541 ad
964 2499 1215 2552 religionem
1244 2499 1503 2542 catholicam
1535 2500 1604 2541 uel
1637 2500 1846 2541 aduersus

77 2569 322 2611 haereticos
356 2567 717 2617 defendendam&
760 2566 830 2607 uel
872 2565 986 2619 apud
1017 2565 1215 2607 nationes
1256 2565 1469 2606 idolorum
1512 2564 1644 2606 cultui
1679 2564 1846 2606 deditas

78 2634 159 2677 Dei
193 2633 355 2676 auxilio
387 2633 682 2681 inserendam,
726 2634 771 2674 et
811 2630 1151 2685 propagandam.
1216 2629 1335 2679 Quod
1379 2644 1475 2671 cum
1516 2630 1579 2671 ita
1611 2630 1689 2679 sit,
1734 2630 1847 2684 apud

78 2702 170 2742 tam
211 2699 328 2754 pium
361 2697 602 2752 Principem
641 2695 1014 2738 commendatione
1055 2709 1139 2737 non
1180 2694 1358 2748 indiget.
1422 2695 1584 2748 Jtaque
1626 2695 1733 2737 satis
1766 2697 1845 2745 est,

80 2765 171 2807 eius
212 2763 437 2806 societatis
479 2761 738 2805 desiderium
777 2761 960 2802 indicari
992 2759 1215 2802 Maiestati
1253 2760 1397 2802 tuaef:
1445 2760 1497 2802 de
1530 2774 1614 2813 qua
1646 2774 1692 2802 re
1725 2773 1847 2802 man-

81 2830 231 2873 datum
263 2829 457 2871 dedimus
480 2827 729 2869 Venerabili
757 2825 885 2868 fratri
907 2824 1143 2867 Zachariae
1158 2827 1174 2853 2
1206 2825 1421 2879 Episcopo
1444 2825 1656 2867 Pharensi
1678 2825 1846 2867 Nuncio

199 2969 214 2984 ³
240 2963 317 2996 Hoc
341 2973 370 2995 v.
398 2966 427 2995 et
451 2972 536 3004 sqq„
563 2971 670 3004 usqne
696 2960 744 2993 ad
769 2958 958 2993 Sooietatis
984 2959 1082 3003 exc-l„
1110 2969 1180 2992 non
1205 2963 1287 2992 sunt
1313 2970 1371 3002 ap.
1397 2959 1516 3002 Rayn.

200 3016 215 3036 ’³
241 3017 284 3049 R.
311 3016 410 3048 haud
436 3018 547 3048 recte:
573 3024 654 3057 qua.
752 3019 763 3033 ⁰
788 3012 887 3046 illam
913 3013 957 3046 R.
1055 3012 1069 3031 ὁ
1095 3013 1151 3045 051
1176 3023 1259 3056 pars
1285 3012 1328 3046 R.
1426 3018 1438 3032 e
1465 3011 1726 3045 defendendum
1754 3013 1796 3045 R.

207 3069 218 3089 f
241 3070 295 3112 R„
323 3079 412 3112 quae
436 3071 633 3111 sequuntur
658 3077 766 3110 usqne
790 3067 838 3099 ad
862 3065 972 3099 Nobis
999 3077 1093 3106 uero,
1120 3066 1257 3109 omittit,
1278 3076 1438 3108 ponens:
1463 3066 1532 3099 etc.
1559 3067 1595 3099 et
1621 3065 1724 3098 infra.

205 3193 214 3212 ¹
241 3190 382 3224 Alberti
407 3189 451 3225 V.
478 3188 655 3223 Bavariae
682 3187 793 3223 ducis.
893 3186 906 3208 ²
932 3185 1117 3231 Delphino.

1499 3247 1540 3278 51
1555 3245 1570 3264 ’¹‘
