2093 3444
612 166 834 210 Ingolstadio
861 168 918 203 30.
945 168 1161 204 Novembris
1189 170 1292 204 1561.
1757 174 1842 214 313

184 285 268 327 Per
299 285 462 327 fornire
493 285 523 327 11
546 285 736 339 Collegio
761 286 1064 341 Oenipontano
1097 288 1283 330 secondo
1316 289 1358 330 la
1382 292 1526 331 mente
1550 289 1632 330 del'
1656 288 1845 344 impera-

64 355 160 394 tore
193 353 238 393 et
270 350 370 393 delli
397 351 597 394 Senatori
630 351 813 405 bisogna
845 353 1055 395 mandare
1087 353 1285 395 almanco
1319 368 1375 394 vn
1409 354 1614 407 theologo
1648 354 1844 404 risoluto,

66 430 153 458 vno
185 415 456 468 humanista‚
499 418 544 458 et
575 430 634 457 vn
666 417 781 458 buon
823 431 1004 470 graeco,
1048 418 1198 471 liquali
1240 433 1326 461 non
1366 419 1583 461 trouiamo
1616 419 1658 461 in
1692 423 1847 473 questa

65 481 289 536 prouincia
330 484 494 524 nostra.
559 481 681 524 Onde
722 482 977 536 preghiamo
1021 483 1100 525 che
1142 484 1185 526 la
1227 484 1278 527 R.
1314 484 1364 527 V.
1399 485 1592 538 proueda
1634 484 1675 526 di
1717 484 1847 526 simili

67 546 261 600 subgetti
303 582 312 591 .
355 546 542 589 Alchuni
584 547 627 589 di
670 547 743 601 piu
788 548 918 590 bassa
963 549 1208 592 conditione
1254 552 1298 592 et
1342 550 1508 604 qualita
1553 550 1589 592 si
1630 553 1846 605 potranno

67 626 226 655 cauare
259 612 301 654 di
333 612 476 666 questi
508 612 647 655 nostri
679 613 857 667 Collegij
891 627 969 667 per
1001 615 1100 667 quel
1132 629 1273 656 nuouo
1312 615 1557 658 seminario.

184 677 286 720 Non
318 678 353 719 si
385 681 514 721 troua
546 678 685 720 ancho
718 692 795 732 per
827 679 981 721 adesso
1014 679 1057 720 in
1088 682 1208 722 tutta
1241 683 1396 733 questa
1422 680 1646 735 prouincia
1680 681 1747 723 chi
1781 681 1846 723 sia

67 743 123 785 ad
154 744 425 798 propositum
466 758 545 798 per
576 744 746 786 aiutare
778 743 808 784 il
842 747 990 786 nostro
1023 744 1069 788 P.
1104 745 1377 788 Prouinciale
1413 760 1532 788 come
1566 747 1802 789 secretario
1838 782 1846 789 .

69 808 191 851 Onde
235 808 497 851 similmente
541 809 677 851 siamo
720 810 951 852 constretti
993 810 1034 851 di
1079 825 1264 864 pregare
1306 811 1349 853 la
1390 812 1440 854 R.
1482 812 1534 855 V.
1578 815 1622 855 et
1667 812 1758 854 dire
1803 812 1849 854 si

71 874 199 927 quid
239 877 422 928 potes,
466 874 668 917 adiuua
709 876 852 918 11051.

187 940 385 982 Esscndo
409 940 450 982 ‘J
453 955 490 983 0.
525 943 679 993 questo
702 939 842 994 giorni
864 941 1032 995 passati
1055 944 1214 984 Venuto
1237 956 1315 996 per
1338 942 1652 985 obedientiadi
1677 943 1848 985 Vienna

68 1004 113 1046 in
134 1005 280 1059 Praga
311 1005 359 1047 fu
391 1008 560 1048 mutato
591 1005 621 1047 il
643 1006 826 1048 Rettore
844 1007 861 1034 2
893 1007 1110 1060 passando
1144 1007 1181 1048 al
1207 1007 1398 1060 Collegio
1433 1008 1474 1050 di
1497 1008 1667 1051 Vienna
1700 1022 1849 1050 succe-

71 1071 211 1113 dendo
253 1071 284 1112 li
325 1071 356 1112 il
387 1071 434 1115 P.
469 1071 712 1122 Henricoss,
758 1072 799 1113 al
842 1071 969 1125 quale
1010 1072 1056 1113 fu
1098 1072 1231 1115 eletto
1275 1075 1319 1115 et
1361 1074 1463 1116 dato
1492 1074 1526 1128 jl
1561 1074 1620 1117 .P.
1655 1074 1849 1116 Maestro

69 1136 288 1178 Ludouico
321 1136 591 1179 Fiandrese4
631 1151 709 1192 per
749 1137 948 1179 ministro
991 1151 1111 1179 come
1152 1138 1287 1180 molto
1330 1139 1572 1182 sufficiente
1614 1142 1658 1182 et
1695 1139 1848 1181 idoneo

71 1216 97 1244 a
127 1201 191 1244 tal
214 1201 351 1245 offitio
375 1203 561 1245 secondo
585 1202 663 1245 che
685 1203 725 1244 16
749 1203 906 1245 lettere
929 1203 998 1244 del
1019 1203 1274 1245 Reverendo
1298 1203 1439 1246 Padre
1461 1207 1612 1246 nostro
1637 1204 1850 1247 Generale

71 1267 372 1310 concedeuano
404 1268 448 1310 in
480 1282 641 1322 genere
675 1303 683 1311 .
719 1268 841 1311 Onde
875 1282 980 1322 pare
1012 1283 1099 1310 non
1131 1269 1195 1310 sia
1219 1270 1463 1311 necessario
1498 1271 1576 1312 che
1607 1270 1638 1311 il
1660 1270 1707 1312 P.
1732 1271 1849 1312 Hur-

69 1333 174 1375 tado
206 1333 325 1388 passi
358 1334 401 1375 di
433 1334 602 1376 Vienna
634 1334 678 1376 in
710 1334 856 1387 Praga
887 1348 965 1388 per
996 1334 1090 1375 fare
1126 1335 1191 1376 tal
1224 1334 1387 1384 officio,
1429 1335 1634 1378 massime
1667 1335 1848 1377 essendo

70 1398 131 1440 lui
163 1399 270 1442 vtile
302 1399 345 1441 in
377 1399 549 1442 Vienna
580 1414 666 1442 non
699 1400 941 1442 solamente
974 1414 1050 1453 per
1092 1399 1261 1442 aiutare
1294 1400 1392 1453 quel
1425 1401 1615 1455 Collegio
1647 1401 1691 1442 in
1724 1400 1850 1455 spiri-

71 1464 262 1506 tualibus
294 1479 366 1507 ma
398 1466 536 1507 ancho
578 1465 648 1507 nel
681 1465 828 1519 legere
861 1465 1082 1519 theologia
1114 1465 1376 1507 scholastica
1413 1480 1533 1508 come
1565 1466 1611 1508 fu
1645 1466 1851 1509 determi-

71 1532 175 1572 nato
210 1530 392 1572 essendo
420 1531 466 1585 jo
498 1533 702 1585 presente
734 1531 851 1573 nella
883 1530 998 1573 festa
1031 1531 1073 1572 di
1103 1530 1211 1573 tutti
1242 1530 1364 1585 Santj
1382 1532 1411 1574 5.

192 1595 362 1645 Quanto
396 1596 469 1639 alli
492 1596 695 1651 priuilegi
728 1596 917 1639 ottenuti
949 1610 1027 1650 per
1048 1610 1304 1650 promouere
1336 1596 1364 1638 li
1398 1597 1536 1639 nostri
1569 1597 1608 1639 01
1634 1611 1739 1651 pare
1773 1597 1851 1639 che

72 1675 158 1703 non
191 1661 228 1703 si
261 1661 457 1704 debbano
481 1663 704 1715 esseguire
726 1663 883 1704 saltem
915 1662 1026 1703 insin
1054 1676 1079 1703 a
1101 1664 1227 1704 tanto
1261 1661 1339 1703 0116
1361 1675 1504 1715 venga
1537 1677 1561 1704 o
1583 1661 1613 1703 il
1636 1662 1681 1704 P.
1706 1662 1853 1704 Nadal

194 1830 246 1865 Ut
271 1830 463 1874 collegium
489 1831 768 1876 oenipontanum
794 1831 859 1872 ita,
886 1831 927 1864 ut
952 1830 1148 1875 imperator
1173 1831 1210 1864 et
1234 1831 1421 1864 senatores
1447 1829 1593 1872 volunt,
1621 1829 1853 1873 instruamus,

73 1884 205 1919 saltem
229 1896 342 1918 unum
367 1884 576 1928 theologum
605 1885 648 1918 ad
673 1884 960 1930 respondendum
979 1886 1183 1929 promptum
1210 1884 1318 1927 atque
1337 1883 1556 1928 expeditum,
1583 1895 1692 1918 unum
1718 1884 1854 1918 littera-

74 1950 154 1972 rum
190 1939 226 1972 et
251 1937 488 1972 humanitatis
523 1939 758 1982 magistrum,
794 1950 924 1978 unuln,
961 1937 1020 1981 qui
1048 1948 1177 1981 graece
1212 1937 1302 1970 bene
1329 1937 1456 1971 doctus
1488 1937 1556 1979 sit,
1592 1949 1632 1971 eo
1666 1937 1855 1972 mittamus

75 1993 227 2036 oportet.
278 1991 375 2033 Quos
410 2003 490 2026 cum
526 1992 562 2026 in
588 1992 656 2026 hac
688 1992 875 2037 provincia
908 1993 1033 2025 nostra
1067 2002 1137 2024 non
1172 1990 1420 2033 inveniamus,
1456 1991 1497 2025 R.
1516 1990 1560 2025 V.
1587 2002 1776 2034 rogamus,
1815 1993 1855 2025 ut

75 2045 250 2079 eiusmodi
275 2045 437 2080 homines
471 2046 575 2080 nobis
601 2045 801 2091 provideat.
852 2044 1001 2089 Aliquot
1027 2046 1148 2078 autem
1183 2043 1364 2078 inferioris
1397 2044 1615 2079 condicionis
1647 2044 1855 2089 ingeniique

74 2098 239 2133 homines
273 2110 320 2133 ex
344 2098 402 2133 his
437 2099 600 2143 collegiis
634 2099 769 2133 nostris
805 2098 947 2133 extrahi
974 2099 1164 2142 poterunt,
1203 2098 1243 2130 ut
1268 2108 1362 2131 novo
1397 2096 1448 2130 illi
1483 2097 1674 2131 seminario
1710 2109 1855 2142 operam

75 2154 223 2187 navent.

196 2206 249 2240 Ne
275 2206 312 2240 in
337 2207 414 2240 tota
432 2206 576 2251 quidem
594 2206 782 2252 provincia
807 2205 875 2240 hac
901 2205 937 2239 in
955 2215 1128 2250 praesens
1154 2203 1349 2244 invenitur,
1376 2203 1437 2248 qui
1463 2203 1507 2238 ad
1525 2205 1667 2249 patrem
1692 2206 1856 2239 nostrum

76 2259 323 2305 praepositum
348 2260 620 2305 provincialem,
647 2258 834 2294 secretarii
862 2269 992 2292 munus
1019 2257 1199 2299 obeundo,
1226 2257 1470 2291 adiuvandum
1497 2258 1603 2302 aptus
1629 2257 1688 2292 sit.
1739 2256 1858 2298 Quare

77 2313 189 2348 simili
213 2313 353 2348 ratione
371 2313 413 2348 R.
429 2313 469 2348 V.
488 2313 695 2360 supplicare
721 2313 884 2356 cogimur
911 2313 946 2345 et
975 2311 1112 2345 dicere:
1141 2310 1187 2344 Si
1213 2310 1325 2355 quid
1351 2312 1507 2355 potes,
1535 2311 1713 2345 adiuva
1737 2312 1857 2346 nos¹.

199 2367 288 2402 Cum
314 2379 381 2412 ego
407 2367 651 2413 superioribus
677 2366 777 2401 hisce
801 2366 925 2400 diebus
939 2364 1152 2399 Vindobona
1169 2364 1326 2408 Pragam
1352 2364 1473 2398 iussus
1495 2364 1689 2407 venissem,
1715 2365 1859 2399 rector2

77 2421 127 2456 ibi
152 2423 314 2456 mutatus
341 2423 397 2456 est
431 2421 501 2464 ita,
537 2423 578 2456 ut
611 2421 689 2466 ipse
724 2421 760 2454 in
786 2419 1053 2454 vindobonense
1080 2417 1272 2462 collegium
1297 2417 1471 2452 transiret
1505 2419 1542 2452 et
1575 2417 1612 2451 in
1638 2418 1715 2452 eius
1740 2418 1860 2453 locum

79 2475 118 2510 P.
145 2475 351 2510 Henricus3
385 2475 614 2517 succederet,
650 2474 708 2509 cui
734 2475 837 2519 pater
870 2472 1046 2516 magister
1070 2470 1275 2506 Ludovicus
1302 2470 1482 2505 Flander*
1517 2471 1654 2506 electus
1681 2472 1859 2516 datusque

78 2531 136 2564 est
159 2529 344 2569 minister,
383 2528 516 2574 quippe
543 2529 603 2573 qui
638 2527 757 2562 officio
792 2527 845 2561 illi
871 2525 977 2560 valde
1012 2524 1197 2559 sufficiens
1233 2527 1413 2570 aptusque
1448 2527 1563 2566 esset;
1602 2525 1654 2559 ita
1690 2525 1784 2560 enim
1819 2527 1861 2559 ut

80 2594 289 2626 ageremus,
326 2582 505 2617 communi
541 2581 664 2626 aliqua
698 2580 873 2615 facultate
909 2591 930 2613 a
956 2578 1153 2613 reverendo
1180 2581 1282 2623 patre
1317 2580 1441 2613 nostro
1467 2578 1672 2624 praeposito
1698 2578 1861 2622 generali

78 2648 143 2681 per
167 2636 310 2670 litteras
335 2636 437 2670 nobis
464 2647 675 2670 concessum
702 2637 790 2668 erat.
831 2632 949 2675 Quare
974 2644 1063 2677 opus
1090 2643 1169 2666 esse
1195 2644 1265 2666 non
1291 2632 1446 2673 videtur,
1473 2631 1512 2665 P.
1532 2632 1737 2666 Hurtadum
1761 2632 1860 2667 illius

80 2689 190 2724 officii
216 2689 492 2724 administrandi
518 2689 635 2734 gratia
660 2688 873 2723 Vindobona
899 2686 1053 2729 Pragam
1082 2686 1248 2728 transire,
1276 2685 1490 2730 praesertim
1518 2697 1599 2719 cum
1625 2685 1702 2730 ipse
1728 2685 1860 2720 Vindo-

79 2743 194 2778 bonae
219 2743 321 2778 utilis
347 2744 396 2778 sit
422 2744 467 2777 ad
486 2743 678 2786 collegium
705 2741 793 2775 illud
819 2752 889 2774 non
916 2739 1031 2774 solum
1057 2738 1094 2773 in
1112 2739 1219 2773 rebus
1245 2739 1288 2773 ad
1308 2739 1481 2784 pietatem
1508 2739 1770 2783 spectantibus,
1797 2739 1861 2773 sed

81 2797 191 2831 etiam
226 2796 262 2831 in
297 2796 515 2831 scholastica
540 2795 723 2839 theologia
757 2793 933 2828 tradenda
969 2793 1231 2835 adiuvandum,
1271 2792 1367 2826 sicut
1401 2803 1457 2826 me
1492 2791 1541 2826 ibi
1576 2794 1767 2837 praesente
1804 2792 1860 2827 die

82 2850 246 2885 omnibus
272 2851 409 2885 sanctis
434 2851 563 2885 sacro⁵
589 2849 827 2884 constitutum
854 2850 919 2881 est.

203 2903 412 2948 Privilegiis
439 2903 522 2945 illis,
549 2914 641 2947 quae
660 2902 703 2936 de
728 2900 863 2936 nostris
890 2900 934 2934 ad
952 2899 1086 2942 gradus
1110 2898 1333 2933 academicos
1350 2897 1602 2944 promovendis
1628 2897 1862 2943 impetrastis,

81 2957 226 2992 utendis
261 2957 568 3002 supersedendum
605 2967 684 2990 esse
718 2954 821 2989 nobis
848 2953 1010 2994 videtur,
1050 2952 1179 2987 saltem
1215 2952 1326 2986 donec
1361 2952 1420 2986 vel
1447 2951 1486 2986 P.
1513 2950 1657 2986 Natalis
1693 2952 1862 2986 visitator

206 3109 214 3129 ¹
242 3108 355 3142 Marc.
383 3108 414 3149 9,
443 3106 499 3140 21.
599 3104 612 3125 ²
638 3104 678 3138 P.
705 3103 841 3138 Paulus
867 3102 1051 3137 Hoffaeus.
1151 3102 1164 3122 ³
1189 3101 1413 3135 Blissemius.

204 3162 218 3181 4
244 3160 435 3195 Bacretius
466 3157 695 3203 (Bacrelius).
797 3157 809 3176 ⁵
835 3156 1010 3191 Kalendis
1035 3154 1312 3190 Novembribus.
