2093 3444
221 178 306 218 264
377 174 456 209 612.
493 173 700 218 Alphonsus
726 172 911 208 Salmeron
938 173 1080 208 Canisio
1107 176 1175 208 etc.
1217 173 1331 208 Roma
1356 174 1422 208 sub
1448 173 1505 208 22.
1532 172 1699 208 Octobris
1727 173 1828 208 1561.

219 291 351 335 animi
394 291 649 334 fortitudine
694 292 1027 346 superabuntur.
1101 290 1154 333 Si
1202 290 1452 332 dominus
1499 305 1594 344 pro
1639 290 1820 341 nobis,
1870 290 1990 344 quis

220 360 416 400 contra
457 358 618 398 nos‘?1

339 422 422 476 Egi
464 436 641 464 causam
683 437 779 464 cum
811 421 1007 463 Dominis
1040 421 1265 463 Vuelseris
1307 421 1359 462 de
1400 420 1614 463 mittenda
1645 420 1689 462 in
1721 420 1884 462 Vrbem
1915 434 1990 475 pe-

220 487 359 537 cunia,
393 487 506 530 sicut
537 486 771 541 postulasti
787 488 817 530 2.
881 486 965 528 Sed
997 485 1059 527 illi
1092 485 1363 540 experientia
1396 485 1533 536 docti,
1571 486 1683 527 hanc
1714 485 1914 528 mittendi
1947 488 1991 528 et

219 552 446 595 mutuandi
487 553 701 594 rationem
746 551 827 593 sibi
872 551 1191 605 dispendiosam
1237 565 1333 592 esse
1379 550 1548 601 dicunt,
1598 551 1823 593 Elector-es
1865 550 1991 593 tarde

219 619 400 668 soluere,
435 617 471 659 si
495 617 595 670 quid
627 618 732 671 ipsis
755 620 830 659 aut
852 631 931 671 pro
953 616 1058 670 ipsis
1081 619 1355 658 numeretur:
1388 616 1641 658 mandatum
1664 630 1749 658 non
1775 615 1989 666 sufficere,

218 683 295 725 sed
327 682 547 737 praesenti
570 682 753 736 pecunia
776 697 882 736 opus
915 695 1023 723 esse.
1067 681 1207 734 Igitur
1234 681 1396 724 inuitos
1418 681 1617 735 precibus
1639 695 1827 734 grauare
1858 681 1990 723 nolui.

218 748 402 790 Accedit
435 748 547 801 quod
581 762 635 790 ex
664 748 709 791 P.
733 747 959 789 Arnoldo3
992 746 1133 797 didici,
1166 746 1374 788 Romanis
1403 760 1489 788 non
1519 746 1583 788 ita
1613 746 1796 788 multum
1830 746 1990 797 deberi,

220 813 303 855 nisi
347 814 461 856 forte
506 828 562 855 ex
604 814 721 855 Vrbe
765 813 936 855 soluent
978 812 1171 854 Venetis.
1241 811 1436 854 Tridenti
1480 811 1666 854 accessit
1709 825 1794 853 non
1838 825 1991 866 parum

219 879 595 933 eleemosynarum
611 880 638 929 4,
674 881 722 921 vt
755 892 899 920 coram
933 877 1094 919 audies.
1153 876 1293 926 Quare
1326 891 1410 919 non
1443 891 1575 930 aegre
1607 876 1735 927 feres,
1769 879 1819 919 vt
1850 890 1989 931 spero,

218 958 288 986 me
319 944 425 985 nihil
457 958 736 999 progressum
770 957 865 985 esse
896 943 941 984 in
972 943 1054 984 hac
1087 942 1337 996 pecuniaria
1370 956 1523 984 causa:
1557 944 1605 984 ut
1626 941 1812 996 primum
1845 944 1991 984 autem

218 1010 301 1052 11110
332 1010 515 1060 miseris,
550 1009 809 1064 pollicentur
831 1023 877 1050 se
909 1008 1007 1050 ilico
1041 1011 1282 1058 curaturos,
1318 1010 1365 1050 vt
1388 1008 1552 1050 Romae
1574 1007 1811 1050 reddantur
1834 1006 1989 1050 omnia.

338 1075 383 1117 Si
415 1075 543 1118 isthic
576 1075 700 1117 adest
732 1074 782 1116 R.
809 1074 855 1116 P.
879 1073 1160 1115 Prouintialis
1177 1075 1205 1123 5,
1240 1087 1295 1114 ex
1326 1087 1395 1114 me
1427 1073 1549 1114 illum
1581 1072 1704 1127 cupio
1738 1074 1992 1115 reuerenter

218 1141 399 1182 salutari
434 1155 521 1182 vna
554 1154 648 1182 011111
683 1138 866 1181 coeteris
900 1138 971 1192 qui
1004 1142 1105 1180 sunt
1136 1138 1265 1180 isthic
1296 1138 1528 1188 fratribus,
1572 1151 1754 1191 quorum
1792 1136 1991 1191 precibus

218 1205 448 1259 collegium
481 1205 613 1248 etiam
647 1205 973 1258 Augustanum,
1018 1203 1129 1257 quod
1163 1217 1275 1244 1111110
1307 1206 1374 1245 est
1406 1202 1449 1244 in
1481 1202 1660 1253 foribus,
1699 1202 1884 1244 Domino
1917 1216 1991 1244 cu-

218 1271 358 1325 pimus
391 1270 694 1313 commendari.
760 1270 801 1311 Is
834 1270 979 1323 gratia
1011 1283 1089 1311 nos
1123 1283 1201 1311 sua
1234 1268 1438 1321 dignetur
1470 1282 1652 1322 augere,
1692 1271 1741 1310 vt
1773 1267 1854 1322 ipsi
1888 1281 1990 1310 vere

218 1336 395 1386 seruire,
430 1336 661 1389 multisque
694 1335 899 1390 prodesse
932 1334 1158 1389 possimus.
1223 1335 1450 1387 Augustae
1487 1335 1538 1375 19
1574 1333 1726 1376 Octob.
1764 1334 1890 1375 1561.

1169 1416 1330 1458 Seruus
1362 1415 1405 1457 in
1438 1416 1607 1459 Christo
1640 1416 1687 1458 P.
1721 1414 1928 1458 Canisius.

338 1513 365 1564 1-
397 1512 651 1554 Reuerendo
686 1512 821 1566 patri,
862 1512 919 1554 M.
952 1511 1112 1553 ,10311111
1144 1510 1301 1552 Rhetio
1335 1510 1555 1563 Theologo
1588 1508 1810 1552 societatis
1843 1508 1988 1560 IESV,

217 1577 346 1620 fratri
380 1578 556 1620 chariss.
591 1577 860 1631 Moguntino.

1043 1687 1165 1729 (312.

661 1777 1100 1821 ALPHONSUS
1135 1775 1548 1828 SALMERON‚

753 1860 946 1895 societatis
972 1860 1054 1894 Iesu
1080 1859 1238 1894 vicarius
1265 1859 1456 1903 generalis,

381 1945 638 1993 CANISIO
679 1945 978 2000 ALIISQUE
1018 1944 1385 1992 SOCIETATIS
1425 1943 1831 1991 PRAEFECTIS.

805 2047 917 2083 Roma
943 2047 1009 2083 sub
1037 2048 1093 2083 22.
1121 2046 1290 2083 Octobris
1316 2047 1403 2083 1561.

768 2131 854 2146 ''⁹‘ss

338 2210 484 2243 Romam
512 2210 746 2248 scribendum,
773 2210 919 2252 quinam
946 2220 989 2241 em
1016 2208 1130 2241 Sociis
1154 2209 1193 2241 in¹
1221 2208 1364 2241 Indiam
1386 2207 1566 2251 proficisci
1591 2208 1746 2250 cupiant.

338 2299 391 2339 In
424 2298 618 2340 Indc'ezclo
651 2298 835 2353 quodam
866 2298 1083 2339 variorzwn
1114 2301 1431 2351 praeoeptorwn
1474 2311 1500 2337 a
1532 2297 1740 2350 supremis
1772 2295 1989 2338 Soeietatis

218 2363 316 2405 Iesu
338 2363 675 2404 moderatoribus
708 2363 766 2404 ael
789 2363 1020 2417 complures
1043 2363 1102 2403 vel
1134 2376 1273 2403 omnes
1296 2362 1481 2403 eiusdem
1503 2362 1721 2403 Societatis
1753 2361 1990 2415 superiores

219 2430 457 2482 missorum,
496 2429 660 2470 saeculo
692 2428 814 2470 XVI.
848 2429 1006 2469 Romae
1038 2428 1083 2468 in
1118 2427 1236 2468 domo
1269 2426 1487 2469 societatis
1515 2425 1712 2481 professa
1743 2426 1910 2480 scripto,
1943 2425 1989 2466 in

221 2572 442 2608 cardinalem
477 2574 514 2606 et
538 2571 847 2617 archiepiscopum
883 2571 1153 2615 moguntinum,
1188 2570 1257 2604 sibi
1283 2570 1439 2604 dixisse:
1479 2568 1564 2611 „che
1590 2568 1651 2612 gia
1676 2579 1786 2613 sapea
1812 2567 1878 2602 che
1902 2567 1990 2601 tutti

220 2626 246 2660 li
271 2627 350 2660 suoi
375 2625 554 2660 sacerdoti
581 2636 688 2659 erano
715 2624 968 2665 concubinarii,
997 2652 1004 2658 .
1033 2652 1040 2658 .
1069 2626 1105 2658 et
1129 2626 1237 2657 tenea
1262 2634 1326 2668 per
1351 2623 1477 2664 fermo,
1513 2633 1552 2656 se
1577 2633 1646 2667 pur
1670 2621 1701 2656 si
1727 2621 1828 2655 fusse
1853 2620 1907 2655 sol
1933 2631 1989 2654 ac-

222 2681 373 2714 cennato
400 2679 435 2713 di
460 2679 570 2722 fargli
595 2678 728 2712 lasciar
753 2678 786 2712 le
813 2678 1030 2718 concubine,
1065 2689 1085 2711 0
1111 2677 1143 2711 31
1178 2676 1373 2710 sarebbono
1399 2675 1595 2710 Lutherani
1630 2687 1649 2709 0
1675 2673 1990 2709 richiederebbono

221 2732 372 2776 moglie“
415 2732 476 2775 (H.
504 2733 710 2776 Laemmer,
746 2731 978 2765 Monumenta
1003 2730 1182 2765 Vaticana
1217 2729 1398 2774 [Friburgi
1433 2728 1646 2773 Brisgoviae
1683 2726 1787 2771 1861]
1823 2739 1856 2772 p.
1890 2725 1988 2770 412).

221 2786 275 2821 Ne
300 2786 337 2820 in
362 2785 445 2820 aula
471 2785 614 2830 quidem
640 2784 780 2819 Alberti
807 2783 974 2825 deerant,
1011 2784 1073 2828 qui
1106 2783 1318 2826 religionem
1352 2783 1509 2816 maxime
1544 2781 1779 2825 neglegerent
1805 2780 1990 2824 (Janssen-

222 2841 352 2874 Pastor
377 2839 399 2873 1.
426 2851 456 2874 e.
483 2839 527 2880 ΙΙ,
554 2837 724 2882 64—65).
776 2838 828 2871 Ac
855 2838 898 2871 de
923 2837 1002 2882 ipso
1028 2837 1256 2880 suffraganeo
1287 2836 1366 2870 sive
1392 2835 1559 2870 auxiliari
1589 2835 1754 2879 episcopo
1780 2833 1989 2876 moguntino

223 2894 260 2928 S.
291 2893 443 2927 Carolus
468 2893 711 2926 Borromcteus
744 2891 780 2925 in
814 2890 947 2924 litteris
973 2890 1087 2924 Roma
1125 2890 1178 2924 16.
1205 2889 1363 2933 Augusti
1392 2890 1477 2923 1561
1507 2887 1684 2933 Delphino
1718 2887 1843 2921 nuntio
1868 2885 1990 2920 missis

222 2945 445 2989 significavit
472 2945 655 2979 Canisium
681 2943 864 2985 dubitare,
899 2955 985 2977 num
1011 2943 1047 2977 in
1073 2943 1181 2977 rebus
1206 2941 1391 2986 religionis
1425 2942 1516 2976 satis
1541 2941 1635 2975 fidus
1664 2940 1805 2984 („netta
1830 2938 1986 2982 farina“)

223 3001 322 3034 esset
349 2999 550 3043 (Steinherz
575 2998 599 3032 1.
626 3009 656 3032 0.
683 3009 717 3043 p.
744 2996 844 3040 291).

347 3055 355 3072 ¹
383 3051 483 3086 Rom.
510 3051 543 3092 8,
570 3051 625 3085 31.
725 3050 738 3071 2
764 3049 818 3084 Cf.
845 3060 955 3095 supra
979 3060 1013 3095 p.
1040 3048 1121 3084 200.
1221 3049 1234 3068 ³
1261 3047 1422 3088 Coneh0;
1450 3047 1533 3081 vide
1559 3057 1669 3091 supra
1694 3057 1728 3090 p.
1754 3045 1834 3079 217.

342 3106 356 3125 ⁴
382 3104 538 3139 Dubium
555 3115 627 3138 non
653 3105 718 3145 est,
745 3103 832 3148 quin
856 3102 923 3137 has
948 3114 970 3136 a
996 3101 1136 3136 concilii
1154 3101 1287 3145 legatis
1306 3103 1342 3135 et
1359 3100 1533 3146 patribus,
1560 3101 1600 3134 ut
1616 3099 1737 3139 Hosio,
1764 3096 1985 3142 acceperint3

225 3158 271 3193 cf.
297 3169 407 3202 supra
433 3170 466 3202 p.
493 3157 573 3192 238.
719 3157 733 3177 ⁵
759 3155 965 3190 Everardus
991 3155 1252 3189 Mercurianus.
