2093 3444
454 185 611 220 Monuni.
641 187 866 231 (tridentina)
895 188 976 222 366.
1005 187 1077 232 (10.
1105 190 1141 221 et
1166 188 1223 223 20.
1250 188 1342 223 Iunii
1371 189 1488 232 1562.)
1772 192 1852 232 741

90 300 300 335 Sebastiano
327 300 533 334 Lusitaniae
568 313 652 344 rege
688 303 807 338 missi.
845 303 1013 337 dixerunt
1041 303 1080 346 (l.
1107 315 1136 338 c.
1164 304 1216 346 ΙΙ,
1244 304 1318 348 37).
1369 304 1485 346 Quare
1512 305 1605 340 haud
1642 306 1692 340 ita
1727 306 1857 340 mirum

91 365 169 388 esse
204 355 341 398 potest,
379 353 562 388 Canisium
596 355 742 389 tandem
775 356 832 390 22.
869 356 945 390 loco
983 357 1205 402 disputasse;
1245 363 1325 402 post
1360 369 1464 402 quem
1500 358 1575 392 fere
1609 359 1655 394 40
1690 359 1750 393 alii
1788 360 1857 394 dis-

89 409 292 442 seruerunt.
1177 428 1179 430 ,

209 465 286 500 Hoc
320 465 357 499 in
382 465 634 500 Piccolominei
668 468 789 502 verbis
824 468 980 503 maxime
1014 471 1140 503 notatu
1175 469 1323 513 dignum
1359 472 1433 504 est:
1471 470 1653 505 Canisium
1688 472 1725 506 in
1758 471 1857 506 theo—

89 518 252 562 logorum
278 518 418 553 concilii
453 519 716 563 pontificiorum
751 533 898 555 numero
934 522 1095 556 habitum
1124 534 1213 557 esse.
1264 522 1304 557 Id
1340 523 1433 567 quod
1468 524 1576 558 etiam
1610 524 1646 558 in
1681 536 1857 569 anonymo

90 572 244 616 quodam
279 571 420 606 concilii
447 572 607 606 *Dim-io
633 585 843 618 expressum
879 576 1039 620 repperi;
1076 576 1177 610 cuius
1212 578 1355 617 auctor,
1391 576 1493 611 cuius
1528 577 1679 622 quisque
1706 578 1856 619 nomine,

88 625 191 659 iussu
217 627 285 659 etc.
312 625 521 659 Tridentum
555 625 746 669 theologus
772 628 932 668 venerit,
969 628 1161 671 diligenter
1196 631 1435 674 accurateque
1470 630 1648 672 referens,
1688 631 1740 665 15.
1766 631 1857 664 Iunii

90 680 171 723 post
197 679 387 723 prandium
422 678 536 723 primo
573 679 650 713 loco
686 680 821 714 dixisse
857 681 1002 716 scribit:
1042 682 1221 724 „Maestro
1247 682 1369 716 Pietro
1396 682 1537 717 canisio
1564 684 1742 718 Germano
1773 684 1857 718 cler.

89 732 275 766 secolare¹
310 732 479 765 mandato
513 732 557 766 da
584 732 618 767 S.
646 732 788 767 Santita
823 734 917 768 della
944 734 1163 779 Compagnia
1199 735 1234 770 di
1261 735 1377 770 Gesu‘
1415 736 1653 780 (Bibliotheca
1679 737 1856 771 vaticana.

91 785 175 820 Cod.
203 784 323 819 Ottob.
351 785 442 819 2352
469 785 494 819 f.
522 786 618 829 64¹³).

210 843 300 886 Quia
335 846 455 878 autem
493 843 659 879 Canisius
695 856 725 879 a.
756 846 845 880 1562
885 845 993 889 (sicut
1025 859 1056 881 a.
1092 848 1202 888 1547;
1237 848 1320 882 Vide
1359 850 1445 883 Can.
1472 849 1560 894 Epp.
1588 850 1623 891 I,
1658 849 1856 884 245—25‘2.

90 897 294 941 680—685)
322 897 424 931 brevi
449 899 591 931 tantum
617 900 777 943 tempore
804 899 953 933 concilio
979 900 1174 934 tridentino
1200 901 1382 943 interfuit,
1416 902 1493 937 eius
1519 914 1647 936 nomen
1672 903 1708 936 in
1733 902 1857 948 pleris-

91 961 179 994 que,
206 951 299 995 quod
326 950 490 994 equidem
516 952 647 992 sciam,
678 951 927 995 theologorum
953 953 1227 988 tridentinorum
1253 955 1428 999 catalogis
1455 956 1626 990 omissum
1652 958 1725 997 est,
1756 959 1796 990 ut
1822 956 1857 990 in

90 1016 140 1045 eo,
169 1004 230 1048 qui
256 1016 276 1038 a
299 1005 470 1038 Michctele
495 1006 698 1039 Izi-stim‘cmo
725 1005 860 1039 Romae
887 1017 916 1040 a.
939 1006 1029 1040 1674
1055 1007 1209 1051 primum
1236 1008 1333 1052 typis
1360 1009 1574 1054 exscriptus,
1600 1009 1637 1043 in
1663 1010 1858 1054 appendice

90 1057 177 1091 tomi
203 1057 264 1092 IV.
292 1058 409 1103 operis
434 1058 706 1102 pallaviciniani
735 1058 881 1101 (Istoria
908 1059 964 1093 del
991 1060 1147 1094 Concilio
1174 1061 1208 1095 di
1231 1061 1377 1105 Trento)
1407 1074 1438 1096 a.
1468 1062 1557 1097 1833
1584 1062 1717 1097 Romae
1743 1063 1857 1097 denuo

91 1111 176 1145 editi
201 1111 333 1145 iterum
359 1122 514 1146 excusus
541 1114 614 1153 est,
648 1114 682 1146 et
708 1112 744 1145 in
771 1124 830 1153 eo,
867 1112 927 1156 qui
953 1113 989 1146 in
1020 1113 1140 1154 „Actis
1172 1113 1427 1149 Concili01·um“
1458 1116 1502 1150 ab
1529 1117 1725 1150 Hardicz'no
1751 1116 1857 1150 editis

93 1164 193 1209 (tom.
220 1165 262 1198 X.
293 1164 456 1209 [Parisiis
484 1165 601 1209 1714],
627 1165 832 1209 417—4137)
862 1168 993 1200 exstat.

908 1307 1039 1349 366.

757 1402 806 1439 lo.
833 1407 869 1439 et
897 1403 952 1439 20.
979 1402 1074 1440 Iunii
1099 1403 1193 1440 1502.

212 1497 268 1532 Ex
293 1498 446 1541 Poyiam'
472 1497 644 1543 Epistolis
670 1497 731 1538 ΙΙΙ,
761 1497 910 1533 79-82.
939 1498 994 1532 87.

215 1580 424 1614 Ceu-<linaiis
446 1580 688 1623 Auyustanus,
716 1584 753 1612 ut
774 1580 941 1613 Canissns
966 1592 982 1613 e
1008 1581 1153 1614 concilio
1173 1582 1370 1624 Auyustam
1395 1582 1512 1614 redire
1537 1582 1675 1614 tandem
1702 1583 1856 1626 sinatur,

93 1633 190 1676 apud
217 1634 367 1667 Hosiicm
393 1633 605 1666 veliementer
631 1638 740 1677 myos.

214 1727 304 1769 Otto
342 1727 580 1781 Truohsess‚
615 1728 853 1770 cardinalis
885 1729 1175 1783 Au'qtcstanzisj
1210 1729 1344 1770 Roma
1379 1731 1447 1771 10.
1470 1730 1589 1771 Iunii
1616 1732 1730 1772 1502
1762 1729 1859 1786 (per

91 1793 251 1834 Iulium
283 1793 542 1847 Poqianzim)
581 1794 829 1835 Tridentum
863 1794 922 1835 ad
954 1794 1135 1835 Hosimn
1167 1795 1357 1849 scripsit:
1394 1794 1611 1836 Canisium
1639 1795 1730 1848 jam
1762 1795 1858 1837 Tri—

93 1857 223 1900 dento
254 1857 496 1912 profectum
530 1861 657 1912 puto:
691 1858 757 1900 sin
789 1858 941 1909 minus,
977 1859 1183 1908 demiror;
1218 1873 1309 1909 nec,
1345 1859 1416 1912 qui
1443 1859 1482 1901 ei
1514 1862 1614 1902 sunt
1645 1860 1688 1901 in
1720 1875 1855 1911 mora,

93 1925 220 1966 extra
253 1923 423 1977 culpam
450 1923 540 1977 jam
575 1938 670 1966 esse
702 1927 905 1978 possunt3
940 1938 1037 1965 cum
1066 1926 1245 1978 propter
1277 1925 1368 1979 ejus
1401 1925 1643 1968 absentiam
1675 1926 1858 1968 multum

93 1992 339 2042 augustana
371 1988 523 2043 religio
556 1989 742 2044 accipiat
774 1989 1023 2031 detrimenti
1056 2024 1064 2031 .
1099 1989 1238 2039 mitto,
1273 1990 1386 2042 quod
1420 1990 1548 2033 Sotus
1580 1992 1780 2042 noster2‚
1814 1994 1858 2034 et

93 2053 392 2106 Salmeronus‚
436 2054 586 2108 optimi
620 2069 671 2097 ac
704 2054 942 2097 doctissimi
980 2054 1085 2105 viri,
1127 2057 1381 2108 praesentes
1421 2055 1537 2107 istic,
1579 2055 1768 2107 faciunt,
1811 2059 1859 2099 ut

93 2118 288 2161 Oanisius
320 2134 405 2162 non
437 2134 703 2174 magnopere
735 2120 986 2163 retinendus
1019 2133 1114 2161 esse
1146 2119 1359 2163 videatur.
1422 2120 1613 2175 Laynius
1645 2121 1727 2164 etsi
1753 2135 1858 2163 ven—

91 2186 216 2226 turus
249 2185 425 2236 dicitur,
467 2188 616 2228 tamen
649 2185 780 2227 nolim
813 2185 900 2227 ullo
933 2186 1084 2239 pacto,
1119 2184 1336 2227 Canisium
1367 2186 1563 2229 Tridenti
1596 2200 1691 2229 esse
1723 2201 1858 2240 usque

92 2250 147 2292 ad
178 2249 292 2292 illius
324 2251 561 2294 adventum
595 2285 603 2294 .
638 2250 810 2292 omnino
842 2253 1048 2304 torqueor
1087 2249 1131 2291 in
1162 2250 1356 2304 singulas
1393 2251 1522 2293 horas
1554 2252 1858 2306 expectatione

92 2316 185 2370 ejus
219 2315 447 2359 discessus.

210 2400 346 2455 Atque
377 2399 488 2440 idem
518 2399 744 2440 Triteia-sess
777 2399 910 2440 Roma
943 2401 1014 2441 20.
1044 2399 1164 2440 Izmii
1196 2400 1310 2440 1562
1342 2400 1439 2454 (per
1471 2400 1669 2450 eundem)
1701 2400 1859 2442 Hosio:

93 2463 322 2515 Canisium,
356 2463 457 2517 quia
484 2464 575 2518 jam
606 2463 650 2505 in
682 2463 836 2505 itinere
859 2477 954 2505 esse
977 2463 1177 2514 arbitror,
1210 2477 1448 2517 prosequor
1470 2464 1525 2506 ad
1546 2478 1671 2506 suum
1702 2479 1858 2507 munus

91 2529 345 2572 redeuntem
378 2528 552 2583 optimis
584 2528 810 2571 ominibus.

211 2634 431 2667 Franciscus
456 2633 580 2666 Maria
607 2632 893 2675 Piccolominens,
919 2630 1108 2675 episcopus
1133 2631 1426 2665 montaleinensis
1455 2631 1552 2675 (vide
1578 2643 1688 2677 supra
1713 2644 1746 2677 p.
1771 2632 1854 2677 727)

92 2687 129 2720 et
155 2685 300 2720 Ottonis
332 2685 369 2719 in
403 2685 552 2719 concilio
587 2687 797 2730 procurator
824 2685 1045 2728 (Massarella‘
1078 2684 1171 2718 Acta
1206 2684 1301 2729 apud
1331 2685 1502 2729 Theiner,
1537 2685 1630 2719 Acta
1655 2686 1690 2727 I,
1725 2686 1757 2720 3.
1787 2686 1858 2731 12),

92 2738 263 2773 Tridento
292 2739 345 2773 15.
372 2738 465 2772 Iunii
494 2738 583 2772 1562
610 2738 757 2772 Alberto
783 2737 826 2771 V.
853 2737 1031 2771 Bavariae
1066 2737 1146 2771 duci
1176 2738 1342 2782 scripsit:
1381 2738 1511 2780 „Pater
1536 2738 1667 2773 Petrus
1693 2739 1858 2774 Canisius

93 2791 187 2825 infra
221 2791 370 2825 biduum
403 2790 650 2836 proficiscetur
681 2791 886 2834 Augustam
919 2802 1066 2832 uersus,
1103 2790 1155 2824 ita
1189 2791 1283 2825 enim
1317 2791 1527 2825 mandatum
1561 2793 1618 2826 est
1652 2792 1684 2826 ei
1719 2803 1739 2826 a
1774 2792 1857 2826 Illu-

93 2843 271 2878 strissimo
298 2846 334 2878 et
359 2843 673 2878 Reuerendissimo
700 2843 850 2878 Domino
877 2843 1059 2878 Cardinali
1084 2843 1296 2887 Augustano
1327 2844 1467 2878 domino
1501 2846 1598 2878 meo“
1641 2845 1702 2888 (ex
1736 2845 1858 2880 arche-

92 2900 191 2942 typo,
218 2897 311 2941 quod
330 2898 386 2931 est
403 2896 585 2931 Monachii
601 2897 638 2931 in
656 2896 803 2931 archivo
821 2897 923 2941 regni
942 2897 1113 2939 bavarici‚
1140 2898 1216 2932 cod.
1239 2898 1350 2940 „Acta
1369 2898 1474 2933 Cone.
1493 2897 1652 2932 Trident.
1671 2898 1768 2933 Toni.
1788 2899 1852 2933 ΙΙ.”ι

94 2950 119 2985 f.
147 2950 316 2992 62—63).

217 3109 227 3129 ¹
253 3107 306 3142 De
332 3108 400 3142 hac
425 3107 665 3153 appellatione
691 3107 772 3142 vide
798 3107 891 3142 infra
917 3119 950 3153 p.
979 3108 1176 3142 743—744.

215 3162 228 3183 ²
253 3161 384 3196 Petrus
410 3172 430 3195 a
457 3160 541 3195 Soto
568 3161 608 3195 Ο.
636 3161 693 3195 Pr.
