2093 3444
263 168 429 212 Augusta
455 167 723 202 Vindelicorum
749 180 795 202 m.
823 168 1019 203 Novembri
1048 168 1219 212 (ineunte,
1248 171 1288 203 ut
1314 169 1471 214 videtur)
1501 182 1532 204 a.
1563 171 1664 205 1561.
1765 173 1847 214 281

79 287 296 338 censoria,
340 287 392 328 de
423 286 727 340 praesentibus
761 289 805 329 et
837 287 1107 342 superiorum
1142 290 1337 330 aetatum
1372 288 1604 342 Theologis
1636 289 1855 332 liberrime

80 354 250 403 censet,
296 352 544 404 nullamque
586 351 760 394 interim
801 352 893 406 ipse
935 353 1006 395 vel
1048 353 1296 404 doctorum,
1350 353 1421 395 Vel
1463 353 1710 396 scholarum
1755 369 1856 397 cen-

78 432 225 460 suram
265 417 381 459 ferre
422 417 641 470 dignatur.
706 417 816 460 Sunt
856 420 1005 460 tamen
1046 418 1186 460 adhuc
1227 418 1498 469 Erasiniani,
1546 418 1588 472 (o
1621 434 1786 471 mores,
1832 435 1855 462 o

77 482 294 537 tempora)
340 496 447 535 quos
493 482 620 524 docet
665 496 819 537 sapere
863 483 1024 533 Moria,
1072 487 1115 526 et
1160 487 1519 538 corrumpunt
1561 484 1856 538 Colloquia

80 549 306 603 praua1:
341 547 413 601 qui
445 547 553 590 satis
586 547 702 590 docti
734 547 912 598 scilicet,
948 549 1119 601 quando
1154 563 1249 591 cum
1273 549 1516 592 festiuitate
1538 553 1698 593 norunt
1721 551 1856 592 sacri-

79 614 244 664 ficulos,
267 612 530 655 fraterculos
553 615 597 654 et
615 613 828 655 humanas
847 613 1257 657 constitutiunculas
1276 613 1355 666 (sic
1379 614 1492 656 enim
1514 614 1611 656 istis
1634 616 1856 669 appellare

77 678 202 732 libet)
235 679 434 720 mordere
467 681 598 731 atque
621 679 887 720 conuellere:
921 681 1013 720 tum
1037 680 1214 733 pulchre
1238 679 1401 730 diserti,
1436 680 1607 734 quando
1640 680 1856 734 religiosis

78 744 299 786 hominum
332 743 553 786 ordinibus
586 746 630 786 et
662 743 875 786 institutis
909 745 1217 796 obtrectando,
1250 745 1540 798 irreligiosas,
1573 746 1695 799 vulgi
1728 760 1855 789 aures

78 823 129 851 ac
161 811 330 852 mentes
353 809 621 852 demulcent:
656 812 700 852 et
725 809 827 851 belli
851 810 1023 851 demum
1046 813 1231 861 actores,
1267 812 1438 864 quando
1462 811 1583 853 velut
1613 811 1657 852 in
1680 811 1855 854 theatro

78 875 131 917 ob
165 875 312 917 oculos
344 876 511 929 ponunt
553 875 738 917 alienam
771 874 1106 929 turpitudinem,
1149 875 1236 917 iam
1277 890 1487 930 personas
1520 877 1856 920 Ecclesiasticas

78 940 270 994 satyrice
303 942 347 983 et
378 940 550 982 inimice
582 940 944 995 perstringente&
979 940 1064 982 iam
1098 940 1150 982 de
1174 941 1302 983 rebus
1325 944 1369 984 et
1402 942 1687 997 caeremonijs
1720 943 1856 985 sacris

76 1005 245 1060 impure
286 1005 552 1059 garrientes,
596 1020 651 1047 ne
693 1005 834 1047 dicam
877 1009 920 1047 et
960 1005 1090 1059 impie
1132 1020 1228 1047 cum
1270 1021 1347 1048 suo
1385 1007 1609 1049 Luciano2
1650 1008 1855 1052 ridentes,

77 1070 260 1113 Accedit
291 1071 487 1113 mirabile
520 1071 819 1125 supercilium,
864 1085 947 1124 quo
980 1070 1083 1113 licet
1115 1071 1200 1113 illis
1233 1072 1347 1125 quod
1379 1073 1505 1122 libet,
1549 1073 1601 1115 de
1634 1074 1857 1128 mysterijs

78 1135 233 1178 diuinis
267 1138 310 1179 et
343 1137 631 1179 sacramentis
671 1137 927 1190 plerumque
968 1136 1200 1189 incognitis
1234 1137 1365 1179 etiam
1401 1137 1515 1179 inter
1547 1139 1702 1192 pocula
1734 1139 1857 1181 velut

78 1215 132 1243 ex
165 1201 338 1256 tripode
370 1202 667 1256 pronuntiare.
732 1202 817 1244 Sed
849 1202 1023 1243 modum
1066 1201 1238 1245 excedit
1270 1202 1477 1256 epistola,
1522 1218 1632 1257 quae
1664 1203 1768 1245 mihi
1801 1205 1856 1246 ad

77 1281 157 1309 vos
188 1267 454 1310 reflectenda
487 1270 531 1310 et
563 1267 796 1320 aliquando
830 1267 1070 1309 claudenda
1103 1270 1183 1318 est,
1217 1268 1448 1320 Magnifice
1482 1269 1652 1311 domine
1678 1269 1855 1321 Rector,

77 1332 315 1375 doctissimi
347 1332 452 1384 viri,
496 1332 622 1374 simul
666 1336 710 1375 et
742 1332 1047 1375 studiosissimi
1089 1333 1401 1377 adolescentes.
1465 1333 1586 1383 Quod
1619 1334 1742 1377 vobis
1774 1335 1854 1378 hoc

77 1398 279 1452 quicquid
302 1401 371 1440 est
393 1398 536 1453 operis
560 1398 723 1449 dedico,
757 1398 850 1440 iure
873 1399 1061 1452 quodam
1084 1398 1257 1440 defendi
1278 1413 1405 1453 posse
1428 1399 1629 1451 arbitror,
1652 1400 1853 1442 nimirum

76 1466 126 1506 vt
157 1463 283 1506 istius
314 1463 532 1518 gymnasij
566 1463 866 1507 sanctissimus
898 1464 1129 1514 Patronus,
1164 1464 1236 1517 qui
1268 1479 1381 1506 noua
1410 1464 1547 1507 veluti
1579 1468 1703 1508 veste
1737 1480 1852 1508 com-

76 1529 307 1572 mendatus
329 1529 487 1584 prodit,
513 1529 672 1573 vestris
694 1529 881 1584 primum
904 1529 1148 1583 excipiatur
1170 1530 1317 1581 oculis,
1343 1532 1386 1572 et
1408 1530 1558 1572 amicis
1581 1531 1853 1585 amplexibus

76 1594 301 1638 foueatur:
335 1598 469 1649 vtque
501 1610 580 1637 vos
613 1595 796 1637 eundem
828 1595 872 1636 in
911 1595 1106 1649 epistolis
1148 1596 1288 1637 adhuc
1329 1595 1567 1650 spirantem
1602 1597 1853 1650 agnoscatis

77 1663 122 1703 et
166 1661 394 1703 docentem
440 1661 682 1704 obseruetis
726 1661 1064 1715 Hieronymum,
1111 1675 1239 1714 quem
1278 1661 1323 1702 in
1367 1661 1498 1703 coelis
1543 1676 1639 1703 cum
1683 1662 1852 1705 Christo

76 1728 347 1780 regnantem,
382 1726 624 1781 studijsque
646 1726 807 1769 vestris
839 1726 954 1768 haud
978 1726 1105 1768 dubie
1130 1727 1365 1777 fauentem,
1398 1726 1468 1781 pie
1501 1727 1643 1769 colitis
1675 1727 1852 1770 merito-

77 1805 159 1845 que
193 1792 520 1835 concelebratis.
569 1792 782 1835 Nostrum
815 1795 883 1834 est
914 1792 1102 1843 interim,
1137 1792 1216 1834 Dei
1252 1792 1350 1846 Opt.
1384 1792 1502 1835 MaX.
1535 1792 1850 1846 benignitatem

77 1870 315 1910 agnoscere
338 1860 383 1900 et
403 1858 670 1912 praedicare,
705 1857 777 1911 qui
800 1871 878 1899 vos
902 1857 1085 1899 diuersis
1109 1871 1131 1900 e
1153 1857 1259 1899 locis
1283 1857 1487 1900 collectos
1516 1857 1559 1899 in
1586 1857 1696 1900 hanc
1728 1872 1852 1912 prae-

76 1922 240 1964 claram
273 1923 515 1965 studiorum
549 1923 893 1965 communionem
926 1923 1104 1966 asciuit:
1140 1923 1211 1976 qui
1244 1926 1288 1965 et
1310 1923 1482 1965 sedibus
1509 1923 1741 1976 aliquando
1774 1938 1853 1978 per

77 1987 263 2030 alienam
303 1988 505 2031 iniuriam
537 1989 716 2043 pulsos3
756 1988 864 2030 mire
902 1988 1118 2031 restituit:
1163 1987 1235 2041 qui
1276 1988 1447 2030 demum
1489 2003 1544 2030 ex
1575 1988 1699 2030 vobis
1740 1989 1852 2032 hanc

75 2052 257 2107 primam
301 2057 346 2097 et
387 2054 727 2097 ecclesiasticam
759 2068 863 2096 vere
905 2054 1097 2096 scholam
1139 2053 1182 2095 in
1224 2056 1375 2096 nostra
1414 2054 1585 2107 quidem
1619 2054 1852 2097 Germania

75 2118 142 2160 his
174 2118 299 2161 annis
322 2119 562 2171 constituit,
596 2119 812 2174 prouexit,
848 2119 1146 2162 conseruauit:
1180 2119 1301 2169 Quod
1322 2119 1573 2162 institutum
1594 2122 1644 2161 vt
1676 2123 1743 2162 est
1775 2134 1853 2174 per

76 2197 123 2226 se
154 2184 512 2238 pulcherrimum,
554 2187 598 2227 et
630 2185 686 2227 ad
717 2184 1020 2227 reformandas
1052 2199 1164 2227 nunc
1199 2184 1405 2226 ecclesias
1436 2184 1480 2226 in
1512 2184 1662 2239 primis
1695 2199 1853 2239 oppor-

200 2355 209 2374 ¹
239 2354 255 2387 1
277 2353 356 2388 Cor.
386 2354 440 2396 15,
466 2354 522 2389 33.
558 2353 732 2388 Erasmus
758 2354 793 2388 in
820 2354 910 2388 libro
943 2353 1098 2397 „Moriae
1125 2353 1345 2395 Emomium,
1373 2353 1409 2387 id
1435 2355 1492 2388 est
1518 2353 1705 2388 Stultitiae
1724 2354 1853 2396 Laus“,

77 2407 139 2452 qui
165 2419 196 2442 3.
225 2408 316 2442 1509
342 2407 497 2452 primum
525 2408 654 2449 editus,
682 2407 759 2452 ipso
785 2407 935 2441 vivente
961 2407 1148 2441 minimum
1175 2407 1288 2441 vicies
1314 2406 1434 2441 sexies
1460 2419 1609 2441 recusus
1636 2409 1712 2449 est,
1739 2407 1853 2442 vitam

77 2461 333 2503 monasticam,
367 2460 588 2505 theologiam
614 2461 891 2503 scholasticam,
927 2473 1087 2495 summos
1123 2460 1312 2506 pontifices
1348 2460 1537 2495 admodum
1574 2461 1791 2495 mordaciter
1818 2463 1854 2495 et

77 2516 245 2559 proterve
271 2514 471 2549 insectatus
498 2516 587 2548 erat.
638 2513 691 2548 De
718 2514 795 2549 eius
830 2517 952 2549 autem
983 2514 1198 2558 „Colloquiis
1227 2514 1484 2548 familiaribus“
1515 2525 1547 2548 a.
1577 2514 1668 2548 1524
1697 2514 1854 2559 primum

78 2567 260 2611 evulgatis
287 2569 323 2601 et
347 2567 576 2612 potissimum
602 2567 784 2602 iuventuti
810 2568 1003 2609 destinatis
1028 2569 1260 2612 IVolfyanyus
1286 2569 1432 2612 Menzel,
1456 2567 1610 2612 scriptor
1636 2569 1852 2612 protestans,

82 2620 212 2664 „Darin
238 2620 362 2663 wird“‚
389 2621 517 2665 inquit,
549 2620 660 2664 „auch
689 2621 752 2656 das
771 2621 916 2665 Heilige
943 2621 1057 2656 selbst
1082 2622 1149 2655 mit
1174 2621 1290 2655 Ironie
1317 2620 1521 2655 behandelt.
1551 2648 1558 2655 .
1588 2648 1594 2654 .
1637 2621 1741 2655 Auch
1766 2621 1854 2655 liebt

77 2674 252 2709 Erasmus
278 2674 363 2708 sehr
397 2674 461 2708 das
489 2673 737 2719 Schliipfrige“
772 2674 1008 2719 (Geschichte
1044 2676 1105 2709 der
1142 2674 1340 2708 deutschen
1366 2674 1561 2717 Dichtung.
1612 2674 1712 2708 Neue
1738 2675 1852 2718 Ausg.

78 2728 111 2762 II
137 2727 300 2773 [Leipzig
328 2727 445 2772 1865]‚
473 2727 569 2772 114).
620 2728 660 2761 In
687 2727 817 2772 quibus
842 2728 945 2763 libris
971 2729 1144 2763 Erasmus
1178 2728 1294 2773 ipsam
1321 2728 1429 2762 etiam
1464 2739 1605 2762 sacrani
1631 2726 1853 2772 Scripturam

77 2792 205 2826 parum
230 2780 442 2837 verecunde·
458 2781 634 2815 tractavit
662 2781 742 2825 (Fr.
775 2782 811 2816 Ο.
841 2782 1011 2826 Sticlzart,
1038 2782 1211 2816 Erasmus
1237 2793 1308 2815 von
1325 2781 1538 2815 Rotterdam
1566 2779 1727 2824 [Leipzig
1747 2780 1851 2824 1870]

77 2846 111 2880 Ρ.
131 2834 247 2868 245-
250 2834 330 2868 253.
349 2817 442 2869 258.
449 2834 529 2869 272.
563 2836 611 2869 H.
631 2836 667 2869 J.
684 2836 817 2870 Allard
835 2835 869 2870 S.
890 2835 934 2877 J„
954 2835 1030 2869 Een
1044 2834 1190 2869 Portret
1207 2846 1280 2868 van
1297 2834 1469 2868 Erasmus
1489 2833 1854 2878 [²S-He1t0genb0soh

81 2887 187 2932 1882]
213 2900 246 2933 p.
272 2887 371 2932 43¹).

198 2941 212 2962 ²
237 2941 353 2975 Huius
378 2941 489 2976 libros
507 2941 682 2976 Erasmus
709 2941 987 2986 diligentissime
1013 2945 1234 2985 cognoverat
1260 2942 1297 2974 et
1322 2940 1357 2974 in
1384 2940 1589 2984 exemplum
1607 2942 1854 2985 assumpserat

82 2994 253 3039 (Jcmssen
277 2994 301 3029 l.
329 3006 357 3029 c.
385 2994 430 3037 II,
459 2995 532 3038 12).

199 3048 212 3068 ³
236 3048 340 3082 Anno
369 3048 471 3089 1552,
498 3059 580 3082 cum
607 3047 802 3083 cardinalis
829 3047 914 3082 Otto
941 3059 962 3082 a
988 3047 1168 3089 Mauritio,
1197 3046 1352 3081 electore
1371 3046 1522 3088 Saxone,
1550 3046 1587 3079 in
1614 3045 1779 3080 Carolum
1807 3046 1851 3081 V.

78 3101 296 3135 sedicionem
331 3101 538 3145 bellumque
576 3103 745 3136 movente
780 3100 927 3144 Dilinga
964 3099 1161 3145 pelleretur
1190 3099 1281 3144 (Jos.
1309 3101 1430 3144 Haut,
1461 3098 1678 3134 Geschichte
1716 3099 1779 3134 der
1816 3100 1850 3134 k.

80 3153 394 3189 Studien-Austalt
419 3154 590 3198 Dilingen
616 3155 632 3189 I
660 3153 844 3198 [Dilingen
872 3153 988 3197 1854]‚
1018 3152 1184 3197 14—16).
