2093 3444
250 190 334 230 774
527 187 683 219 Monuni.
714 184 920 227 (litteraria)
949 184 1027 218 387.
1058 185 1176 226 (Anno
1206 182 1323 227 1561.)
1353 184 1431 219 388.
1462 183 1579 227 (Anno
1608 184 1725 227 1561.)

252 304 343 337 enim
371 302 564 335 utebantur
589 301 692 343 signo
718 300 999 345 typographico;
1027 312 1071 334 ex
1099 312 1178 344 quo,
1204 304 1244 334 ut
1270 300 1432 340 videtur,
1459 302 1557 335 totus
1583 302 1704 341 vicus,
1732 301 1767 335 in
1794 313 1862 345 quo
1890 312 2011 335 eorum

251 357 376 390 domus
402 356 489 395 erat,
517 354 624 387 etiam
651 365 745 388 nunc
775 354 909 395 „Unter
936 353 1224 387 Fettenhenneffl
1256 356 1426 393 vocatum
1464 353 1499 387 in
1527 355 1649 388 eodem
1675 357 1795 388 autem
1822 355 1902 389 vico
1928 357 2013 389 tunc

247 408 383 443 similes
410 408 573 441 officinas
598 407 781 441 habebant
806 407 992 452 Gymnici,
1020 407 1054 440 in
1083 407 1184 440 domo
1211 408 1448 441 monocerotis
1477 407 1596 449 („zum
1623 407 1820 451 Einhorffl)
1836 436 1843 448 ‚
1871 410 1907 442 et
1933 408 2010 442 Ma-

248 466 372 496 ternus
398 460 590 501 Cholinus‚
625 460 661 494 in
689 461 792 494 domo
828 461 967 503 torquis
1002 461 1100 494 aurei
1139 460 1257 501 (stum
1293 460 1468 503 goldenen
1496 460 1742 504 Halsband“);
1782 461 1843 505 qui
1870 461 2012 505 quidem

248 516 378 549 multos
406 514 565 548 Cromeri
601 516 637 547 et
672 513 773 548 Hosii
809 513 919 547 libros
954 514 1099 547 excudit
1130 514 1254 557 (Kapp
1288 513 1310 546 l.
1339 525 1368 547 c.
1404 525 1437 558 p.
1469 514 1544 548 101.
1575 514 1651 548 106.
1701 516 1744 549 F.
1774 515 1911 558 Hipler‚
1946 514 2013 548 Die

248 567 444 602 deutschen
472 567 663 610 Predigten
692 567 764 600 und
783 566 1010 601 Katechesen
1038 567 1101 600 der
1126 566 1413 600 ermlandischen
1432 566 1598 601 Bisch'ofe
1618 567 1750 601 Hosius
1776 568 1847 601 und
1868 568 2014 602 Cromer

249 621 356 665 [imin
385 620 488 665 1885]
517 633 550 665 p.
581 620 795 663 137—138).

1066 698 1197 740 387.

1025 782 1126 819 Anno
1153 783 1238 819 1561.

371 868 512 902 Cam‘sii
538 866 729 911 „Snmma“
761 879 793 900 a.
825 870 915 900 1561
943 868 1097 900 Loranie'
1122 872 1151 899 et
1178 868 1285 900 latine
1312 870 1410 908 (eum
1446 867 1559 900 libello
1585 868 1762 908 Prateoli)
1798 873 1827 901 et
1863 879 1885 900 α
1911 868 2016 901 Petro

251 922 434 955 Calente'no
461 922 603 954 vlcmzice
631 932 727 955 cet-sa
755 922 949 964 evulfflttm·.

370 1006 405 1046 1.
440 1003 566 1046 Anno
593 1005 701 1045 1561
731 1003 773 1044 in
795 1004 935 1045 lucem
957 1002 1138 1057 prodiit:
1179 1037 1193 1052 .,
1205 1002 1409 1044 SVMMA
1436 1048 1437 1054 ¹
1466 1001 1800 1044 DOCTRINAE
1827 1001 1829 1057 ζ
1856 1003 2014 1046 CHRI-

249 1069 516 1112 STIANAE.
554 1067 555 1121 1
591 1069 640 1110 In
673 1083 796 1110 vsum
824 1068 1093 1111 Christianae
1126 1067 1338 1121 pueritiae
1370 1081 1448 1121 per
1480 1081 1612 1120 quae-
1668 1067 1831 1110 stiones
1863 1083 2014 1111 recens

248 1135 506 1188 conscripta,
535 1137 579 1176 et
600 1148 712 1175 nunc
736 1135 873 1176 denuc
919 1133 1076 1176 aedita.
1120 1133 1244 1174 Iussu
1269 1136 1312 1174 et
1335 1132 1602 1175 authoritate
1621 1133 1873 1176 Sacratissi-
1895 1132 1896 1182 Ῑ
1918 1148 2015 1176 niae

248 1200 368 1244 Rom.
404 1200 547 1252 Hung.
572 1199 748 1241 Bohem.
783 1201 864 1243 etc.
899 1198 1063 1252 Regiae
1137 1198 1222 1240 Ma.
1254 1196 1510 1239 Archiducis
1533 1198 1738 1240 Austriae
1771 1201 1853 1241 etc.
1892 1197 1893 1248 i
1929 1199 2016 1241 Ac—

248 1265 379 1307 cessit
410 1265 595 1319 plurium
628 1265 833 1313 locorum,
868 1278 922 1306 ex
946 1278 1071 1306 sacra
1093 1263 1199 1305 scri·
1226 1261 1227 1317 Ῐ
1254 1266 1396 1317 ptura,
1431 1263 1485 1305 ad
1515 1263 1724 1306 orationis
1747 1263 2013 1315 Dominicae⁷

249 1330 440 1383 Symboli
477 1328 479 1364 ἶ
516 1330 666 1384 Apost.
702 1332 745 1371 et
771 1329 993 1382 Decalogi‚
1029 1327 1385 1383 explicationem:
1416 1328 1550 1382 pluri-
1586 1326 1588 1378 ἶ
1624 1343 1741 1370 mum
1774 1329 2015 1371 conducen—

247 1395 376 1445 tium,
413 1395 623 1437 collectio.
662 1393 664 1434 1
700 1394 944 1437 LOVANH
981 1393 982 1437 l
1022 1393 1147 1448 Apud
1180 1393 1385 1435 Ioannem
1421 1394 1669 1446 Bogardum
1705 1394 1790 1437 Sub
1827 1392 1829 1448 ]
1865 1395 2017 1437 Bibliis

248 1460 418 1504 Aureis.
485 1462 637 1502 1561.“

370 1548 453 1588 160;
488 1548 523 1582 ff.
550 1547 642 1591 sign.
668 1548 756 1587 24&
794 1549 981 1591 praeterea
1012 1547 1047 1580 in
1073 1546 1142 1580 fine
1171 1547 1186 1580 1
1216 1548 1252 1580 et
1278 1545 1313 1580 in
1339 1546 1440 1580 initio
1469 1547 1512 1580 16
1539 1558 1607 1580 non
1635 1546 1747 1589 sign,
1782 1558 1800 1580 e
1837 1546 1966 1590 quibus
1993 1547 2015 1581 2

249 1612 365 1635 vacua
391 1603 485 1642 sunt,
511 1601 649 1645 reliqua
676 1612 865 1635 censuram
885 1599 1039 1645 Tapperi
1062 1599 1158 1641 (vide
1182 1600 1267 1633 Can..
1288 1599 1376 1644 Epp.
1396 1599 1438 1640 II,
1458 1600 1502 1633 36
1512 1599 1554 1642 ⁴),
1581 1599 1737 1633 edictum
1756 1599 1971 1634 Ferdinandi
1989 1600 2016 1634 Ι.

985 1655 1012 1668 *a
1077 1654 1116 1665 μ-

248 1707 463 1742 terminatur
480 1708 505 1741 f.
527 1708 635 1748 137&
662 1707 743 1742 ubi:
774 1706 943 1749 „Lovanii
962 1706 1017 1740 Ex
1041 1706 1184 1740 officina
1204 1706 1467 1751 typographica
1486 1705 1660 1751 Stephani
1678 1706 1815 1740 Valerii
1833 1706 1990 1752 Typog.“
2008 1720 2017 1748 ;

248 1761 272 1795 f.
303 1761 368 1796 138
395 1761 520 1806 incipit
550 1761 730 1803 „Plurium
758 1761 916 1795 locorum
953 1772 971 1794 e
1007 1760 1128 1794 divina
1155 1759 1340 1804 Scriptura
1367 1762 1639 1804 excerptorum,
1675 1760 1718 1793 ad
1754 1760 1926 1795 orationis
1957 1760 2016 1795 do·

248 1814 411 1855 minicae,
439 1814 671 1849 articulorum
699 1814 792 1855 fidei,
820 1816 856 1848 et
883 1815 1005 1848 decem
1032 1815 1305 1858 praeceptorum
1331 1813 1424 1857 legis
1450 1813 1783 1858 interpretationem
1802 1826 1871 1848 non
1890 1826 2016 1859 parum

249 1868 522 1902 conducentium
549 1867 722 1902 collectio.
762 1867 832 1901 Per
859 1867 900 1902 G.
930 1867 1135 1901 Prateolum
1160 1866 1417 1900 Marcossium“
1450 1866 1509 1909 (de
1535 1878 1604 1910 quo
1630 1867 1712 1900 vide
1743 1867 1828 1901 Can.
1856 1867 1944 1912 Epp.
1972 1867 2017 1910 Π,

250 1922 378 1965 745¹);
414 1922 449 1955 in
484 1922 508 1956 f.
543 1921 669 1955 ultimo
701 1921 866 1963 „Errata“
908 1923 961 1955 et:
1003 1920 1171 1962 „Lovanii
1197 1919 1308 1965 Typis
1336 1919 1508 1964 Stephani
1534 1919 1670 1965 Valerij
1697 1920 1854 1965 Typogr.
1881 1921 2012 1956 1urat.“

368 1975 513 2009 Librum
540 1974 614 2008 vidi
641 1974 807 2009 Coloniae
844 1974 879 2008 in
913 1973 1129 2008 bibliotheca
1163 1973 1347 2007 seminarii
1382 1973 1698 2018 archiepiscopalis
1734 1976 1770 2008 et
1796 1974 1945 2008 Londini
1979 1974 2016 2008 in

249 2040 372 2063 museo
398 2028 609 2062 britannico.

369 2081 570 2115 Editionem
598 2081 718 2126 posuit
745 2082 1008 2125 Sommervoyel,
1035 2079 1125 2115 Bibl.
1152 2081 1196 2122 H,
1224 2080 1303 2114 621.

369 2167 407 2208 2.
443 2165 607 2206 Eodem
649 2179 760 2207 anno
804 2164 955 2206 eadem
994 2164 1238 2214 „Summa“‚
1273 2176 1298 2204 a
1330 2162 1387 2204 M.
1421 2162 1552 2204 Petro
1587 2162 1799 2216 Calentyn
1832 2163 2016 2206 vlamice

249 2244 398 2281 versa,
441 2230 621 2272 Lovanii
663 2244 688 2272 a
725 2230 856 2272 Petro
900 2229 1065 2282 Sangre
1105 2228 1223 2283 typis
1265 2227 1486 2282 exscripta
1528 2231 1616 2270 est:
1668 2228 1784 2278 „Een
1825 2229 2015 2284 ghemyn

249 2295 522 2349 Christelijck
555 2295 786 2348 onderwijs
828 2309 897 2336 om
940 2294 1007 2336 die
1040 2294 1244 2347 ioncheyt
1283 2293 1600 2347 bequamelyck
1632 2295 1676 2335 te
1715 2293 2014 2347 onderwysen‚

250 2360 381 2402 desen
412 2363 483 2414 tyt
517 2395 525 2402 .
552 2395 559 2402 .
587 2395 594 2403 .
629 2360 779 2402 noode.
825 2360 1062 2402 Ghemaect
1094 2360 1151 2412 by
1184 2359 1266 2400 den
1298 2358 1396 2400 Eer.
1425 2359 1568 2400 Heere
1589 2358 1767 2401 Petrum
1799 2359 2015 2401 Canisium

251 2425 428 2468 dcctoor
459 2425 582 2468 inder
605 2425 827 2479 Godtheyt
848 2425 957 2467 ende
980 2424 1199 2478 Religioes
1222 2438 1308 2465 van
1332 2424 1413 2465 den
1436 2426 1587 2465 soeten
1610 2437 1736 2465 naem
1758 2424 1899 2467 Jesus.
1943 2424 2014 2466 Nu

251 2490 510 2544 ouergheset
542 2493 603 2532 wt
626 2491 677 2532 de
700 2491 850 2544 latyne
872 2490 915 2531 in
939 2489 1189 2532 nederlants
1213 2488 1426 2542 duytsche
1448 2489 1506 2542 by
1529 2489 1584 2531 M.
1610 2489 1766 2530 Peeter
1788 2489 2013 2543 Calentyn.

252 2554 473 2610 Gheprent
504 2558 572 2598 tot
603 2555 749 2597 Louen
781 2556 839 2609 by
871 2554 1028 2596 Peeter
1060 2554 1227 2606 Sangre
1259 2553 1358 2594 inde
1390 2552 1597 2606 fonteyne
1630 2553 1688 2596 M.
1721 2554 1772 2596 D.
1806 2554 1939 2597 LXI.“

370 2647 430 2688 8⁰;
458 2647 610 2692 paginae
636 2647 795 2681 numeris
820 2647 986 2689 signatae
1012 2658 1080 2680 non
1106 2648 1210 2686 sunt;
1237 2645 1354 2688 imago
1381 2656 1470 2679 una:
1499 2644 1635 2678 Christi
1661 2645 1756 2679 cruci
1779 2645 1880 2679 affixi
1898 2646 2015 2689 figura

250 2702 286 2735 in
311 2701 448 2744 lignum
483 2700 608 2734 incisa.
658 2700 755 2734 Libri
796 2699 1044 2744 „approbati0“
1083 2698 1287 2743 subscripta
1322 2700 1378 2732 est
1411 2697 1482 2733 sic:
1526 2698 1675 2739 „Petrus
1711 2697 1857 2733 Curtius
1891 2701 2017 2744 pastor

252 2754 285 2788 S.
313 2753 411 2788 Petri
437 2753 631 2788 Lovanien.
660 2754 702 2787 12
729 2752 864 2797 Martij,
891 2754 957 2786 An.
988 2753 1109 2786 1561.“
1139 2771 1185 2775 —-
1211 2751 1266 2785 Ita
1293 2752 1558 2795 Sommervoqel,
1585 2751 1677 2785 Bibl.
1703 2751 1746 2792 H,
1774 2752 1853 2786 632.

1025 2947 1126 2983 Anno
1153 2945 1238 2982 1561.

376 3030 528 3063 Cocli-etti
550 3033 786 3073 glrammatica
812 3032 939 3075 latina,
967 3043 989 3063 (ι
1018 3031 1163 3064 Cani-&lo
1192 3032 1283 3063 1556
1309 3031 1414 3073 edita,
1440 3030 1554 3063 demto
1580 3029 1708 3062 editur.

373 3104 615 3139 Grammatica
641 3104 703 3139 illa
728 3105 840 3139 latina
866 3106 904 3139 P.
932 3107 1151 3139 Hannibalis
1179 3106 1335 3139 Codretti
1360 3104 1393 3138 S.
1421 3105 1453 3138 J.
1490 3104 1588 3148 (vide
1616 3104 1886 3147 Sommermqu,
1921 3103 2013 3139 Bibl.

255 3156 297 3195 II,
325 3156 549 3200 655—656)‚
584 3169 690 3201 quam
718 3158 881 3192 Canisius
916 3158 1180 3202 aliquantulum
1215 3158 1249 3191 in
1278 3158 1536 3192 Germanorum
1571 3168 1675 3191 usum
1710 3156 2012 3191 accommodatam
