2093 3444
255 193 338 235 164
838 190 917 225 572.
955 190 1120 225 Oanisius
1146 190 1274 225 Iacobo
1301 191 1436 225 Lainio.

251 308 321 357 est,
356 317 434 358 quo
466 303 517 344 R.
552 302 601 344 P.
636 303 923 344 Prouincialis
947 303 1147 344 Canisius
1176 303 1381 344 Viennam
1409 302 1624 357 profectus
1657 308 1715 344 est
1747 304 2019 345 0111111).Ᾱο-

250 381 368 422 nogso,
402 381 503 422 quos
535 369 676 409 saluos
709 368 768 408 ad
800 372 985 422 optatam
1005 368 1248 422 peruenisse
1281 372 1432 408 metam
1455 367 1715 421 confidimus.
1759 368 1824 410 De
1857 370 2020 423 colleyio

253 432 560 486 OEnipontano
602 433 757 487 optima
795 432 940 474 scribit
971 432 1019 474 P.
1054 432 1343 473 Ρ1·0111’1161”αῑ1“3
1354 465 1365 484 ‚
1411 432 1460 473 de
1501 446 1579 487 quo
1623 434 1658 474 is
1698 434 1786 487 ipse
1825 433 2020 487 pluribus

252 498 368 552 apud
408 497 466 539 .V.
500 497 551 538 R.
586 497 635 539 P.
670 502 761 551 aye?
800 532 808 538 .
839 499 959 552 ι111161·
999 502 1162 538 caetera
1203 502 1286 538 tres
1330 511 1414 538 esse
1455 497 1683 539 combustos
1713 499 2021 553 Anabaptistas

252 562 495 616 OEne'ponti
526 563 726 603 scribitur
760 597 767 603 .
804 597 810 602 .
847 598 855 604 .
916 563 1068 603 Versor
1101 576 1168 616 690
1201 563 1267 603 hic
1299 562 1517 615 Auqustae
1549 563 1672 615 solus,
1707 562 1811 618 abijt
1845 564 1952 604 enim
1986 568 2021 604 et

249 627 298 668 P.
332 627 562 668 Hurtadus
594 627 934 681 Ι119οΖ3έαά111111)
978 631 1022 668 ut
1063 632 1098 668 et
1132 641 1269 668 aerem
1304 631 1430 668 mutet
1440 661 1451 680 7
1495 631 1531 668 et
1572 629 1726 669 nostris
1769 629 1928 669 auxilio
1965 629 2021 670 sit

251 692 417 733 absente
448 692 620 734 Rectore
651 692 700 734 P.
736 691 949 747 Lanoyo.“

369 795 550 830 Canisium
570 796 726 830 caesaris
748 795 849 830 iussu
871 796 923 830 15.
944 795 1034 829 Iunii
1054 795 1290 841 Oenipontem
1309 795 1464 837 venisse,
1491 797 1531 830 ut
1549 795 1699 840 collegio
1726 796 1774 831 ibi
1799 796 2020 831 instituendo

249 849 391 883 domum
419 849 593 893 deligeret
619 851 698 889 etc.,
724 849 878 894 indeque
904 849 970 883 sub
1000 849 1053 883 19.
1082 849 1173 883 Iunii
1201 848 1447 883 Vindobonam
1474 849 1675 893 profectum
1702 861 1790 891 esse,
1818 861 1863 884 ex
1888 849 2020 885 litteris

247 902 422 947 proximis
447 902 682 945 intellegitur.
721 902 819 944 Quod
839 904 959 937 autem
979 902 1130 936 Elderen
1150 902 1335 936 Canisium
1353 902 1396 935 de
1415 902 1664 947 Anabaptistis
1690 902 1864 948 supplicio
1881 903 2020 938 affectis

248 956 292 990 ad
319 967 357 990 se
383 955 569 990 rettulisse
587 955 723 997 scribit,
750 955 893 990 aliunde
913 967 1054 1000 quoque
1080 958 1204 989 notum
1224 957 1290 996 est,
1317 967 1439 989 mense
1458 955 1559 990 Iunio
1589 955 1661 1000 (die
1683 955 1736 991 10.
1754 956 1812 990 vel
1834 956 1904 999 13.)
1929 957 2016 991 1561

248 1008 447 1054 Oeniponte
474 1009 642 1043 Ioannem
665 1009 789 1043 M'andl
816 1009 938 1043 vivum
968 1008 1203 1050 combustum,
1232 1008 1426 1051 Georgium
1445 1008 1542 1043 Lack
1569 1011 1603 1043 et
1630 1009 1863 1044 Eustachium
1882 1009 2019 1051 Rotter‚

248 1063 308 1106 qui
343 1073 414 1096 una
450 1074 530 1096 cum
565 1063 642 1107 ipso
669 1062 990 1107 Anabaptistarum
1027 1062 1209 1096 doctrinas
1236 1062 1581 1106 disseminaverant,
1616 1062 1734 1097 securi
1760 1074 1949 1108 percussos
1984 1065 2021 1098 et

247 1118 373 1160 postea
399 1116 605 1150 combustos
632 1127 711 1150 esse
741 1116 793 1159 (J.
820 1128 849 1150 r.
876 1117 1018 1159 Krz‘pp,
1055 1115 1121 1149 Ein
1149 1115 1297 1159 Beitrag
1332 1127 1394 1148 zur
1421 1114 1637 1150 Geschichte
1664 1116 1726 1150 der
1751 1116 2020 1151 VViedertaufer

247 1169 283 1203 in
310 1169 418 1203 Tirol.
467 1169 677 1213 Programm
705 1169 767 1203 des
794 1169 1169 1213 Staatsgymnasiums
1197 1168 1412 1212 [lnnsbruck
1441 1168 1544 1213 1857]
1573 1181 1604 1214 p.
1623 1169 1680 1204 46.
1732 1171 1800 1204 Aa.
1820 1171 1923 1214 Wolf,
1951 1169 2019 1204 Ge-

246 1222 484 1257 schichtliche
511 1222 633 1256 Bilder
659 1234 724 1256 aus
752 1214 957 1257 Osterreich
986 1222 997 1255 I
1028 1221 1147 1266 [VVien
1178 1221 1293 1265 1878]⁸
1322 1222 1420 1265 102).

1065 1379 1194 1422 572.

985 1490 1281 1538 CANISIUS

836 1605 1117 1649 IACOBO
1151 1606 1430 1659 LA1N10,

769 1705 974 1751 praeposito
1001 1704 1161 1748 generali
1189 1704 1380 1739 Societatis
1408 1705 1498 1739 iesu.

874 1808 1075 1856 Oeniponte
1101 1808 1149 1844 18.
1178 1807 1272 1844 Iunii
1298 1807 1384 1844 1561.

363 1909 417 1944 Ex
445 1907 650 1954 apographo
680 1908 742 1949 (A)
771 1909 924 1948 recenti,
962 1908 1054 1953 quod
1082 1908 1303 1953 exscriptum
1341 1910 1395 1942 est
1430 1920 1475 1942 ex
1501 1907 1715 1954 archetypo,
1752 1920 1772 1943 a
1798 1909 1838 1943 P.
1864 1910 2014 1945 Nicolao

243 1965 386 1998 Lanoio
413 1962 447 1997 S.
476 1963 528 2003 J.,
562 1961 704 2005 collegii
733 1961 1025 2005 ingolstadiensis
1052 1964 1210 2003 rectore,
1238 1961 1380 1996 Canisio
1410 1961 1465 2005 (ut
1490 1962 1648 2004 videtur)
1677 1961 1855 2003 dictante,
1881 1963 2015 2008 scripto

244 2020 280 2051 et
306 2028 326 2051 a
354 2015 498 2050 Canisio
533 2015 609 2060 ipso
644 2015 847 2061 subscripto
876 2015 1069 2059 („Seruus“
1101 2014 1208 2059 ete),
1244 2015 1336 2059 quod
1364 2015 1519 2059 positum
1556 2017 1611 2049 est
1645 2015 1680 2049 in
1716 2016 1792 2050 cod.
1823 2016 1881 2058 „E.
1911 2016 1947 2050 C.
1976 2016 2008 2050 I“

243 2070 268 2105 f.
296 2069 526 2104 2870—288b
555 2068 602 2112 (n.
630 2068 705 2111 85).

363 2141 495 2175 Exstat
533 2139 642 2173 etiam
681 2139 834 2173 alterum
874 2138 1121 2184 apographum
1158 2138 1240 2182 (B),
1279 2138 1345 2172 sub
1384 2149 1414 2172 a.
1444 2138 1534 2173 1860
1573 2150 1616 2172 ex
1656 2138 1778 2173 eodem
1817 2138 2014 2184 archetypo

243 2195 391 2228 curante
426 2195 541 2228 Boero
576 2192 798 2237 exscriptum
838 2194 873 2226 et
908 2192 952 2226 ab
988 2191 1110 2225 eodem
1147 2193 1365 2232 correctum3
1406 2192 1499 2235 quod
1536 2193 1655 2226 tamen
1692 2192 1737 2226 ad
1773 2192 1940 2236 loquendi
1979 2194 2015 2227 et
2067 2207 2072 2212 ·

243 2247 421 2282 scribendi
447 2247 623 2281 rationem
649 2248 793 2280 nostrae
821 2246 952 2279 aetatis
979 2245 1284 2279 accommodatum
1311 2246 1376 2279 est.

362 2317 527 2362 Epistula
551 2328 639 2351 usus
666 2318 722 2350 est
747 2318 783 2350 et
808 2315 1024 2361 particulam
1050 2315 1126 2349 eius
1153 2315 1357 2358 germanice
1383 2315 1494 2350 vertit
1518 2317 1633 2350 Kro'ss
1658 2315 1681 2350 l.
1705 2327 1734 2350 0.
1761 2327 1795 2361 p.
1817 2315 2013 2350 145—146.

364 2411 550 2454 Cctnisius,
585 2411 806 2444 contionibus
841 2411 882 2443 de
919 2411 1075 2453 Corpore
1112 2409 1246 2443 Christi
1278 2409 1428 2452 habitis,
1464 2411 1617 2442 caesaris
1650 2410 1750 2442 iussu
1789 2409 2013 2453 Oenipontem

241 2465 352 2507 venit,
389 2468 426 2497 ut
453 2474 531 2496 cum
557 2464 777 2497 consiliariis
804 2463 988 2496 Societatis
1018 2463 1159 2506 colleyz'o
1185 2463 1297 2495 locam
1324 2462 1497 2505 deliqeret.
1547 2462 1859 2496 Valetudinarium
1891 2474 2013 2496 senum
2072 2459 2078 2464 ’

243 2518 403 2551 omnibus
438 2518 549 2550 visum
585 2521 631 2549 est
667 2517 900 2559 aptissimum..
951 2516 1010 2549 Ex
1046 2527 1112 2559 quo
1149 2516 1262 2549 Sociis
1296 2516 1395 2548 utilis
1422 2515 1557 2559 patebit
1591 2517 1765 2549 transitus
1799 2517 1838 2549 in
1871 2516 2013 2550 domum
2076 2517 2081 2522 '

241 2571 475 2614 templumque
508 2580 596 2603 novo
633 2570 885 2603 canonicorum
918 2570 1059 2612 colleyio
1091 2569 1276 2602 destinata.
1330 2569 1502 2602 Canonici
1535 2573 1651 2602 tamen
1684 2570 1744 2602 vix
1778 2570 2011 2603 invenientur.

244 2624 394 2658 Senibus
417 2624 522 2656 aliter
532 2623 791 2666 providebitur.
828 2623 936 2666 Socii,
963 2623 1035 2666 qui,
1062 2626 1156 2666 quot,
1183 2623 1325 2666 quando
1348 2623 1518 2655 mittendi.
1557 2622 1747 2666 Colleyiam
1765 2620 2010 2666 „dimidium“.
2069 2631 2071 2638 ·

246 2677 498 2711 Contionatore
532 2676 618 2710 urbs
651 2676 752 2709 valde
777 2677 919 2719 indv'yet.
971 2676 1024 2709 De
1051 2675 1152 2708 rebus
1187 2676 1235 2708 ad
1260 2676 1390 2708 cultum
1416 2675 1575 2708 divinum
1606 2676 1839 2718 spectantibus
1868 2675 2012 2709 Canisio

242 2741 320 2763 cum
347 2730 566 2764 consiliariis
596 2739 668 2763 non
694 2730 860 2763 convenit.
916 2729 1105 2772 Oeniponte
1130 2730 1344 2761 universitas
1377 2730 1616 2762 constituetur.
1670 2728 1860 2772 Colleqz'um
1884 2730 2013 2762 summi
2064 2738 2083 2777 φ’.

241 2784 309 2816 erit
332 2783 506 2816 momenti.
559 2779 798 2827 „Reyiminis“
826 2783 949 2815 virtus.
1001 2782 1054 2815 De
1080 2781 1184 2815 rebus
1209 2782 1257 2814 ad
1282 2791 1431 2814 canones
1465 2785 1495 2814 et
1519 2781 1726 2824 theoloqiam
1753 2782 2013 2824 pertinentibus
2067 2776 2083 2782 ‘⁴

240 2837 371 2869 multae
406 2840 598 2869 occurrunt
633 2836 878 2869 dubitationes.
931 2835 1101 2868 Litterati
1135 2835 1374 2878 oenipontani.
1430 2834 1563 2868 Tirolis
1597 2838 1627 2867 et
1659 2835 1819 2868 Βατανέα
1855 2835 2011 2868 omnium
2070 2826 2083 2884 '¹

246 2889 460 2922 Germaniae
490 2889 767 2932 provinciarum
804 2889 958 2921 maoea'me
995 2888 1196 2921 catholicae.
1250 2888 1418 2921 Canisius
1453 2887 1698 2921 Vindobonam
1734 2887 1891 2931 vehitur,
1934 2898 2010 2921 cum
2070 2890 2083 2904 *¹

242 2953 385 2976 caesare
414 2943 618 2986 Oenipontis
643 2943 886 2975 amantissimo
913 2945 1069 2974 acturus.

242 3124 287 3139 z
314 3110 454 3144 68—70
480 3109 673 3153 crucigeri)
702 3109 882 3153 aequabat
907 3120 959 3150 ac,
986 3108 1016 3142 si
1042 3108 1267 3142 metallorum
1293 3107 1447 3152 pretium
1474 3108 1679 3152 spectatur,
1714 3106 1807 3140 idem
1833 3106 1908 3140 fere
1934 3106 2013 3140 erat,
2054 3103 2058 3133 ἶ

243 3173 286 3197 ac
315 3163 417 3205 17‚70
442 3173 586 3197 marcae
612 3162 839 3206 germanicae
864 3163 1009 3196 nostrae
1035 3161 1167 3196 aetatis
1196 3161 1397 3205 (Steinherz
1421 3160 1444 3195 1.
1473 3171 1502 3195 c.
1529 3172 1561 3205 p.
1588 3159 1711 3203 6-7).
1735 3162 1738 3165 '
