2093 3444
137 159 216 193 648.
252 158 331 193 seb.
358 158 438 192 Zott
463 157 506 192 de
532 157 700 201 Pernegg
727 157 882 194 Canisio.
921 158 1120 205 Oeniponte
1147 160 1212 195 sub
1239 160 1345 195 finem
1373 172 1418 195 m.
1445 161 1530 195 Deo.
1560 161 1660 195 1561.
1716 164 1800 205 339

148 275 524 318 Reuerendissimo
557 275 601 317 in
633 275 802 318 Christo
835 276 956 331 Patrj
993 291 1043 320 ac
1075 278 1272 328 Domino,
1307 279 1358 321 D.
1393 278 1612 322 Anthonio
1646 280 1800 323 Electo

29 344 75 384 et
97 342 350 384 confirmato
368 340 705 395 Archiepiscopo
728 341 938 397 Pragensj
959 346 1041 386 etc.
1081 343 1270 385 Patrono
1294 343 1504 398 singularj
1524 345 1804 387 obseruantia

25 421 202 461 semper
234 406 426 448 colendo.
491 406 674 459 Pragae.

857 517 987 559 (348.

287 607 796 651 SEBASTIANUS
830 609 1021 651 ΖΟΤΤ
1055 610 1152 651 ΒΕ
1186 610 1554 663 ΡΕΙΕΝΕΕΕ,

484 690 671 734 regiminis
697 689 868 724 Austriae
895 691 1090 735 superioris
1118 692 1353 734 consiliarius,

782 774 1055 822 CANISIO.

495 876 696 924 Oeniponte
723 876 788 912 sub
817 876 923 913 finem
950 887 995 913 111.
1023 877 1230 914 Decembris
1257 877 1342 914 1561.

154 958 208 992 Ex
235 958 442 1003 apographo
463 958 525 1003 (A)
554 959 661 993 huius
678 958 880 993 litterarum
908 961 1031 1005 partis,
1060 961 1181 995 eodem
1209 962 1284 995 fere
1302 963 1462 1006 tempore
1488 961 1523 996 in
1551 962 1701 1005 collegio
1721 961 1754 996 S.
1774 962 1807 996 J.

31 1011 226 1046 coloniensi
254 1012 399 1057 scripto.
443 1011 528 1047 Cod.
559 1012 737 1055 „Litterae
764 1012 1052 1054 Quadrimestres
1079 1014 1289 1049 Prouinciae
1317 1014 1531 1049 Germaniae
1556 1015 1737 1050 inferioris
1764 1027 1809 1049 ex

33 1065 137 1099 Anno
159 1066 245 1100 1561
275 1065 311 1100 in
328 1067 370 1099 A.
392 1066 501 1100 1566“
528 1065 747 1111 (descriptus
767 1067 810 1101 ab
830 1069 977 1101 Hans-en
1004 1068 1026 1101 l.
1047 1080 1075 1102 c.
1094 1080 1127 1113 p.
1147 1074 1445 1111 xxvn-xxvm)
1469 1069 1508 1104 P.
1527 1069 1570 1103 H.
1590 1070 1625 1103 in
1653 1080 1683 1103 a.
1706 1069 1808 1103 1562.

33 1117 101 1160 Qui
129 1119 242 1153 codex
263 1118 431 1154 Coloniae
457 1119 493 1153 in
520 1120 667 1154 archivo
687 1120 862 1155 eeclesiae
881 1121 1099 1166 parochialis
1117 1122 1251 1156 Beatae
1270 1122 1406 1156 Mariae
1420 1122 1582 1167 Virginis
1608 1123 1643 1157 in
1670 1122 1809 1156 caelum

27 1175 242 1220 ‘assumptae
269 1175 489 1208 asservatur.

154 1226 414 1272 Apographum
435 1226 495 1270 (B)
516 1238 642 1261 recens
664 1227 745 1270 (sub
764 1227 919 1261 medium
938 1240 1031 1263 saec.
1051 1228 1147 1263 XIX.
1166 1229 1358 1273 Monachii‚
1379 1232 1419 1264 ut
1437 1229 1589 1271 videtur,
1617 1228 1807 1274 scriptum)

39 1281 165 1315 exstat
191 1280 227 1314 in
255 1281 330 1315 cod.
363 1280 504 1323 „Germ.
533 1280 616 1326 Sup.
644 1280 756 1315 Fund.
785 1281 864 1315 1V.“
897 1281 921 1316 f.
950 1282 1145 1316 6212—632.

155 1333 321 1378 Epistula
346 1345 434 1368 usus
461 1336 518 1368 est
543 1335 659 1368 Kross
684 1335 707 1368 l.
734 1347 763 1369 e.
790 1347 823 1380 p.
854 1335 930 1369 147.

155 1411 194 1445 P.
221 1412 417 1445 Hermetem
453 1412 646 1455 Halbpanr
681 1414 721 1445 ob
757 1414 1008 1456 elofflcentc'am,
1047 1415 1266 1457 doctrinam,
1304 1415 1388 1456 fidei
1420 1415 1576 1447 stadium
1611 1415 1679 1448 sihi
1713 1414 1812 1447 valde

0 1485 1 1488 ¹
34 1476 158 1499 carave
186 1476 264 1498 (²888.

154 1568 212 1571 —
237 1567 292 1571 —
319 1541 477 1584 Misisti
500 1542 555 1584 ad
578 1557 656 1585 nos
678 1543 735 1586 M.
761 1544 1014 1586 Hermetem
1032 1544 1059 1594 1,
1094 1543 1233 1585 virum
1258 1544 1649 1598 exoptatissimum,
1685 1559 1812 1598 quem

36 1622 123 1650 non
155 1608 293 1649 solum
326 1622 403 1662 pro
437 1608 654 1659 concione,
689 1608 780 1650 siue
814 1623 973 1651 corona
1005 1609 1201 1662 grauiter
1234 1609 1536 1661 disserentem,
1571 1610 1646 1652 sed
1680 1610 1812 1652 etiam

36 1672 243 1728 priuatim
276 1686 430 1727 saepe,
474 1687 524 1715 ac
557 1674 740 1716 multum
774 1674 941 1724 audiui3
985 1677 1029 1717 et
1067 1675 1190 1728 quasi
1222 1674 1395 1730 phidiae
1430 1675 1599 1729 signum
1633 1675 1814 1717 simulac

37 1741 278 1793 aspectum,
312 1739 542 1793 probatum
566 1739 648 1782 fuit
661 1740 690 1782 2.
736 1740 817 1781 Est
839 1753 943 1782 sane
969 1740 1097 1782 laude
1119 1744 1208 1791 tua,
1244 1740 1442 1794 quamuis
1465 1755 1490 1783 a
1512 1740 1812 1783 laudatissimo

40 1804 135 1846 viro
167 1804 491 1859 proficiscatur,
525 1804 617 1846 fere
649 1804 809 1853 maior,
852 1805 1132 1860 philosophus
1165 1809 1340 1857 acutus,
1385 1808 1534 1848 orator
1565 1807 1812 1857 vehemens,

36 1869 287 1923 Theologus
311 1869 563 1924 profundus,
598 1873 897 1925 propugnator
921 1871 1089 1912 demum
1106 1877 1120 1891 ἢ
1151 1871 1249 1913 fidei
1277 1872 1546 1914 orthodoxae
1578 1872 1813 1914 acerrimus

37 1934 192 1977 iuxtab
224 1949 275 1977 ac
306 1935 655 1978 feruentissimus
689 1971 697 1979 .
732 1936 774 1978 Is
806 1936 1003 1991 profecto
1035 1951 1104 1978 me
1137 1936 1218 1978 sibi
1250 1937 1336 1980 ita⁰
1369 1937 1577 1988 deuinxit,
1612 1941 1660 1980 vt
1691 1937 1812 1979 illum

38 2015 124 2042 non
157 2000 298 2042 minus
329 2015 477 2055 prope,
513 2015 641 2054 quam
673 2003 730 2052 te,
766 2001 956 2055 diligam,
992 2015 1042 2044 ae
1075 2002 1214 2044 colam
1228 2002 1254 2044 d.
1291 2027 1347 2031 -—
1370 2029 1428 2033 —-

159 2093 258 2128 Haec
284 2093 460 2140 epistulae
487 2105 571 2139 pars
598 2094 730 2129 litteris
757 2094 1079 2138 quadrimestribus
1106 2095 1249 2139 collegii
1274 2095 1568 2139 ingolstadiensis
1595 2095 1816 2138 Ingolstadio

37 2147 72 2182 3.
90 2147 249 2182 Ianuarii
277 2148 367 2183 1562
394 2160 415 2182 a
437 2149 588 2192 Georyio
610 2149 736 2192 Oris-po
758 2147 908 2192 (Kraus)
935 2148 968 2183 S.
989 2149 1021 2183 J.
1049 2148 1144 2183 datis
1170 2149 1307 2183 inserta
1333 2151 1399 2184 est.
1439 2148 1507 2190 Qui
1533 2148 1584 2184 sic
1610 2149 1816 2194 praefatur:

43 2201 167 2244 „Nunc
201 2213 288 2236 vero
322 2202 416 2236 idem
452 2201 515 2247 [M.
542 2202 695 2237 Hermes
722 2201 920 2247 Halbpaur]
957 2201 1205 2247 Oenepontum
1241 2214 1262 2236 a
1293 2203 1403 2237 Patre
1438 2202 1649 2248 prouinciali
1685 2203 1817 2237 missus

37 2255 215 2298 singulari
242 2267 323 2290 oum
349 2255 467 2298 gratia
494 2255 736 2290 concionatur.
786 2255 843 2290 Sic
870 2256 962 2289 enim
991 2255 1033 2289 de
1059 2255 1121 2289 illo
1147 2256 1275 2290 scribit
1299 2267 1393 2291 vnus
1419 2256 1478 2291 vel
1503 2256 1718 2301 praecipuus
1744 2255 1818 2290 illio

39 2309 207 2343 Caesaris
226 2308 460 2343 Consiliarius
486 2309 531 2343 ad
557 2309 599 2343 D.
620 2309 834 2344 Canisium.“
877 2309 1128 2343 Consiliarium
1155 2311 1275 2344 autem
1303 2310 1403 2344 illum
1430 2310 1542 2344 fuisse
1567 2310 1818 2344 Sebastianum

39 2362 121 2396 Zott
147 2362 189 2396 de
216 2362 402 2407 Pernegg,
430 2374 449 2397 e
479 2363 693 2406 „regimine“
724 2363 893 2397 Austriae
921 2362 1115 2407 superioris
1145 2363 1205 2406 (cf.
1233 2365 1333 2397 Hirn
1358 2363 1380 2397 l.
1409 2375 1437 2397 c.
1465 2364 1517 2405 Π,
1550 2363 1672 2407 4634),
1706 2375 1751 2397 ex
1778 2375 1818 2397 eo

39 2415 188 2457 conicio,
216 2416 308 2460 quod
335 2416 371 2450 in
398 2416 547 2460 antiqua
573 2416 636 2450 illa
662 2417 857 2450 *Historia
884 2416 1028 2460 collegii
1055 2416 1283 2461 oenipontani
1309 2417 1522 2456 affirmatur,
1551 2417 1691 2460 collegii
1718 2429 1818 2462 prae-

39 2469 165 2514 cipuos
200 2469 361 2504 fautores
398 2469 480 2514 (sub
516 2481 547 2504 a.
578 2469 684 2514 1562)
723 2469 1019 2514 Christophorum
1046 2470 1217 2504 Kleckler
1252 2470 1505 2505 cancellarium
1540 2470 1747 2505 tirolensem
1784 2473 1820 2504 et

39 2522 293 2557 Sebastianum
321 2523 400 2557 Zott
425 2523 549 2565 fuisse,
577 2523 638 2568 qui
668 2535 709 2566 „a
735 2523 890 2557 Caesare
916 2523 992 2568 ipso
1021 2522 1173 2569 Collegij
1200 2524 1315 2559 nostri
1340 2524 1445 2569 primi
1472 2526 1695 2569 protectores
1722 2524 1815 2558 dati“

40 2578 164 2611 essent
191 2576 292 2620 (Cod.
316 2577 429 2620 „Hist.
454 2577 533 2612 coll.
554 2576 662 2611 Oen.“
692 2589 725 2622 p.
746 2577 796 2620 3).
848 2577 900 2611 Ac
926 2577 1026 2610 Zotto
1054 2576 1237 2611 Canisium
1263 2580 1321 2612 sat
1346 2577 1572 2612 :familiariter
1598 2589 1702 2612 usum
1729 2589 1819 2619 esse,

40 2641 90 2664 ex
123 2630 237 2675 ipsius
270 2630 402 2665 litteris
438 2631 494 2665 21.
522 2630 679 2674 Augusti
713 2630 804 2664 1563
839 2630 883 2664 ad
911 2631 1052 2664 Zottum
1087 2630 1182 2665 datis
1217 2631 1451 2675 intellegitur.
1502 2631 1554 2665 De
1590 2643 1659 2676 quo
1686 2633 1820 2666 Hosius

42 2683 232 2718 Monachio
269 2684 322 2719 13.
349 2684 486 2730 Aprilis
514 2684 605 2719 1560
632 2684 675 2718 ad
704 2683 999 2728 Christophorum
1033 2684 1251 2719 cardinalem
1277 2685 1498 2719 Madrutium
1525 2685 1688 2730 scripsit:
1730 2684 1819 2727 „Ex-

41 2737 225 2782 postulavi
262 2749 303 2772 ea
330 2738 372 2772 de
406 2750 445 2773 re
481 2749 561 2772 oum
597 2749 667 2771 uno
703 2749 746 2771 ex
773 2736 1017 2781 Regentibus,
1054 2737 1203 2772 Domino
1231 2738 1442 2773 Sebastiano
1470 2737 1584 2780 Goth,
1622 2749 1726 2782 quem
1754 2749 1820 2782 ego

163 2842 177 2857 ²²
201 2848 309 2871 uerae
335 2839 377 2872 Β.
476 2838 490 2858 b
516 2839 558 2872 Β.
586 2849 651 2871 om.
679 2838 792 2871 iuxta.
891 2843 902 2858 ⁰
929 2837 980 2871 ita
1005 2849 1062 2872 me
1088 2837 1157 2872 sibi
1182 2838 1224 2872 Β.
1323 2838 1338 2858 ‘1
1365 2838 1481 2872 calam
1506 2839 1548 2872 Β.

167 2943 177 2962 ¹
202 2941 242 2977 P.
262 2942 415 2977 Hermes
432 2943 621 2988 Halbpaur
647 2942 713 2976 sub
739 2942 881 2976 initium
907 2953 954 2977 m.
973 2942 1183 2978 Decembris
1203 2943 1292 2978 1561
1315 2943 1450 2978 Canisii
1475 2943 1576 2978 iussu
1594 2943 1816 2987 Ingolstadio

41 2994 282 3040 Oenipontem
309 2996 354 3042 ad
381 2996 565 3031 contiones
591 2995 776 3030 habendas
803 2998 974 3037 venerat;
1002 2996 1084 3030 vide
1110 3008 1220 3042 supra
1246 3009 1280 3042 p.
1309 2997 1389 3031 309.
1417 2997 1496 3031 312.

165 3048 178 3069 ²
209 3048 268 3091 „Q.
301 3049 473 3084 Hortensi
508 3049 700 3083 admodum
736 3048 976 3083 adolescentis
1011 3049 1216 3094 ingenium,
1250 3051 1291 3084 ut
1328 3050 1478 3084 Phidiae
1515 3049 1678 3093 signum,
1714 3050 1821 3085 simul

43 3103 230 3146 aspectum
258 3104 295 3136 et
319 3103 510 3148 probatum
537 3103 636 3137 est“:
673 3103 817 3146 Cicero,
853 3102 988 3137 Brutus
1015 3115 1044 3137 c.
1073 3104 1128 3138 64.
1173 3103 1333 3139 ,Videtur
1359 3105 1478 3138 autem
1507 3103 1630 3138 Cicero
1667 3104 1709 3138 de
1735 3104 1821 3138 Iove

42 3153 215 3200 Olympio
241 3155 350 3200 loqui,
377 3167 485 3200 quem
511 3155 660 3190 Phidias
686 3155 840 3200 insignis
866 3156 928 3190 ille
955 3157 1154 3191 statuarius
1181 3157 1404 3191 atheniensis
1429 3157 1545 3191 finxit.

1472 3216 1542 3248 22*
