2093 3444
203 211 286 252 624
339 207 496 240 Monum.
528 204 702 249 (august.)
731 204 811 238 249.
842 203 978 247 (Sacris
1004 202 1185 246 Quadrag.
1213 202 1329 246 [Febr.
1357 204 1393 236 et
1418 201 1538 246 Mart]
1566 213 1596 236 a.
1626 201 1714 236 1561
1743 203 1779 236 et
1799 201 1916 245 1562.)

200 323 519 366 institutionem
560 322 671 364 idem
708 323 907 364 Canisius
948 334 1060 362 anno
1099 321 1210 362 1562
1254 319 1315 361 010
1356 333 1537 361 exorsus
1579 322 1646 361 est
1684 319 1752 361 die
1788 321 1853 362 17.
1887 319 1969 362 Fe-

200 388 375 439 bruarii,
410 401 521 441 quae
555 390 649 429 erat
680 387 791 429 feria
824 386 898 428 ΙΙΙ.
933 388 1044 440 post,
1064 384 1335 427 Dominicam
1368 384 1400 426 Ι.
1434 384 1823 437 Quadragesimae:
1864 384 1969 433 „Est

200 454 286 496 iam
320 468 458 496 annus
490 453 602 503 fere,
638 450 751 505 quod
783 450 1103 493 Catechismum
1135 451 1328 492 tractare
1360 450 1550 503 tentauj,
1593 449 1636 491 id
1669 452 1757 499 est,
1791 449 1967 491 breuem

202 519 306 561 dare
347 518 719 568 informationem,
765 516 889 558 nouis
933 516 1005 558 uel
1048 515 1314 569 simplicibus
1355 514 1612 557 Christianis
1657 515 1709 556 de
1752 514 1968 568 precipuis

200 584 397 638 partibus
430 586 474 626 et
506 582 700 625 articulis
734 581 977 624 Christiane
1009 580 1251 633 religionis,
1293 594 1400 632 quos
1431 580 1748 632 unusquisque,
1782 579 1891 621 scire
1925 582 1969 621 et

203 649 423 691 confiteria
464 652 507 691 et
549 648 738 690 retinere
771 647 948 689 deberet
982 680 990 688 .
1023 645 1177 699 Jncepi
1219 647 1364 687 autem
1407 645 1622 687 duntaxat
1661 644 1735 686 illo
1773 647 1969 698 tempore

202 717 247 757 et
283 715 366 768 jeci
408 714 714 763 fundamenta,
759 711 974 766 sperando
1012 713 1112 765 post
1150 710 1314 764 pascha
1355 724 1653 752 successurum
1695 709 1883 762 aliquem
1925 712 1970 751 et

201 779 661 834 superaedificaturum
696 813 703 820 .
739 778 843 819 Cum
886 779 1032 819 autem
1064 776 1144 818 hoc
1178 776 1340 817 factum
1384 789 1469 816 non
1502 775 1560 817 sit
1601 777 1645 816 et
1678 788 1758 827 ego
1791 777 1970 828 propter

202 844 508 899 occupationes
540 858 625 885 non
648 843 863 897 potuerim
896 856 965 884 me
988 842 1250 896 applicare1,
1285 841 1548 882 admonuere
1569 839 1707 890 bonib,
1741 842 1790 882 ut
1820 853 1970 881 rursus

203 911 316 964 quod
348 909 642 952 intermissum
682 911 748 950 est
781 922 888 961 opus
920 908 1078 949 bonum
1112 906 1378 959 aggrederer
1416 909 1460 948 et
1491 905 1536 946 in
1568 905 1838 948 Catechismo
1870 918 1970 958 pro—

203 976 409 1029 grederer
450 974 525 1027 (ex
556 973 680 1016 huius
714 972 961 1015 *contionis
994 971 1326 1021 commentario,
1369 985 1395 1012 a
1427 970 1597 1013 Canisio
1631 969 1793 1012 dictato
1826 972 1870 1011 et
1903 982 1969 1010 re-

205 1041 393 1094 cognito.
458 1040 558 1082 Cod.
598 1039 723 1089 „Can
758 1039 809 1081 X.
833 1038 898 1079 V“
942 1038 970 1080 f.
1007 1037 1086 1089 5¹³).
1151 1037 1200 1078 In
1239 1036 1417 1078 exordio
1459 1039 1605 1078 autem
1639 1034 1851 1078 contionis
1883 1034 1971 1076 Do-

202 1106 361 1148 minica
385 1105 457 1147 III.
482 1103 851 1157 Quadragesimae
878 1102 935 1156 (1.
961 1102 1126 1155 Martii)
1155 1104 1265 1143 1562
1290 1115 1417 1143 mane
1449 1101 1493 1142 111
1516 1100 1756 1143 cathedrali
1788 1099 1970 1142 ecclesia

203 1174 449 1225 augustana
492 1169 667 1212 habitae
712 1170 932 1223 Cmn’si'zcs,
979 1170 1209 1222 postquam
1255 1167 1307 1208 de
1350 1168 1682 1220 praeceptorum
1727 1165 1969 1207 divinorum

203 1236 572 1278 observandorum
607 1234 869 1277 necessitate
902 1247 1041 1287 pauca
1073 1232 1201 1283 dixit,
1235 1232 1296 1274 sic
1328 1232 1544 1286 perrexit:
1586 1231 1773 1275 „Verum
1806 1231 1858 1272 de
1889 1230 1970 1271 1100

203 1302 343 1344 (1103111
385 1302 510 1356 plura
551 1303 651 1355 post
691 1299 920 1354 prandium
955 1334 963 1342 .
998 1298 1150 1351 Cogito
1193 1298 1305 1339 enim
1348 1297 1473 1339 hodie
1514 1297 1627 1338 sicut
1668 1299 1771 1338 ante
1811 1309 1970 1337 annum

202 1367 367 1410 factum
412 1370 499 1416 est,
546 1365 659 1420 apud
704 1366 756 1408 D.
789 1365 1002 1407 Joannem
1048 1363 1210 1416 aliquid
1252 1363 1394 1404 dicere
1436 1362 1487 1404 de
1531 1361 1831 1404 Cathechismo
1873 1374 1970 1414 per-

204 1433 413 1474 currendo
436 1431 692 1486 praecipuos
715 1430 922 1472 articulos
943 1429 1041 1471 fidei
1065 1431 1213 1470 nostre
1235 1431 1284 1470 ut
1306 1427 1530 1481 simplicib.
1555 1426 1786 1480 necessarij
1812 1423 1970 1480 [sunt],

204 1501 248 1540 et
281 1498 483 1551 quoniam
517 1497 568 1539 de
600 1497 683 1538 fide
725 1498 769 1538 et
809 1509 887 1549 spe
920 1494 1066 1544 docui,
1109 1493 1312 1548 incipiam
1346 1493 1398 1534 de
1431 1492 1646 1535 charitate
1688 1494 1732 1534 et
1765 1491 1970 1544 decalogo

204 1563 397 1606 breuiter
428 1575 681 1616 proponere.
746 1560 969 1615 Sperando
1003 1559 1114 1613 quod
1148 1559 1304 1601 saltem
1346 1558 1477 1610 aliqui
1511 1558 1721 1599 accedent
1759 1570 1837 1598 nec
1871 1570 1971 1598 con—

203 1630 400 1671 temnent
432 1627 669 1669 salutarem
703 1625 969 1668 doctrinan?
1017 1624 1091 1677 (ex
1123 1624 1249 1666 huius
1291 1623 1538 1665 *contionis
1570 1621 1902 1672 commentario,
1946 1634 1972 1662 a

203 1693 374 1735 Canisio
409 1693 571 1734 dictato
615 1694 658 1734 et
691 1691 934 1733 emendato.
988 1690 1157 1740 Verba,
1201 1702 1311 1742 quae
1348 1689 1475 1730 modo
1507 1687 1733 1742 proposui,
1777 1686 1972 1729 Canisius

203 1773 281 1801 sua
315 1773 445 1800 manu
477 1758 519 1799 in
553 1756 749 1811 margine
782 1755 996 1810 ascripsit.
1062 1755 1162 1798 Cod.
1205 1754 1327 1805 „Can
1363 1754 1413 1796 X.
1449 1754 1506 1795 T“
1546 1753 1575 1796 f.
1613 1752 1750 1806 135b).

323 1845 573 1880 Catecheticae
600 1847 719 1879 autem
745 1844 829 1878 illae
856 1843 1039 1878 contiones
1066 1854 1157 1876 anno
1179 1842 1265 1876 1561
1296 1853 1315 1875 a
1336 1840 1478 1875 Canisio
1496 1840 1640 1875 habitae
1659 1842 1813 1881 exstare,
1841 1838 1971 1884 partim

202 1899 341 1940 saltem,
371 1900 537 1933 videntur
563 1899 597 1932 in
624 1898 745 1932 codice
777 1897 1060 1940 „miscellaneo“‚
1088 1898 1128 1930 ut
1155 1895 1317 1936 dicimus,
1343 1895 1403 1939 qui
1430 1896 1597 1937 signatus
1615 1896 1671 1928 est
1693 1893 1852 1938 „Scripta
1870 1892 1910 1926 B.
1930 1892 1970 1926 Ρ.

203 1952 337 1987 03111011
363 1953 405 1986 X.
433 1953 498 1987 D“.
550 1952 617 1986 Hic
644 1952 738 1986 enim
765 1951 896 1991 codex,
932 1962 1001 1995 quo
1029 1949 1194 1984 canisius
1230 1948 1314 1983 olim
1349 1948 1537 1989 utebatur,
1573 1948 1597 1982 f.
1625 1947 1857 1982 2302—2452
1892 1949 1970 1980 octo

202 2006 361 2040 continet
386 2017 569 2040 sermones
595 2006 637 2039 de
664 2005 825 2039 doctrina
858 2003 1055 2038 christiana
1091 2002 1232 2036 habitos
1268 2004 1303 2035 et
1338 2001 1469 2046 partim
1503 2012 1612 2035 manu
1639 2000 1676 2034 P.
1706 1999 1887 2035 Guilielmi
1914 1998 1970 2033 El-

202 2059 309 2093 deren
337 2059 370 2093 S.
399 2059 451 2097 J.,
487 2059 545 2103 qui
582 2070 673 2092 anno
702 2059 789 2093 1561
820 2058 1006 2100 Augustae
1034 2055 1216 2090 Canisium
1252 2055 1466 2096 adiuvabat,
1497 2054 1627 2099 partim
1654 2053 1794 2087 externi
1820 2052 1971 2086 alieuius

202 2124 329 2153 manu,
366 2124 456 2156 quae
483 2113 591 2146 etiam
618 2111 653 2145 in
680 2111 800 2146 codice
827 2111 1031 2145 contionum
1058 2120 1079 2143 a
1105 2109 1137 2143 2.
1166 2108 1245 2142 Iulii
1273 2109 1316 2142 ad
1346 2108 1398 2142 13.
1426 2107 1635 2141 Decembris
1664 2107 1754 2141 1560
1781 2117 1801 2139 3
1829 2105 1970 2140 Canisio

201 2165 405 2200 habitarum
435 2165 559 2209 („Can.
587 2165 629 2199 X.
658 2164 729 2205 Βῆ
767 2176 800 2198 v.
829 2176 862 2208 g.
899 2164 923 2197 f.
960 2162 1116 2205 32—39)
1155 2164 1323 2207 apparet,
1358 2161 1524 2206 scriptos.
1575 2160 1711 2202 Quibus
1745 2159 1970 2194 sermonibus

201 2231 268 2254 1100
293 2219 394 2253 100110
420 2219 574 2263 quidem,
600 2230 666 2252 nec
691 2221 835 2263 tempus
861 2217 1019 2262 ascripta
1044 2218 1148 2256 sunt;
1185 2217 1222 2249 at
1247 2227 1292 2249 ex
1318 2214 1406 2260 ipsis
1432 2213 1671 2258 cognoscitur,
1697 2224 1758 2247 eos
1783 2214 1969 2256 Augustae

208 2284 289 2317 „pro
315 2272 513 2306 iunioribus
539 2275 573 2306 et
599 2271 818 2306 senioribus“
850 2270 991 2305 habitos
1015 2281 1094 2304 esse
1113 2281 1153 2303 eo
1172 2268 1255 2302 anni
1278 2270 1467 2313 „teinpore,
1493 2267 1552 2302 ubi
1573 2267 1725 2311 quisque
1744 2265 1970 2301 Christianus

203 2337 241 2360 se
269 2326 455 2371 disponere
482 2328 518 2360 et
543 2326 722 2359 instruere
749 2324 858 2358 habet
884 2323 928 2357 ad
955 2323 1185 2358 sanctissima
1203 2322 1447 2362 Sacramenta,
1473 2332 1513 2355 so
1538 2320 1609 2355 lieb
1636 2320 1689 2354 als
1714 2319 1776 2354 ihn
1802 2321 1880 2363 gott
1899 2318 1970 2352 vnd

203 2380 325 2422 gottes
350 2379 454 2413 kirch
480 2379 546 2413 ist“
580 2378 618 2422 (l.
646 2390 677 2412 0.
704 2378 727 2412 f.
756 2377 875 2421 235³),
903 2377 981 2411 sive
1007 2376 1043 2410 in
1074 2374 1397 2419 „Quad1·agesima“
1430 2374 1468 2418 (f.
1488 2374 1608 2417 23912).
1643 2374 1696 2407 Ac
1722 2384 1802 2407 cum
1829 2384 1874 2406 ex
1899 2382 1970 2405 una

202 2434 305 2477 parte
324 2432 489 2466 Canisius
515 2432 551 2465 in
577 2431 621 2465 iis
647 2443 691 2465 ne
716 2442 786 2464 uno
814 2430 956 2474 quidem
983 2429 1093 2463 verbo
1119 2429 1309 2472 significet,
1336 2440 1375 2462 se
1392 2427 1636 2473 superioribus
1654 2437 1794 2471 quoque
1812 2425 1971 2467 Quadra-

203 2484 351 2528 gesimis
378 2485 561 2519 contiones
588 2484 830 2518 catecheticas
855 2483 1035 2524 habuisse,
1063 2494 1108 2516 ex
1134 2482 1249 2516 altera
1277 2484 1397 2516 autem
1424 2481 1598 2515 eiusmodi
1615 2479 1798 2514 contiones
1815 2479 1970 2524 primum

203 2550 235 2572 a.
264 2538 352 2572 1561
381 2537 524 2572 habitas
549 2549 629 2572 esse
655 2538 796 2572 constet
831 2536 930 2580 (vide
965 2547 1075 2581 supra
1101 2548 1134 2580 p.
1162 2536 1265 2579 615),
1301 2535 1371 2569 13111
1408 2533 1562 2569 dubitari
1597 2533 1662 2568 vix
1695 2532 1845 2578 poterit,
1884 2531 1970 2576 quin

203 2591 311 2626 huius
337 2592 469 2626 codicis
495 2591 678 2626 contiones
704 2602 735 2625 a.
764 2590 852 2624 1561
881 2589 1055 2624 recitatae
1081 2589 1164 2623 sint.

323 2675 495 2717 Primae
527 2677 672 2717 autem
705 2672 951 2715 *contionis
985 2671 1341 2714 commentarium
1375 2670 1434 2712 010
1467 2669 1644 2724 incipit:
1685 2668 1861 2719 „Modus
1894 2668 1969 2710 do-

205 2741 328 2783 cendi
361 2739 721 2783 Catechismum2.
786 2738 1056 2791 Relegantur
1097 2738 1153 2779 ad
1184 2737 1364 2779 verbum
1405 2735 1449 2777 in
1481 2734 1662 2789 singulis
1700 2732 1968 2783 lectionibus,

323 2870 337 2883 «Ἰ
363 2865 385 2896 2
410 2874 458 2896 vv.
485 2874 557 2906 sqq.
584 2872 607 2894 a
636 2861 672 2895 C.
701 2862 776 2904 ipso
803 2862 926 2894 addita
951 2864 1045 2894 sunt.

323 2916 338 2936 b
365 2917 426 2949 Sic
450 2917 524 2959 ipse
548 2915 629 2948 libr.
657 2915 832 2958 cor-remit,
871 2915 964 2958 quod
988 2915 1202 2957 scripserat:
1235 2911 1421 2946 admonuit
1444 2922 1502 2944 me
1527 2912 1690 2954 tempus,
1729 2910 1765 2942 et
1797 2907 1969 2942 bonorum

206 2969 428 3013 quorundam
454 2969 547 3003 bona
573 2966 724 3001 intentio
749 2966 938 3012 permonit.

327 3080 337 3100 ¹
363 3079 467 3113 Domi
493 3078 587 3113 Socii
613 3077 807 3121 augustani
842 3079 878 3111 et
912 3088 1003 3111 anno
1032 3076 1123 3111 1560
1158 3077 1194 3109 et
1228 3086 1259 3109 a.
1288 3074 1376 3109 1561
1413 3084 1542 3119 pueros
1577 3072 1738 3107 doctrina
1773 3070 1968 3106 christiana

204 3131 364 3166 imbuere
390 3133 572 3173 solebant;
598 3131 682 3166 vide
710 3132 796 3165 Can.
824 3130 914 3175 Epp.
939 3130 985 3173 II,
1011 3129 1092 3170 863,
1118 3130 1154 3163 et
1179 3139 1288 3173 supra
1313 3139 1346 3172 p.
1373 3127 1453 3161 596.
1481 3127 1559 3161 599.
1587 3126 1668 3160 604.

325 3186 339 3206 2
369 3185 672 3227 „Catechismus“,
697 3183 816 3229 inquit
843 3184 1011 3217 Ccmisizcs
1035 3183 1072 3217 in
1098 3182 1222 3216 eadem
1248 3181 1430 3221 contione,
1471 3181 1547 3222 „est
1570 3189 1658 3213 vera.
1684 3180 1720 3212 et
1744 3177 1836 3212 bona
1860 3176 1968 3210 infor-
