2093 3444
216 216 300 255 661
421 212 577 245 Monuni.
608 210 841 255 (augustana)
872 211 950 246 271.
981 213 1095 256 (luter
1120 226 1166 248 m.
1193 214 1397 248 Ianuarium
1425 216 1460 249 et
1485 215 1622 249 Maium
1650 216 1768 260 1561.)

215 329 305 362 duae
333 326 521 360 Comitisse
548 328 776 371 praestantes
802 338 892 370 quas
925 327 1025 362 breui
1053 328 1110 371 (vt
1135 328 1338 374 speramus)
1369 329 1510 364 Christo
1546 333 1582 364 et
1607 330 1790 365 Ecclesiae
1816 331 1980 366 restitue-

213 381 311 414 11105“ι
345 379 469 424 (supra
487 391 521 424 p.
542 379 709 421 15—16).
744 381 840 413 Idem
866 380 902 414 in
927 380 1060 416 litteris
1078 382 1243 425 Augusta
1266 383 1318 416 19.
1338 382 1494 416 Ianuarii
1515 384 1601 417 1561
1624 384 1667 417 ad
1686 383 1848 417 Lainium
1875 384 1979 425 datis,

213 436 403 478 postquam
431 432 605 477 Sibyllam
631 432 658 466 F
662 444 834 476 uggeram
862 433 1076 469 catholicam
1103 436 1237 469 factam
1265 447 1343 469 esse
1369 436 1549 470 narravit:
1581 436 1828 481 ,Speramus“‚
1854 437 1981 482 inquit,

218 486 387 528 „alteram
414 497 554 529 quoque
583 485 829 527 Comitissam,
866 498 958 531 quae
986 487 1019 521 in
1048 488 1174 533 ijsdem
1202 492 1368 522 uersatur
1394 489 1559 529 aedibus.
1593 489 1716 523 eodem
1742 490 1796 524 dei
1823 501 1980 531 munere,

213 539 313 574 breui
349 539 564 573 catholicam
591 539 667 573 fore
702 551 773 573 una
808 551 888 573 cum
916 540 1073 581 Comite,
1110 542 1171 586 qui
1207 545 1243 576 et
1277 542 1353 587 ipse
1379 542 1614 586 Fuggeranae
1649 543 1806 577 familiae
1831 555 1979 578 onrem

213 593 322 626 habet
347 592 478 626 filiam“
511 593 635 637 (supra
661 605 694 637 p.
722 592 796 636 20).
839 593 878 627 P.
908 595 1118 629 Gnilielnms
1144 596 1294 629 Elderen
1325 594 1358 629 S.
1387 596 1418 629 J.
1447 598 1564 629 autem
1592 596 1648 630 25.
1676 596 1860 631 Februarii
1889 597 1976 631 1561

214 646 327 680 Sociis
366 646 627 680 coloniensibus
666 646 834 691 scripsit:
883 646 1042 691 Sibyllae
1080 648 1268 692 Fuggerae
1314 649 1374 686 (cf.
1414 660 1520 693 supra
1564 661 1595 694 p.
1632 650 1693 693 20)
1746 650 1801 690 ,in
1849 650 1981 684 nostris

214 700 397 745 exercitijs
428 699 676 744 spiritualibus
703 699 894 734 Comitissa
921 701 991 735 alia
1017 702 1211 736 successit-“
1246 703 1343 742 (vide
1369 714 1496 747 supra,
1528 714 1560 747 p.
1588 703 1685 745 587).
1735 704 1786 737 Ac
1813 703 1853 738 P.
1879 705 1979 738 Hur-

212 755 318 787 tadus
354 753 464 787 Pei-ez
500 753 668 795 Augusta
709 754 760 788 15.
796 753 917 787 Martii
959 755 1046 789 1561
1088 754 1210 789 Lainio
1250 755 1291 789 de
1332 755 1474 790 Canisio
1512 756 1671 790 rettulit:
1722 756 1851 798 „Quasi
1895 757 1981 800 ogni

215 806 249 840 di
286 807 374 840 (1000
408 806 520 840 andar
558 806 660 839 fuora
695 818 758 850 per
794 807 857 840 dar
892 807 1111 853 l'essercitij
1150 809 1193 842 ad
1228 820 1300 842 vna
1343 808 1487 852 signora
1523 809 1557 842 di
1591 809 1702 843 molta
1736 810 1977 854 importanza“

217 859 342 904 (supra
364 872 396 904 p.
418 859 500 903 72);
527 859 656 904 quibus
683 860 804 894 verbis
830 860 988 894 eiusdem
1016 862 1221 896 comitissae
1249 862 1420 896 exercitia
1447 862 1643 905 significari
1663 862 1815 903 dixeris3
1841 863 1982 906 integra

215 914 309 946 enim
335 913 369 948 S.
396 913 529 957 Ignatii
565 913 737 947 exercitia
764 913 914 957 triginta
939 914 1014 948 fere
1041 915 1116 949 dies
1143 915 1429 960 complectuntur
1466 915 1563 959 (vide
1594 916 1680 950 Can.
1707 915 1798 961 Epp.
1824 916 1858 957 Ι,
1887 915 1979 958 75¹).

213 968 369 1000 Elderen
395 969 515 1000 autem
540 966 673 1001 litteris
699 968 866 1009 Augusta
899 967 930 1002 8.
958 967 1044 1002 Maii
1073 969 1160 1002 1561
1190 968 1284 1002 datis
1316 980 1373 1002 res
1399 980 1419 1003 a
1446 968 1559 1003 Sociis
1585 970 1796 1013 augustanis
1831 981 1862 1003 a.
1892 970 1980 1003 1559

214 1020 258 1054 ad
288 1020 375 1054 1561
404 1022 527 1064 gestas
553 1020 813 1065 complectens:
855 1020 1035 1063 „Comes“,
1072 1021 1205 1065 inquit,
1245 1033 1357 1064 „unus
1383 1022 1417 1055 in
1444 1022 1690 1067 spiritualibus
1716 1023 1849 1057 nostris
1875 1022 1982 1056 medi-

213 1073 410 1107 tationibus
437 1085 497 1108 eos
522 1073 609 1107 fecit
636 1085 868 1118 progreSSUS.
905 1076 945 1108 vt
971 1075 1111 1109 abiecta
1138 1075 1279 1109 demum
1312 1076 1406 1109 omni
1433 1076 1579 1120 perfidia
1612 1078 1720 1120 atque
1746 1076 1982 1110 haesitatione

215 1139 259 1160 ex
287 1126 491 1161 Lutherano
519 1126 728 1161 Catholicus
754 1130 851 1161 totus
878 1128 1053 1169 euaserit,
1093 1128 1153 1172 qui
1179 1130 1302 1162 nostra
1338 1129 1447 1163 etiam
1473 1141 1581 1174 opera
1606 1130 1758 1174 primum
1795 1129 1831 1163 in
1857 1128 1981 1163 Sacra-

213 1180 344 1214 mentis
370 1180 608 1225 suscipiendis
635 1181 688 1214 vti
715 1181 839 1215 uoluit.
892 1181 997 1215 Jdem
1022 1181 1236 1216 beneficium
1263 1182 1340 1216 0105
1366 1182 1467 1216 vxori
1495 1183 1687 1227 praediuiti
1712 1182 1854 1217 accidit.
1901 1182 1984 1216 Fuit

214 1235 250 1267 et
285 1233 400 1268 altera
427 1233 637 1275 eomitissa,
672 1245 763 1278 quae
799 1234 970 1279 plurimos
1006 1246 1118 1269 annos
1154 1235 1188 1269 in
1215 1235 1355 1269 haeresi
1392 1235 1572 1270 obstinata
1607 1236 1719 1270 vixit“
1760 1238 1827 1270 etc.
1859 1236 1983 1281 (supra

213 1298 246 1331 p.
274 1287 491 1330 594—595).
525 1287 571 1321 Et
596 1288 688 1321 idem
713 1288 879 1332 Augusta
907 1288 962 1322 22.
989 1288 1081 1322 Iunii
1107 1289 1195 1323 1561
1228 1288 1313 1332 (quo
1343 1292 1503 1334 tempore
1534 1289 1699 1323 Canisius
1725 1289 1811 1323 urbe
1838 1288 1979 1331 aberat)

214 1339 363 1374 Romam
399 1339 591 1385 *scripsitz
631 1340 821 1383 „Pluribus
856 1353 963 1385 agere
999 1341 1323 1386 inpraesentiarum
1358 1354 1428 1375 non
1464 1342 1579 1376 datur.
1632 1342 1770 1377 Euocor
1805 1342 1899 1376 enim
1937 1342 1982 1376 ad

214 1393 408 1428 audiendas
435 1394 686 1428 Confessiones
714 1394 863 1428 Comitis
888 1406 1002 1438 nuper
1028 1395 1202 1436 conuersi,
1230 1398 1265 1429 et
1292 1395 1495 1429 comitissae
1522 1395 1681 1430 eiusdem
1708 1395 1888 1439 coniugis“
1922 1396 1982 1439 (ex

215 1446 449 1491 autographo.
502 1446 586 1482 Cod.
619 1447 681 1489 „G.
708 1447 772 1492 Ep.
799 1448 855 1482 I[“
886 1448 910 1482 f.
941 1448 1058 1491 112³).

332 1499 371 1534 P.
391 1500 582 1535 Francisco
601 1500 775 1535 Saccliino
794 1501 827 1535 S.
847 1501 890 1541 J.‚
918 1512 1093 1545 quaenam
1114 1501 1284 1535 nobilium
1311 1501 1451 1536 illorum
1478 1501 1619 1536 nomina
1647 1504 1778 1543 0550111,
1806 1514 1850 1536 ex
1870 1503 1982 1536 Sociis

214 1556 424 1598 ‹tityus-tanis
455 1554 661 1598 quaerenti,
702 1554 764 1596 „ad
802 1555 998 1589 secundum
1031 1555 1196 1588 dubium“
1227 1555 1293 1589 hoc
1328 1555 1378 1589 ita
1409 1556 1657 1600 „responsum“
1695 1558 1751 1590 est
1788 1556 1847 1598 (cf.
1874 1567 1984 1600 supra

215 1619 247 1652 p.
267 1607 373 1650 662):
405 1608 466 1648 „st
484 1607 523 1640 P.
544 1607 740 1651 Gregorius
759 1608 970 1653 Rosephius,
999 1608 1056 1652 qni
1077 1608 1115 1642 P.
1136 1608 1278 1643 Canisio
1306 1609 1340 1642 in
1367 1609 1599 1643 concionandi
1624 1620 1771 1643 munere
1797 1609 1983 1647 successit.

214 1660 349 1695 iudicat
375 1660 418 1694 ob
437 1672 568 1703 graves
596 1672 726 1695 causas
752 1664 789 1695 et
813 1661 1012 1706 periculum
1040 1662 1246 1696 offensionis
1272 1661 1485 1706 aliquorum,
1511 1674 1580 1696 non
1608 1673 1686 1696 esse
1705 1662 1844 1697 solicite
1870 1662 1983 1706 inqui-

214 1714 374 1751 rendum.
401 1714 513 1748 multo
539 1714 657 1749 minus
684 1715 927 1756 scribendum,
955 1715 1036 1759 quis
1062 1715 1122 1748 ille
1148 1727 1266 1749 comes
1294 1718 1329 1749 et
1356 1715 1547 1750 Comitissa
1572 1716 1693 1750 fuerit.
1745 1716 1853 1750 Putat
1878 1716 1988 1754 enim,-

214 1767 400 1811 Fuggeros
435 1769 471 1801 et
505 1767 668 1812 inprimis
704 1768 818 1812 ipsam
854 1768 1024 1802 comitum
1061 1768 1236 1802 familiam
1271 1768 1398 1803 merito
1434 1769 1565 1803 offendi
1600 1780 1725 1814 posse,
1760 1769 1791 1803 si
1825 1768 1984 1803 familiae

215 1832 381 1865 proceres
406 1822 576 1855 notentur
601 1821 756 1866 publicis
782 1821 954 1867 Scriptis,
989 1821 1150 1856 haeresis
1186 1821 1265 1856 labe
1292 1822 1404 1856 fuisse
1435 1822 1570 1856 infecti.
1622 1822 1730 1856 Cuius
1756 1823 1869 1867 patris
1896 1822 1983 1856 iudi-

215 1874 307 1908 cium
335 1886 403 1908 non
428 1876 514 1919 puto
540 1874 798 1918 negligendum
825 1902 832 1909 .
859 1878 900 1909 ut
925 1878 1057 1915 tamen,
1085 1887 1176 1919 quae
1202 1875 1413 1919 inquirendo
1439 1887 1655 1919 cognoscere
1681 1875 1791 1920 potui,
1817 1875 1982 1913 scribam,

215 1927 368 1961 arbitror
393 1927 567 1972 inprimis,
595 1928 736 1962 eosdem
764 1940 843 1962 esse
871 1929 1035 1962 comitem
1063 1931 1099 1963 et
1125 1929 1356 1969 comitissam,
1383 1940 1471 1973 quos
1497 1929 1536 1963 P.
1561 1929 1728 1964 Canisius
1754 1931 1790 1963 et
1817 1928 1867 1963 .Ρ.
1888 1928 1981 1963 Guil.

214 1980 414 2015 Elderenus
449 1981 485 2014 in
520 1982 594 2015 suis
629 1981 745 2015 literis
780 1982 985 2025 significant
1022 2010 1028 2016 .
1065 1982 1192 2016 deinde
1227 1982 1403 2026 probabili
1439 1982 1642 2017 coniectura
1678 1981 1847 2026 cognovi,
1883 1981 1982 2015 illum

215 2035 380 2068 comitem
420 2034 531 2069 fuisse
570 2046 591 2068 a
625 2035 826 2076 Mondf01t,
866 2036 927 2079 qni
962 2036 1030 2069 fuit
1068 2035 1271 2070 hacreticus
1309 2038 1345 2069 et
1379 2035 1504 2069 habuit
1540 2036 1726 2079 coniugem
1765 2047 1810 2070 ex
1847 2035 1984 2069 familia

214 2087 415 2131 Fuggerica
433 2087 663 2130 haereticam,
690 2100 782 2132 quae
809 2090 863 2122 est
882 2100 1066 2130 conversa,
1095 2092 1130 2123 et
1156 2089 1198 2122 de
1217 2088 1285 2123 1100
1310 2089 1473 2123 meminit
1491 2088 1656 2123 Canisius
1674 2088 1810 2123 ultimis
1829 2088 1950 2122 verbis
1960 2095 1983 2129 ³,

215 2142 276 2185 qui
312 2143 347 2175 et
383 2141 458 2186 ipsc
485 2141 721 2185 Fuggeranae
748 2142 907 2176 familiae
944 2154 1090 2176 uxorem
1117 2142 1226 2176 habet
1260 2142 1392 2182 filiams:
1429 2143 1577 2176 ethaeo
1612 2142 1690 2187 ipsa
1725 2153 1803 2176 esse
1830 2142 1983 2182 videtur,

216 2195 258 2228 de
294 2206 363 2238 qua
392 2194 589 2229 Elderenus
623 2195 748 2229 scribit
783 2195 879 2229 Idem
916 2195 1128 2229 beneficium
1155 2195 1231 2229 0105
1257 2196 1361 2230 uxori
1388 2195 1581 2240 praediviti
1607 2195 1748 2230 accidit.
1788 2194 1854 2229 Illa
1880 2206 1983 2240 porro

216 2246 427 2289 Comitissa,
464 2248 507 2282 de
533 2260 604 2292 qua
631 2248 827 2283 Elderenus
853 2249 904 2282 sic
931 2249 1087 2283 scribere
1114 2249 1238 2294 incipit
1264 2249 1346 2282 Fuit
1372 2249 1486 2283 altera
1514 2249 1723 2289 (3001111550,
1761 2260 1851 2292 qnae
1877 2248 1983 2293 pluri-

183 2322 189 2329 ·
216 2312 293 2334 mos
319 2303 407 2342 etc.‚
434 2304 490 2335 est
515 2301 596 2342 illa,
623 2313 730 2345 quam
757 2302 922 2336 Canisius
948 2303 1061 2347 primo
1087 2301 1165 2336 loco
1191 2302 1310 2346 ponit,
1346 2301 1513 2336 nimirum
1541 2301 1676 2346 Sybilla
1703 2301 1817 2335 Marci
1843 2301 1983 2335 coniux.

216 2354 326 2388 Porro
355 2353 518 2389 Canisius
544 2355 674 2389 tertiae
700 2355 873 2396 meminit,
900 2356 942 2389 de
969 2366 1039 2399 qua
1066 2357 1187 2389 tamen
1214 2355 1307 2400 apud
1334 2354 1547 2389 Elderenum
1574 2354 1663 2388 nihil
1689 2355 1859 2395 habetur;
1886 2353 1984 2388 illam

217 2407 371 2441 arbitror
397 2419 476 2441 esse
494 2407 665 2442 Ursulam
684 2408 1023 2443 Liechtenstainiam
1050 2408 1239 2450 coniugem
1265 2408 1406 2442 Domini
1425 2408 1571 2451 Georgii
1589 2408 1745 2452 Fuggeri
1772 2410 1807 2442 et
1833 2410 1984 2442 matrem

217 2459 358 2494 Domini
378 2460 535 2506 Philippi
553 2461 710 2495 Eduardi
729 2461 896 2505 Fuggeri‚
921 2461 1036 2495 nostri
1062 2461 1221 2506 primarii
1245 2461 1485 2495 benefactoris
1512 2464 1546 2495 et
1573 2472 1619 2495 ex
1645 2463 1747 2506 parte
1773 2461 1984 2499 fundatoris,

218 2513 306 2547 haec
333 2513 426 2547 enim
453 2514 561 2548 etiam
587 2514 705 2548 studio
738 2517 773 2548 et
800 2526 907 2559 opera
935 2513 1067 2548 Canisii
1095 2525 1269 2548 conversa
1295 2516 1369 2555 est,
1406 2516 1441 2548 et
1468 2514 1543 2548 eius
1569 2514 1731 2548 meminit
1755 2514 1795 2548 P.
1822 2513 1984 2548 Raderus

217 2566 278 2600 fol.
306 2567 350 2600 92
376 2566 400 2600 1.
428 2567 458 2601 1.
487 2579 526 2601 ,0.
553 2567 586 2601 9.
636 2567 840 2601 Notandum
866 2579 971 2608 vero,
999 2568 1091 2611 quod
1118 2579 1138 2601 a
1164 2566 1204 2602 P.
1232 2567 1374 2601 Canisio
1400 2570 1551 2602 vocatur
1577 2567 1788 2609 Comitissa,
1815 2567 1897 2601 dum
1923 2566 1984 2606 ait,

219 2620 432 2665 Speramus7
471 2620 622 2654 alteram
657 2632 797 2664 quoque
825 2620 1073 2661 Comitissam,
1110 2632 1200 2665 quae
1235 2620 1271 2654 in
1306 2621 1432 2655 iisdem
1469 2623 1555 2662 etc.,
1595 2631 1676 2654 cum
1709 2622 1849 2654 tantum
1875 2619 1986 2654 fuerit

219 2673 431 2715 Baronissa,
467 2676 508 2708 ut
541 2673 656 2718 ipsius
690 2673 785 2708 filius
820 2674 936 2708 adhuc
971 2675 1155 2718 superstes
1181 2674 1355 2708 Dominus
1381 2674 1570 2719 Philippus
1596 2673 1784 2708 Eduardus
1818 2674 1983 2707 testatur.

220 2726 318 2761 Haec
353 2738 416 2772 pro
451 2727 701 2761 informatione
737 2727 781 2761 ad
816 2728 981 2771 quaesita
1015 2727 1231 2772 respondere
1266 2727 1382 2768 volui,
1421 2739 1513 2772 quae
1548 2729 1691 2761 tantum
1728 2738 1771 2761 ex
1811 2725 1984 2760 relatione

219 2778 352 2820 habeo;
389 2792 470 2814 nam
497 2780 644 2814 annales
670 2780 875 2824 Augustani
910 2779 999 2814 nihil
1026 2780 1068 2814 de
1095 2780 1150 2814 his
1177 2780 1367 2814 comitibus
1393 2780 1537 2814 habent.
1588 2780 1698 2814 Porro
1724 2791 1768 2813 ne
1794 2779 1985 2823 quisquam

220 2833 430 2875 offendatur,
457 2834 547 2868 satis
572 2833 739 2868 fortassis
766 2833 842 2874 erit,
870 2835 951 2878 post
971 2844 1023 2869 ea.
1050 2844 1141 2877 quae
1160 2833 1285 2867 scribit
1304 2833 1475 2874 Raderus,
1503 2833 1730 2877 subiungere,
1758 2832 1880 2866 eodem
1898 2833 1984 2865 tem-

220 2897 305 2930 pore
331 2886 420 2921 alias
447 2898 586 2931 quoque
611 2886 774 2921 illustres
798 2897 971 2931 personas
997 2897 1191 2920 conversas
1216 2886 1349 2927 fuisse;
1376 2886 1478 2921 salvo
1504 2888 1625 2920 tamen
1649 2886 1799 2920 aliorum
1817 2884 1979 2919 iudicio.“

221 2938 434 2973 Sacchinum
468 2939 638 2974 iudicium
663 2940 731 2974 hoc
756 2942 919 2974 secutum
945 2950 1043 2979 esse,
1079 2939 1295 2974 narrationis
1327 2951 1435 2985 supra
1470 2951 1503 2984 p.
1531 2939 1719 2974 662—663
1754 2938 1891 2983 positae
1926 2949 1984 2971 ex-

221 2993 334 3025 trema
363 3004 445 3036 pars
471 2993 639 3027 ostendit.

341 3142 354 3156 ³
380 3136 424 3168 Inv
442 3136 572 3169 arc-het.
589 3136 706 3168 subter
723 3146 772 3168 rr.
790 3146 874 3178 sqq„
902 3145 1009 3178 usqne
1026 3134 1073 3167 ad
1090 3132 1201 3167 filiam
1220 3135 1314 3178 incl7
1339 3139 1369 3167 et
1386 3135 1504 3167 subter
1522 3133 1632 3173 Idem,
1657 3143 1766 3176 usque
1783 3132 1830 3165 ad
1854 3130 1986 3165 accidit

223 3189 317 3231 {nr-L,
344 3189 456 3221 le'neae
481 3189 604 3222 cinctae
628 3193 733 3229 sunm
757 3189 921 3221 similiter
942 3188 1055 3230 paulo
1081 3187 1183 3229 infra
1210 3187 1328 3220 subter
1346 3186 1426 3220 Fuit
1445 3205 1490 3209 —
1508 3188 1575 3220 etc.
1595 3191 1624 3219 et
1643 3185 1835 3230 Speramus
1851 3203 1898 3207 -
1916 3186 1984 3218 etc.
