2093 3444
550 224 707 258 Monuni.
738 224 971 268 (augustana)
1002 226 1081 260 ⁶272.
1111 226 1389 271 (1560-158‘2.)
1767 231 1850 272 665

201 340 326 376 Socius
352 344 472 376 autem
500 342 560 376 ille
587 345 812 386 augustanus
837 345 932 376 certe
960 343 995 376 in
1022 355 1061 377 eo
1080 344 1204 388 lapsus
1231 346 1295 380 est.
1323 345 1416 389 quod
1440 344 1709 386 „Comitissaiffl
1741 344 1851 385 illam,

83 405 189 438 quam
216 395 250 428 in
277 395 403 429 iisdem
436 395 584 429 aedibus
616 398 725 440 atque
752 396 927 440 Sibyllam
956 396 1158 440 Fuggeram
1191 397 1355 432 habitare
1389 400 1424 432 et
1450 398 1523 432 Deo
1550 398 1702 443 propitio
1733 398 1853 441 „breui

83 447 295 483 catholicam
322 449 419 483 fore“
442 448 608 483 Canisius
629 450 682 484 19.
701 449 857 483 Ianuarii
879 450 966 483 1561
997 450 1141 494 scripsit
1162 450 1284 495 (supra
1304 463 1336 496 p.
1358 451 1431 494 20),
1460 451 1630 486 Ursulam
1648 452 1852 496 Fuggeram

81 500 195 535 fuisse
231 501 467 536 existimavit.
518 502 616 536 Haec
653 503 746 536 enim
783 514 823 536 eo
858 504 1014 547 tempore
1050 504 1119 537 iam
1155 515 1303 548 prorsus
1329 504 1506 549 planeque
1542 504 1719 539 catholica
1755 506 1852 545 erat;

81 553 163 588 vide
189 565 298 599 supra
323 567 355 600 p.
384 555 472 595 6533
500 556 650 595 accedit,
677 556 770 600 quod
798 555 936 600 Sibylla
962 555 997 589 in
1025 556 1100 590 foro
1128 557 1266 591 vinario
1294 556 1420 602 (supra
1446 569 1478 602 p.
1504 558 1600 601 655),
1627 569 1736 602 prope
1762 560 1850 592 tem-

81 607 178 651 plum
215 607 249 642 S.
276 608 456 650 Mauritii,
492 608 625 642 Ursula
660 610 695 643 in
731 609 810 643 vico
851 607 1176 652 „Cleesatlergasse
1215 609 1312 652 (vide
1347 622 1456 655 supra
1493 623 1526 656 p.
1555 611 1639 653 655)
1677 611 1773 651 sive,
1812 613 1851 645 ut

81 661 263 695 Hem-scus
280 663 471 696 Pantaleon
504 662 541 698 (l.
562 674 590 696 c.
612 662 672 701 ΙΙΙ,
698 661 784 706 435)
813 662 875 702 ait,
906 662 961 703 „in
984 662 1098 697 hortis
1116 663 1352 706 Fuggeranis,
1379 676 1506 698 uersus
1525 664 1647 698 diuum
1665 664 1846 698 Vlricum“

80 713 278 749 habitabat.
328 715 369 749 In
395 716 412 734 *
429 714 673 757 „Annale'bzts“
702 717 822 749 autem
849 715 992 758 collegii
1020 716 1211 759 augustani
1242 716 1302 757 (cf.
1330 728 1439 761 supra
1465 729 1497 762 p.
1526 717 1609 761 661)
1649 717 1691 751 de
1718 717 1851 751 Ursula

80 767 248 811 Fuggera
283 767 418 803 Canisii
457 780 564 814 opera
600 769 643 802 ad
680 768 894 803 catholicam
929 769 1099 813 pietatem
1136 769 1303 804 instituta
1339 770 1486 805 dicitur:
1529 771 1630 815 „Ipsa
1666 770 1778 804 Marci
1816 773 1851 804 et

80 821 223 855 Ioannis
251 820 429 865 Coniuges
454 822 717 862 nobilissimas,
751 821 1043 866 clarissimasque
1069 822 1244 857 foeminas
1271 823 1314 857 ad
1340 823 1537 857 salutarem
1564 826 1600 858 et
1626 824 1851 868 frequentem

80 873 320 908 conscientiae
356 876 392 908 et
425 876 656 919 peccatorum
691 874 932 919 expiationem
967 875 1127 909 induxit“
1170 875 1278 920 (quae
1314 876 1425 911 verba
1461 879 1607 911 exstant
1642 878 1769 918 etiam,
1806 889 1851 911 ex

85 927 323 970 „Annalibus“
355 928 547 973 exscripta,
575 928 669 972 apud
698 929 879 962 Raderum
899 928 983 962 Can.
1011 941 1044 973 p.
1065 929 1241 973 92-93);
1270 932 1377 974 atque
1405 931 1440 964 in
1458 932 1685 975 *Stenm1ate‚
1712 931 1755 965 de
1781 942 1851 975 quo

81 992 190 1025 supra
217 993 249 1025 p.
276 980 376 1021 653⁵,
413 981 553 1021 inveni,
589 981 757 1015 Ioannem
785 981 847 1021 IL,
884 981 1030 1016 Antonii
1056 982 1082 1016 1.
1110 982 1267 1026 Fuggeri
1293 983 1407 1017 filium
1437 983 1484 1027 (4.
1511 983 1731 1029 Septembris
1760 984 1848 1018 1531

79 1036 222 1075 natum,
260 1035 313 1068 19.
342 1034 475 1079 Aprilis
504 1034 594 1069 1598
619 1037 816 1078 mortuum)
854 1046 885 1068 a.
915 1036 1005 1070 1560
1032 1035 1276 1070 Elisabetham
1303 1037 1481 1071 Nothhaft
1516 1038 1558 1072 de
1585 1037 1851 1072 Weissenstein

83 1087 119 1130 (†
147 1087 254 1130 1582)
282 1100 430 1122 uxorem
457 1088 623 1128 duxisse:
660 1090 696 1122 et
730 1088 837 1122 facile
870 1088 948 1122 fieri
975 1091 1134 1134 poterat,
1168 1092 1209 1123 ut
1234 1091 1385 1125 Ioannes
1411 1092 1446 1124 in
1473 1091 1598 1125 iisdem
1626 1091 1774 1125 aedibus
1808 1102 1851 1125 ac

79 1141 226 1175 Marcus
251 1141 374 1182 frater,
402 1141 561 1186 Sibyllae
587 1142 834 1176 Ebersteiniae
860 1143 1022 1183 maritus,
1051 1143 1241 1177 habitaret.

200 1194 431 1229 Catharinam
457 1195 661 1238 Fuggeram
696 1195 985 1239 (1532—-1-585),
1021 1196 1164 1231 Ioannis
1191 1197 1234 1230 H.
1271 1199 1306 1231 et
1331 1197 1445 1231 Marci
1471 1197 1533 1232 111.
1569 1209 1747 1238 sororem,
1783 1197 1850 1231 sub

80 1260 111 1283 a.
141 1248 231 1282 1552
269 1248 408 1291 (1551‘3
447 1249 582 1292 15532)
620 1249 747 1283 Iacobo
783 1249 903 1283 comiti
939 1250 981 1283 de
1013 1250 1186 1284 Montfort
1223 1251 1389 1295 nupsisse
1425 1253 1566 1285 constat
1600 1251 1848 1295 (Pinucotheca

80 1301 140 1346 [cf.
167 1313 276 1347 supra
302 1314 335 1347 p.
362 1302 446 1347 654]
472 1315 505 1336 n.
534 1302 746 1337 LXXXVII.
786 1304 1042 1337 Re'tterslmsins
1068 1303 1090 1337 l.
1119 1315 1147 1338 c.
1176 1303 1236 1347 [cf.
1263 1316 1370 1349 supra
1398 1317 1430 1349 p.
1451 1304 1555 1349 653³]
1584 1304 1671 1339 Gen.
1690 1303 1847 1347 Montf.).

898 1421 1027 1463 272.

850 1510 1079 1547 1560—1582.

198 1606 253 1640 Ex
279 1606 498 1652 apographis
524 1607 683 1641 eiusdem
710 1619 822 1651 paene
849 1607 1042 1652 temporis,
1076 1619 1166 1651 quae
1194 1609 1339 1641 exstant
1365 1608 1553 1650 Augustae
1579 1606 1850 1641 Vindelicorum

78 1659 113 1694 in
150 1659 297 1694 archivo
331 1660 462 1694 nobilis
488 1660 646 1694 familiae
681 1661 910 1704 fuggericae,
949 1660 1032 1695 Cod.
1058 1661 1149 1704 sign.
1182 1661 1241 1702 ‚1.
1277 1660 1315 1699 1,
1352 1660 1431 1701 33“,
1467 1660 1526 1704 qui
1563 1660 1758 1705 inscriptus
1794 1663 1850 1695 est

83 1714 194 1756 „1579
229 1713 447 1748 Prothocoll.
497 1713 618 1748 Ynser
653 1713 876 1748 Schwesster
912 1715 1016 1748 Anna
1051 1714 1179 1748 Iacobe
1212 1714 1392 1758 Fuggerin
1427 1715 1605 1757 gewesste
1641 1713 1851 1759 Stippriorin

78 1779 121 1801 zu
148 1767 196 1802 S!
222 1766 417 1802 Catharina
442 1767 479 1802 in
505 1767 703 1813 Augspurg
728 1768 920 1802 betreffent
948 1795 955 1802 .
976 1795 983 1803 .
1004 1796 1011 1802 .
1032 1795 1038 1802 .
1066 1767 1107 1802 O.
1136 1767 1170 1802 S.
1196 1767 1258 1802 F‘.

197 1845 307 1878 Anna
351 1845 521 1878 Iacobaea
565 1846 602 1879 F
603 1857 733 1889 ecqyera
775 1845 920 1879 Canisio
963 1846 1152 1878 adim-ante
1194 1846 1430 1887 rirqinltatem
1475 1844 1614 1877 Christo
1658 1847 1848 1885 cons-errat,

77 1900 330 1931 monasterinm
373 1899 626 1932 benedictinum
667 1899 841 1933 Ksmbaeh
883 1899 1105 1943 ’ΜΨ-Μίτυν,
1148 1899 1230 1931 inde
1271 1899 1472 1940 Almus-fam
1513 1899 1550 1930 in
1594 1898 1846 1930 monasterium

79 1951 116 1984 S.
147 1951 380 1995 Catharinae,
409 1953 548 1986 ordinis
573 1953 810 1995 dominicani,
837 1953 979 1986 transit.
1034 1953 1130 1994 Quae
1157 1952 1274 1984 multis
1299 1952 1406 1984 annis
1425 1955 1525 1994 post,
1554 1951 1640 1983 duce
1665 1951 1849 1984 H'm'ttem-

79 2004 213 2049 hemme,
239 2005 426 2049 Palatino,
453 2006 621 2040 wdalrico
648 2007 812 2049 Fnyqero
837 2006 1066 2039 inicientibus
1091 2010 1121 2038 et
1149 2005 1368 2047 iuvantibus,
1397 2015 1413 2037 e
1437 2006 1650 2037 monasterio
1670 2005 1847 2047 profugyz't.

81 2058 193 2092 Cm'us
225 2059 316 2100 facti
350 2060 548 2093 excusandi
578 2060 699 2103 qratia
735 2060 814 2103 ipsa
848 2071 883 2093 se
918 2059 998 2092 olim
1035 2070 1056 2091 α
1095 2058 1240 2092 Canisz'o
1273 2058 1470 2100 Ursulaque
1503 2061 1618 2090 matre
1653 2057 1852 2101 blanditiis,

77 2113 186 2145 minis
211 2117 270 2146 etc.
298 2113 346 2145 ad
370 2114 573 2157 reliyiosmn
599 2118 730 2146 statum
755 2113 1017 2155 suscipiendum
1042 2113 1224 2145 inductam
1250 2123 1320 2145 esse
1345 2111 1530 2144 contendit.

201 2196 415 2230 Octavianus
441 2197 623 2230 Secundus
648 2197 809 2240 Fuyqer,
846 2195 992 2239 Georgii
1018 2195 1061 2229 ΙΙ.
1089 2194 1245 2238 Fuggeri
1280 2196 1317 2228 et
1342 2193 1497 2228 Ursulae
1532 2193 1574 2227 de
1602 2193 1850 2228 Lichtenstein

78 2248 194 2289 filius,
230 2250 397 2292 Augusta
432 2251 463 2284 6.
492 2249 659 2283 Octobris
688 2249 777 2283 1582
814 2249 858 2283 ad
886 2249 1092 2294 Philippum
1118 2248 1326 2282 Eduardum
1358 2249 1394 2281 et
1420 2246 1614 2281 Antonium
1640 2247 1685 2281 ΙΙ.
1718 2247 1851 2282 fratres

79 2302 255 2347 epistulas
289 2303 407 2344 misit,
446 2303 576 2347 quibus
612 2303 657 2336 ad
692 2314 751 2336 eos
783 2302 943 2336 rettulit:
983 2302 1123 2335 Annam
1158 2301 1375 2336 Jacobaeam
1412 2300 1587 2345 (ipsorum
1622 2311 1780 2334 sororem
1816 2302 1851 2334 et

79 2355 272 2399 augustani
290 2356 499 2390 monasterii
514 2355 547 2390 S.
565 2355 790 2395 Catharinae,
809 2355 942 2389 ordinis
957 2355 1260 2396 Praedicatorum,
1283 2352 1619 2399 „subpriorissan1“)
1635 2354 1668 2388 4.
1684 2352 1852 2388 Octobris

82 2408 172 2443 1582
198 2409 341 2454 vesperi
375 2421 420 2443 ex
444 2409 662 2444 monasterio
688 2408 904 2454 profugisse.
956 2408 1133 2448 Eandem,
1169 2409 1209 2442 ut
1241 2419 1285 2442 ex
1311 2407 1429 2452 priore
1454 2406 1768 2441 Dominicanorum
1795 2419 1851 2441 ac-

79 2462 254 2507 cepisset,
280 2463 352 2497 iam
378 2464 461 2497 ante
490 2463 507 2497 1
535 2465 572 2496 et
597 2463 618 2497 2
645 2473 756 2496 annos
783 2461 1052 2506 pronuntiasse,
1080 2461 1289 2495 Udalricum
1315 2461 1522 2504 Fuggerum
1550 2459 1607 2504 (is,
1635 2459 1780 2504 Georgii
1807 2461 1851 2495 Π.

79 2515 211 2556 frater,
247 2527 293 2550 ex
317 2515 421 2550 Pauli
447 2516 510 2550 ΙΠ.
536 2527 651 2561 papae
678 2515 896 2550 cubiculario
922 2516 1127 2560 protestans
1163 2514 1332 2555 effectus,
1368 2513 1630 2556 Heidelbergae
1666 2513 1852 2548 habitabat

81 2568 191 2612 [I’eitle
218 2569 242 2603 l.
269 2580 299 2603 c.
326 2568 413 2610 VII,
449 2568 620 2613 33—42J)
649 2569 716 2603 sibi
743 2579 887 2613 operam
913 2568 1171 2613 praestiturum
1200 2579 1298 2608 esse,
1334 2569 1375 2601 ut
1400 2579 1419 2600 e
1453 2566 1671 2601 monasterio
1697 2567 1790 2601 elabi
1816 2569 1853 2601 et

79 2622 230 2656 honeste
264 2621 398 2656 nubere
433 2624 575 2667 posset;
611 2624 720 2666 atque
747 2622 889 2655 Annam
924 2623 960 2655 et
985 2621 1194 2655 Udalricum
1220 2620 1413 2665 plurimum
1439 2632 1503 2665 per
1527 2619 1669 2654 litteras
1695 2619 1788 2654 inter
1813 2632 1852 2654 se

80 2675 209 2719 egisse.
249 2677 368 2719 Atque
396 2677 577 2709 Antonius
604 2676 746 2718 Fquser
763 2674 929 2720 Philippo
948 2674 1114 2708 Eduardo
1132 2674 1374 2717 Heidelberga
1393 2673 1448 2708 18.
1468 2672 1547 2708 Oct.
1569 2673 1660 2707 1582
1685 2672 1851 2718 scripsit:

80 2729 222 2763 Annam
259 2729 312 2763 16.
340 2728 506 2763 Octobris
542 2728 821 2772 Heidelbergam
859 2728 1051 2762 advenisse
1089 2727 1189 2772 (Cod.
1229 2726 1475 2769 ,,Ρ1’0ἐ11οοο]1“ι
1519 2727 1544 2760 f.
1571 2726 1719 2761 5b—6b.
1757 2727 1850 2771 10³).

82 2784 175 2816 Idem
203 2794 267 2826 per
292 2782 515 2826 praefectum
541 2781 870 2823 wallenhusanum,
903 2782 959 2815 29.
987 2781 1153 2815 Octobris
1182 2781 1271 2815 1582
1299 2781 1503 2824 Augustam
1529 2779 1738 2821 advectum,
1765 2791 1852 2814 nun—

80 2835 206 2870 tiavit:
240 2835 461 2869 Ludovicum
487 2834 806 2878 W'urttembergae
842 2834 967 2868 ducem
1002 2834 1097 2868 inter
1123 2833 1263 2879 imperii
1290 2833 1434 2867 comitia
1471 2833 1518 2877 (a.
1548 2832 1638 2867 1582
1663 2833 1853 2876 Augustae

81 2887 220 2932 habita)
249 2890 452 2933 permutato
471 2888 606 2922 vestitu
632 2888 676 2922 ad
695 2888 950 2922 monasterium
970 2887 1004 2922 S.
1025 2887 1241 2921 Catharinae
1267 2887 1386 2921 adisse
1404 2886 1602 2930 Annaeque
1628 2886 1672 2920 ad
1694 2887 1848 2927 ..rotam“

81 2942 292 2976 consistenti
320 2941 418 2984 („am
443 2941 582 2980 Radt“;
619 2941 664 2975 cf.
691 2952 820 2985 supra,
846 2952 879 2985 p.
907 2941 1110 2984 614-615)
1138 2940 1300 2984 fugiendi
1327 2939 1631 2984 opportunitatem
1658 2939 1850 2979 obtulisse;

81 2996 234 3030 eundem
258 2995 361 3029 modo
388 2995 528 3028 Annam
564 2996 600 3028 et
625 3005 688 3039 per
719 2995 831 3028 totam
858 2993 1191 3037 WVurttembergam
1225 2992 1340 3036 gratis
1366 2992 1610 3027 deducendam
1636 3003 1782 3026 curasse
1818 2995 1854 3027 et

81 3060 145 3093 per
161 3048 303 3083 litteras
322 3047 502 3082 Ludovico
517 3047 577 3082 VI.
597 3046 743 3081 electori
761 3047 920 3092 palatino
947 3047 1227 3088 commendasse,
1255 3046 1400 3090 iamque
1418 3045 1628 3080 Udalricum
1645 3044 1852 3088 Fuggerum

81 3105 118 3136 et
143 3101 362 3136 Ludovicum
389 3100 595 3135 Palatinum
623 3100 753 3144 gaudio
779 3112 887 3134 ovare
914 3120 958 3125 —-
985 3099 1099 3142 „Herr
1124 3099 1250 3134 Ulrich
1275 3099 1348 3133 vnd
1375 3098 1582 3142 Pfaltzgraf
1605 3098 1782 3133 Jubiliern
1809 3099 1852 3133 ab

82 3155 178 3189 diser
201 3155 281 3189 that
307 3156 391 3188 vast
417 3154 488 3188 vnd
515 3154 677 3189 mainen.
712 3153 828 3188 haben
863 3153 922 3187 ain
947 3165 1051 3197 gross
1077 3152 1224 3187 werckh
1250 3152 1432 3187 verricht“
1465 3151 1503 3195 (l.
1531 3163 1560 3185 c.
1587 3151 1613 3186 f.
1640 3152 1852 3195 232—242).

83 3208 270 3254 Philippus
305 3209 425 3242 autem
460 3210 496 3241 et
522 3207 744 3242 Octavianus
769 3217 926 3241 sororem
953 3207 1158 3250 Augustam
1190 3205 1361 3240 reducere
1387 3204 1622 3239 vehementer
1654 3204 1853 3250 cupientes,
