2093 3444
223 229 306 270 676
566 226 724 261 Monum.
754 225 987 270 (augustana)
1017 226 1096 261 284.
1127 227 1266 271 (Mense
1293 227 1486 262 Novembri
1514 228 1631 273 1562.)

340 343 494 385 Laim'o,
531 354 620 386 quae
645 343 788 376 Natalis
822 344 1002 386 Auyustae
1037 348 1066 376 et
1100 345 1311 387 Inyolstadii
1337 350 1395 378 ete.
1431 347 1573 389 statuit,
1602 347 1826 390 probantur,
1862 353 1890 381 et
1921 360 1980 382 no-

221 397 402 439 me‘nalzssm,
442 397 535 440 quod
569 408 591 428 α
630 396 774 430 canisio
808 399 1013 439 scriptorem
1048 402 1229 431 eoetermcm
1265 398 1418 432 abstulit.
1479 399 1604 432 Schola
1641 401 1821 443 alteraque
1858 402 1981 434 domus

220 453 430 493 wynstan«.

338 538 387 579 P.
420 538 602 579 Ioannes
644 539 694 579 (le
735 538 916 579 Polanco
958 540 1004 579 in
1044 540 1194 581 litteris
1240 539 1438 581 Tridento
1479 542 1548 582 24.
1582 541 1827 583 Novembris
1865 545 1980 585 1562

220 604 384 644 nomine
404 602 547 644 Iacob&
567 603 718 644 Lama·
738 605 974 658 praepositi
991 606 1203 658 qenercelefs
1228 604 1491 659 Oenipontem
1521 606 1579 646 (cd
1600 606 1649 647 P.
1673 606 1979 662 Hieronymum

190 690 195 695 ·
218 667 428 721 Natalem,
451 667 666 709 *S'oeietatis
688 669 954 721 visitatorem,
978 670 1117 710 missis
1138 670 1250 720 llaec,
1271 674 1441 723 praeter
1465 671 1565 722 alia,
1589 671 1647 711 ad
1666 672 1798 725 ipsius
1818 673 1980 714 litteras

218 734 288 774 20.
322 733 569 774 Novembris
602 733 727 774 datas
759 731 886 788 (quas
917 748 952 775 v.
986 748 1120 789 supra
1151 749 1190 789 ρ.
1226 734 1332 786 674)
1364 736 1602 788 rescripsit:
1641 735 1760 777 Hase
1791 735 1905 778 uisto
1937 737 1978 778 lo

218 810 300 849 que
333 797 385 839 V.
419 797 469 838 R.
504 796 643 838 scriue
684 811 789 838 auer
820 798 1010 840 trattado
1052 812 1131 840 con
1169 799 1207 840 el
1240 799 1401 841 Rector
1441 799 1494 841 de
1525 800 1781 842 Monaehio1
1822 801 1978 855 yloque

218 875 270 903 en
303 861 570 915 Ingolstadio
603 861 714 904 dexo
747 862 964 904 ordenado
997 877 1024 916 y
1058 877 1110 905 en
1141 863 1343 917 Augusta
1376 878 1403 917 y
1435 864 1537 906 todo
1564 878 1718 918 parece
1750 868 1845 908 esta
1876 880 1978 919 muy

216 926 314 967 bien
470 941 499 980 y
540 927 578 968 el
621 927 765 980 quitar
809 927 850 968 al
891 928 1025 981 padre
1066 928 1311 970 Prouincial
1353 929 1393 971 el
1434 929 1620 983 scriptor
1661 930 1839 972 defuera
1881 931 1978 973 dela

217 991 452 1045 Compafiia
472 992 545 1033 fue
567 1006 668 1045 muy
691 991 801 1034 bien.
829 1027 835 1034 .
857 1028 865 1034 .
887 1027 894 1034 .
940 993 984 1035 Si
1015 1007 1062 1035 se
1085 994 1316 1048 aderecase
1339 994 1469 1047 algun
1492 994 1700 1049 principio
1728 995 1781 1037 de
1803 995 1978 1038 schuela

217 1069 270 1098 en
301 1057 502 1109 Augusta
536 1054 669 1110 [Joan
700 1056 986 1111 F]amenco]2
1018 1058 1154 1112 podra
1197 1059 1337 1101 seruir
1378 1058 1451 1100 alli
1496 1073 1574 1113 por
1610 1063 1806 1103 uentura.
1871 1061 1977 1102 Hol-

215 1121 433 1174 gariamos
466 1122 518 1163 de
541 1123 749 1164 entender
781 1136 863 1175 que
894 1123 957 1164 les
992 1123 1135 1165 fuesse
1168 1124 1337 1166 dexada
1369 1124 1541 1177 aquella
1564 1139 1667 1167 casa
1694 1125 1802 1167 libre
1834 1128 1977 1168 entre—

214 1189 340 1229 tanto
374 1187 452 1228 che
484 1200 530 1228 se
561 1186 678 1229 halla
711 1187 808 1229 sitio
841 1187 1139 1231 conueniente.

336 1278 433 1313 Haec
452 1279 654 1319 ostendunt,
671 1279 812 1314 Natalis
830 1279 977 1325 imperio
996 1280 1132 1314 factum
1151 1292 1240 1317 esse.
1259 1284 1298 1315 ut
1313 1280 1478 1315 Canisius
1495 1280 1660 1315 iuvenem
1679 1281 1779 1316 illum
1797 1283 1976 1317 Andre-am

216 1330 307 1372 St'or,
335 1344 403 1376 quo
431 1335 467 1366 et
483 1332 656 1377 scriptore
676 1336 712 1366 et
730 1344 842 1377 coquo
859 1344 947 1367 usus
966 1336 1053 1373 erat,
1080 1333 1296 1369 dimitteret:
1324 1346 1357 1368 V.
1377 1345 1484 1378 supra
1503 1346 1535 1379 p.
1555 1335 1633 1369 560.
1668 1335 1719 1369 De
1738 1335 1839 1369 domo
1858 1337 1976 1369 autem

215 1384 277 1419 illa
303 1388 506 1428 augustana
534 1386 617 1430 quid
648 1387 812 1420 effectum
840 1386 895 1428 sit,
923 1398 957 1420 ν.
984 1386 1096 1427 infra,
1132 1398 1286 1421 monum.
1314 1387 1401 1429 285,
1439 1390 1474 1421 et
1503 1388 1547 1422 cf.
1575 1399 1683 1433 supra
1717 1400 1750 1434 p.
1778 1389 1975 1423 673—675.

1033 1528 1162 1570 284.

868 1621 987 1659 Mense
1012 1621 1204 1658 Novembri
1230 1622 1323 1658 1562.

333 1716 388 1750 Ex
414 1716 490 1750 cod.
517 1716 662 1761 guelph.
694 1716 768 1759 „36.
796 1717 851 1751 24.
878 1717 990 1760 Augf
1022 1717 1044 1751 f.
1075 1717 1256 1752 772———80b
1284 1719 1319 1751 et
1344 1718 1365 1751 2
1391 1718 1426 1752 ff.
1453 1729 1531 1762 sqq.
1558 1729 1627 1752 non
1652 1718 1744 1762 sign.

336 1800 545 1833 Cat-«linceus
583 1800 814 1843 Auynstanus
851 1800 964 1833 Roma
1006 1800 1149 1834 cauisse
1196 1799 1500 1842 „instructionenff
1547 1801 1677 1834 vicario
1715 1802 1873 1844 yeneralc'
1914 1802 1973 1834 da-

217 1857 287 1885 tam
314 1854 428 1885 mittit.

333 1939 418 1973 Otto
436 1939 635 1973 Truchsess
661 1939 866 1980 cardinalis,
892 1950 973 1973 cum
1000 1950 1030 1973 a.
1052 1939 1142 1973 1562
1168 1939 1336 1973 Ioannem
1355 1939 1592 1983 Schencking,
1618 1939 1836 1974 Monasterio
1854 1939 1975 1975 West—

213 1991 397 2037 phalorum
425 1994 543 2026 ortum
564 1992 719 2036 (Brenn,
745 1992 811 2026 Die
829 1991 1046 2026 Domkirche
1065 1994 1131 2026 etc.
1160 2004 1192 2037 p.
1215 1992 1429 2035 173-176),
1456 1992 1683 2037 episcopatus
1700 1992 1756 2027 sui
1781 1994 1973 2037 augustani

211 2045 384 2080 vicarium
412 2045 617 2089 generalem
644 2045 902 2085 constituisset,
928 2044 1051 2086 Roma,
1077 2045 1135 2079 ubi
1162 2048 1247 2080 tunc
1265 2046 1480 2087 morabatur,
1510 2046 1562 2080 11.
1581 2045 1794 2080 Novembris
1814 2047 1903 2082 1562
1929 2047 1973 2081 ad

212 2099 363 2133 eundem
388 2099 538 2133 latinam
564 2098 815 2144 copiosamque
845 2098 1155 2140 „instructione111“
1186 2098 1264 2133 sive
1290 2099 1551 2133 institutionem
1581 2099 1697 2140 misit,
1732 2110 1883 2144 eamque
1908 2111 1973 2135 sua

211 2163 319 2186 manu
345 2152 586 2197 subscriptam
604 2151 731 2196 suique
756 2151 867 2195 sigilli
893 2151 1127 2197 impressione
1146 2152 1403 2194 confirmatam,
1430 2163 1510 2196 qua,
1536 2153 1710 2197 quomodo
1727 2153 1844 2187 officio
1870 2153 1973 2197 fungi

211 2205 374 2247 deberet,
414 2205 632 2240 edoceretur.
683 2205 793 2239 Cuius
827 2205 1064 2239 institutionis
1099 2205 1191 2239 idem
1227 2205 1419 2240 cardinalis
1449 2206 1562 2239 Roma
1596 2205 1639 2239 ad
1674 2205 1857 2240 Canisium
1892 2218 1973 2252 apo-

211 2258 387 2303 graphum
405 2258 513 2300 misit,
536 2258 594 2293 cui
610 2258 687 2303 ipse
708 2258 764 2301 (ut
781 2258 922 2292 omnino
940 2258 1098 2301 videtur)
1118 2258 1321 2303 inscripsit:
1354 2258 1417 2301 „Al
1435 2258 1643 2293 Reuerendo
1661 2258 1777 2293 Padre
1796 2259 1972 2294 Canisio“.

212 2311 311 2353 Quod
349 2311 594 2357 apographum
631 2312 654 2345 4
690 2311 786 2345 foliis
823 2311 959 2345 formae
996 2323 1183 2352 romanae,
1222 2323 1329 2356 quam
1368 2314 1515 2353 vocant,
1554 2313 1722 2346 constans
1760 2312 1865 2347 valde
1903 2313 1971 2347 ele-

211 2367 340 2408 ganter
364 2365 481 2409 idque,
507 2367 547 2399 ut
572 2364 658 2398 mihi
685 2364 827 2409 quidem
845 2364 999 2405 videtur,
1026 2376 1134 2398 manu
1159 2364 1334 2409 praeclari
1360 2364 1457 2399 illius
1483 2364 1564 2398 Iulii
1582 2365 1742 2408 Pogiani,
1769 2366 1830 2410 qui
1849 2365 1971 2400 Ottoni

210 2422 297 2452 tunc
331 2418 375 2452 ab
411 2418 575 2463 epistulis
610 2420 705 2458 erat,
743 2417 917 2462 scriptum
953 2420 1027 2458 est,
1065 2419 1174 2462 atque
1209 2417 1262 2452 sic
1298 2417 1529 2462 inscriptum:
1572 2417 1876 2460 „INSTRVCTIO
1912 2419 1971 2453 ET

210 2470 508 2505 INFORMATIO
544 2470 713 2505 EORVM
748 2470 858 2512 QVAE
890 2469 1116 2504 Venerabilis
1154 2472 1262 2514 atque
1299 2470 1438 2504 Nobilis
1474 2470 1515 2505 D.
1552 2471 1709 2505 Joannes
1744 2471 1972 2516 Schencking

210 2524 310 2558 Juris
334 2523 531 2568 Vtriusque
557 2523 690 2558 Doctor
724 2534 766 2557 ac
792 2522 1096 2557 Reuerendissimi
1130 2525 1239 2567 atque
1265 2523 1510 2558 Jllustrissimi
1535 2523 1714 2569 Principis
1748 2536 1789 2559 ac
1818 2524 1970 2568 Domini,

210 2576 353 2611 Domini
394 2576 546 2611 Othonis
587 2576 739 2610 Sanctae
781 2576 962 2610 Romanae
1003 2575 1187 2610 Ecclesiae
1228 2575 1395 2621 Episcopi
1439 2576 1638 2612 Cardinalis
1678 2577 1894 2613 Albanensis
1935 2581 1970 2613 et

210 2630 424 2674 Augustani,
450 2629 650 2674 Praepositi
677 2641 719 2663 ac
744 2629 886 2663 Domini
912 2628 1123 2663 Eluacensis
1150 2631 1228 2664 .etc.
1255 2630 1290 2663 in
1317 2629 1571 2675 Spiritualibus
1591 2630 1757 2665 Vicarius
1783 2630 1970 2665 Generalis

208 2683 246 2717 in
280 2683 485 2718 Vicariatus
523 2682 631 2728 officij
670 2682 853 2716 functione
886 2694 950 2727 pro
985 2682 1123 2716 viribus
1157 2682 1233 2717 suis
1267 2682 1458 2727 diligenter
1495 2683 1685 2718 obseruare
1722 2695 1763 2718 ac
1798 2686 1968 2728 quantum

210 2736 342 2781 poterit
365 2735 521 2770 fideliter
546 2735 797 2770 administrare
827 2734 962 2769 debet.“

330 2789 530 2824 Cardinalis
555 2787 641 2823 Otto
672 2787 814 2822 Canisio
849 2787 916 2822 hac
941 2788 1052 2822 missa
1078 2788 1301 2823 institutione
1333 2790 1435 2833 quasi
1469 2789 1506 2823 in
1539 2789 1747 2824 memoriam
1779 2801 1969 2826 revocasse

211 2842 373 2884 videtur,
408 2853 499 2886 quae
523 2842 670 2876 ineunte
694 2852 740 2875 m.
768 2840 967 2885 Septembri
997 2841 1105 2881 1559,
1134 2841 1240 2886 paulo
1266 2844 1457 2887 postquam
1482 2840 1631 2876 Romam
1657 2842 1871 2885 advenerat,
1905 2854 1969 2888 per

210 2895 407 2929 Polancum
433 2894 465 2929 ei
490 2893 678 2929 scribenda
703 2895 913 2928 curaverat:
949 2892 993 2927 Se
1020 2893 1263 2939 episcopatum
1296 2897 1534 2938 augustanum
1561 2895 1792 2930 vehementer
1817 2896 1850 2930 ei
1875 2906 1967 2931 com-

210 2948 378 2982 mendare
403 2949 511 2992 atque
536 2947 603 2981 hoc
628 2948 770 2992 petere,
804 2948 844 2980 ut
870 2945 1033 2980 Canisius
1068 2947 1171 2990 quasi
1197 2947 1403 2993 episcopum
1429 2959 1468 2982 se
1498 2959 1577 2983 esse
1602 2950 1765 2993 putaret,
1800 2950 1837 2983 et
1860 2949 1966 2984 rebus

209 3001 411 3037 observatis
436 3012 475 3035 se
501 3000 544 3035 de
569 3000 632 3041 iis,
668 3011 758 3044 quae
793 2998 984 3034 convenire
1010 2999 1235 3042 viderentur,
1271 3000 1329 3035 vel
1364 3012 1455 3045 quae
1489 3001 1525 3035 in
1561 3001 1713 3036 dioecesi
1746 3001 1966 3046 providenda

211 3065 289 3089 esse
315 3053 535 3095 viderentur,
560 3056 722 3087 moneret
749 3053 855 3096 (Can.
881 3051 971 3097 Epp.
998 3052 1041 3092 ΙΙ,
1070 3053 1166 3096 517).

333 3200 340 3218 ¹
367 3198 407 3232 P.
434 3197 653 3232 Theodorico
679 3196 832 3232 Canisio.
930 3196 944 3218 ²
968 3196 1021 3231 De
1047 3197 1114 3231 hoc
1139 3197 1220 3231 vide
1245 3208 1355 3242 supra
1380 3209 1413 3242 p.
1441 3197 1540 3232 674⁸.
