<?xml version="1.0" encoding="UTF-8"?>
<!DOCTYPE html PUBLIC "-//W3C//DTD XHTML 1.0 Transitional//EN"
    "http://www.w3.org/TR/xhtml1/DTD/xhtml1-transitional.dtd">
<html xmlns="http://www.w3.org/1999/xhtml" xml:lang="en" lang="en">
 <head>
  <title>
</title>
<meta http-equiv="Content-Type" content="text/html;charset=utf-8" />
  <meta name='ocr-system' content='tesseract 3.04.00' />
  <meta name='ocr-capabilities' content='ocr_page ocr_carea ocr_par ocr_line ocrx_word'/>
</head>
<body>
  <div class='ocr_page' id='page_1' title='image "beatipetricanisi03cani_0618.png"; bbox 0 0 2093 3444; ppageno 0'>
   <div class='ocr_carea' id='block_1_1' title="bbox 222 223 1449 269">
    <p class='ocr_par' dir='ltr' id='par_1_1' title="bbox 222 223 1449 269">
     <span class='ocr_line' id='line_1_1' title="bbox 222 223 1449 269; baseline -0.01 0"><span class='ocrx_word' id='word_1_1' title='bbox 222 229 306 269; x_wconf 79' lang='lat'>542</span> <span class='ocrx_word' id='word_1_2' title='bbox 753 225 830 258; x_wconf 75' lang='lat'>729.</span> <span class='ocrx_word' id='word_1_3' title='bbox 867 224 1018 258; x_wconf 81' lang='lat' dir='ltr'>Ioannes</span> <span class='ocrx_word' id='word_1_4' title='bbox 1045 224 1086 258; x_wconf 88' lang='lat' dir='ltr'>de</span> <span class='ocrx_word' id='word_1_5' title='bbox 1113 223 1268 258; x_wconf 84' lang='lat' dir='ltr'>Polanco</span> <span class='ocrx_word' id='word_1_6' title='bbox 1297 223 1449 258; x_wconf 84' lang='lat' dir='ltr'>Canisio.</span> 
     </span>
    </p>
   </div>
   <div class='ocr_carea' id='block_1_2' title="bbox 222 346 1987 662">
    <p class='ocr_par' dir='ltr' id='par_1_2' title="bbox 222 346 1987 662">
     <span class='ocr_line' id='line_1_2' title="bbox 341 346 1984 400; baseline -0.001 -10"><span class='ocrx_word' id='word_1_7' title='bbox 341 349 441 390; x_wconf 88' lang='lat' dir='ltr'>Alla</span> <span class='ocrx_word' id='word_1_8' title='bbox 474 348 524 390; x_wconf 79' lang='lat' dir='ltr'>R.</span> <span class='ocrx_word' id='word_1_9' title='bbox 544 348 595 390; x_wconf 89' lang='lat' dir='ltr'>V.</span> <span class='ocrx_word' id='word_1_10' title='bbox 629 349 729 389; x_wconf 76' lang='lat' dir='ltr'>sara</span> <span class='ocrx_word' id='word_1_11' title='bbox 762 347 879 389; x_wconf 88' lang='lat' dir='ltr'>licito</span> <span class='ocrx_word' id='word_1_12' title='bbox 912 348 1090 400; x_wconf 86' lang='lat' dir='ltr'>leggere</span> <span class='ocrx_word' id='word_1_13' title='bbox 1122 348 1165 389; x_wconf 83' lang='lat' dir='ltr'>la</span> <span class='ocrx_word' id='word_1_14' title='bbox 1191 347 1331 388; x_wconf 84' lang='lat' dir='ltr'>Biblia</span> <span class='ocrx_word' id='word_1_15' title='bbox 1364 346 1560 389; x_wconf 84' lang='lat' dir='ltr'>tradotta</span> <span class='ocrx_word' id='word_1_16' title='bbox 1593 347 1706 400; x_wconf 81' lang='lat' dir='ltr'>dagl&#39;</span> <span class='ocrx_word' id='word_1_17' title='bbox 1730 346 1910 390; x_wconf 89' lang='lat' dir='ltr'>heretici</span> <span class='ocrx_word' id='word_1_18' title='bbox 1941 346 1984 388; x_wconf 91' lang='lat' dir='ltr'>in</span> 
     </span>
     <span class='ocr_line' id='line_1_3' title="bbox 223 411 1985 467; baseline -0.001 -12"><span class='ocrx_word' id='word_1_19' title='bbox 223 413 444 455; x_wconf 87' lang='lat' dir='ltr'>Thedesco</span> <span class='ocrx_word' id='word_1_20' title='bbox 477 413 550 467; x_wconf 87' lang='lat' dir='ltr'>piu</span> <span class='ocrx_word' id='word_1_21' title='bbox 583 412 877 455; x_wconf 85' lang='lat' dir='ltr'>chiarameute</span> <span class='ocrx_word' id='word_1_22' title='bbox 919 412 996 453; x_wconf 88' lang='lat' dir='ltr'>che</span> <span class='ocrx_word' id='word_1_23' title='bbox 1029 412 1084 454; x_wconf 86' lang='lat' dir='ltr'>da</span> <span class='ocrx_word' id='word_1_24' title='bbox 1126 411 1355 454; x_wconf 86' lang='lat' dir='ltr'>catholici1</span> <span class='ocrx_word' id='word_1_25' title='bbox 1388 427 1397 453; x_wconf 71' lang='grc' dir='ltr'><strong>ι</strong></span> <span class='ocrx_word' id='word_1_26' title='bbox 1433 413 1476 453; x_wconf 87' lang='grc'>01</span> <span class='ocrx_word' id='word_1_27' title='bbox 1508 411 1767 454; x_wconf 83' lang='grc'><strong>51111110101110</strong></span> <span class='ocrx_word' id='word_1_28' title='bbox 1799 411 1829 454; x_wconf 90' lang='grc'>11</span> <span class='ocrx_word' id='word_1_29' title='bbox 1870 425 1985 454; x_wconf 86' lang='lat' dir='ltr'>com-</span> 
     </span>
     <span class='ocr_line' id='line_1_4' title="bbox 222 476 1985 532; baseline -0.001 -12"><span class='ocrx_word' id='word_1_30' title='bbox 222 478 424 532; x_wconf 82' lang='lat' dir='ltr'>mentarij</span> <span class='ocrx_word' id='word_1_31' title='bbox 458 477 500 520; x_wconf 92' lang='lat' dir='ltr'>di</span> <span class='ocrx_word' id='word_1_32' title='bbox 533 477 656 520; x_wconf 88' lang='lat' dir='ltr'>detta</span> <span class='ocrx_word' id='word_1_33' title='bbox 687 477 828 519; x_wconf 82' lang='lat' dir='ltr'>Biblia</span> <span class='ocrx_word' id='word_1_34' title='bbox 859 477 962 519; x_wconf 88' lang='lat' dir='ltr'>fatti</span> <span class='ocrx_word' id='word_1_35' title='bbox 993 476 1036 518; x_wconf 91' lang='lat' dir='ltr'>in</span> <span class='ocrx_word' id='word_1_36' title='bbox 1071 477 1246 519; x_wconf 82' lang='lat' dir='ltr'>Geneua</span> <span class='ocrx_word' id='word_1_37' title='bbox 1259 478 1288 527; x_wconf 72' lang='lat'>¹2,</span> <span class='ocrx_word' id='word_1_38' title='bbox 1323 490 1368 518; x_wconf 89' lang='grc'>50</span> <span class='ocrx_word' id='word_1_39' title='bbox 1401 490 1485 518; x_wconf 90' lang='lat' dir='ltr'>non</span> <span class='ocrx_word' id='word_1_40' title='bbox 1518 476 1703 518; x_wconf 87' lang='lat' dir='ltr'>sentessi</span> <span class='ocrx_word' id='word_1_41' title='bbox 1735 476 1777 518; x_wconf 88' lang='lat' dir='ltr'>di</span> <span class='ocrx_word' id='word_1_42' title='bbox 1808 477 1871 519; x_wconf 90' lang='lat' dir='ltr'>tal</span> <span class='ocrx_word' id='word_1_43' title='bbox 1902 477 1985 519; x_wconf 89' lang='lat' dir='ltr'>let-</span> 
     </span>
     <span class='ocr_line' id='line_1_5' title="bbox 222 541 1986 597; baseline -0.001 -12"><span class='ocrx_word' id='word_1_44' title='bbox 222 543 340 586; x_wconf 90' lang='lat' dir='ltr'>tione</span> <span class='ocrx_word' id='word_1_45' title='bbox 373 544 515 585; x_wconf 90' lang='lat' dir='ltr'>danno</span> <span class='ocrx_word' id='word_1_46' title='bbox 557 543 672 584; x_wconf 84' lang='lat' dir='ltr'>nella</span> <span class='ocrx_word' id='word_1_47' title='bbox 703 542 879 597; x_wconf 89' lang='lat' dir='ltr'>propria</span> <span class='ocrx_word' id='word_1_48' title='bbox 917 542 1182 584; x_wconf 89' lang='lat' dir='ltr'>conscientia</span> <span class='ocrx_word' id='word_1_49' title='bbox 1216 577 1224 584; x_wconf 94' lang='lat'>.</span> <span class='ocrx_word' id='word_1_50' title='bbox 1259 545 1303 584; x_wconf 90' lang='lat' dir='ltr'>et</span> <span class='ocrx_word' id='word_1_51' title='bbox 1342 542 1378 583; x_wconf 89' lang='lat' dir='ltr'>si</span> <span class='ocrx_word' id='word_1_52' title='bbox 1410 544 1493 596; x_wconf 83' lang='lat' dir='ltr'>puo</span> <span class='ocrx_word' id='word_1_53' title='bbox 1536 541 1736 584; x_wconf 88' lang='lat' dir='ltr'>ordinare</span> <span class='ocrx_word' id='word_1_54' title='bbox 1776 542 1820 584; x_wconf 87' lang='lat' dir='ltr'>la</span> <span class='ocrx_word' id='word_1_55' title='bbox 1864 541 1986 584; x_wconf 87' lang='lat' dir='ltr'>detta</span> 
     </span>
     <span class='ocr_line' id='line_1_6' title="bbox 222 606 1987 662; baseline -0.002 -12"><span class='ocrx_word' id='word_1_56' title='bbox 222 608 403 651; x_wconf 87' lang='lat' dir='ltr'>lettione</span> <span class='ocrx_word' id='word_1_57' title='bbox 425 623 503 662; x_wconf 87' lang='lat' dir='ltr'>per</span> <span class='ocrx_word' id='word_1_58' title='bbox 524 608 567 650; x_wconf 89' lang='lat' dir='ltr'>la</span> <span class='ocrx_word' id='word_1_59' title='bbox 588 607 944 661; x_wconf 84' lang='lat' dir='ltr'>impugnatione3</span> <span class='ocrx_word' id='word_1_60' title='bbox 977 621 1023 649; x_wconf 89' lang='grc'>50</span> <span class='ocrx_word' id='word_1_61' title='bbox 1045 608 1127 649; x_wconf 90' lang='lat' dir='ltr'>ben</span> <span class='ocrx_word' id='word_1_62' title='bbox 1161 607 1197 649; x_wconf 88' lang='lat' dir='ltr'>ci</span> <span class='ocrx_word' id='word_1_63' title='bbox 1221 607 1285 649; x_wconf 85' lang='lat' dir='ltr'>sia</span> <span class='ocrx_word' id='word_1_64' title='bbox 1316 606 1484 649; x_wconf 90' lang='lat' dir='ltr'>intento</span> <span class='ocrx_word' id='word_1_65' title='bbox 1515 606 1555 648; x_wconf 89' lang='lat' dir='ltr'>di</span> <span class='ocrx_word' id='word_1_66' title='bbox 1587 607 1724 648; x_wconf 85' lang='lat' dir='ltr'>bauer</span> <span class='ocrx_word' id='word_1_67' title='bbox 1744 606 1816 661; x_wconf 89' lang='lat' dir='ltr'>piu</span> <span class='ocrx_word' id='word_1_68' title='bbox 1840 606 1987 648; x_wconf 78' lang='lat' dir='ltr'>chiara</span> 
     </span>
    </p>
   </div>
   <div class='ocr_carea' id='block_1_3' title="bbox 224 739 1987 838">
    <p class='ocr_par' dir='ltr' id='par_1_3' title="bbox 224 739 1987 838">
     <span class='ocr_line' id='line_1_7' title="bbox 342 739 1987 785; baseline -0.001 -10"><span class='ocrx_word' id='word_1_69' title='bbox 342 742 582 775; x_wconf 77' lang='lat' dir='ltr'>Reverentiae</span> <span class='ocrx_word' id='word_1_70' title='bbox 609 744 754 776; x_wconf 81' lang='lat' dir='ltr'>vestrae</span> <span class='ocrx_word' id='word_1_71' title='bbox 780 741 903 776; x_wconf 89' lang='lat' dir='ltr'>licebit</span> <span class='ocrx_word' id='word_1_72' title='bbox 929 752 1032 775; x_wconf 85' lang='lat' dir='ltr'>saera</span> <span class='ocrx_word' id='word_1_73' title='bbox 1066 740 1176 774; x_wconf 84' lang='lat' dir='ltr'>biblia</span> <span class='ocrx_word' id='word_1_74' title='bbox 1213 741 1256 774; x_wconf 83' lang='lat' dir='ltr'>ab</span> <span class='ocrx_word' id='word_1_75' title='bbox 1283 739 1475 774; x_wconf 74' lang='lat' dir='ltr'>haereticis</span> <span class='ocrx_word' id='word_1_76' title='bbox 1510 739 1652 785; x_wconf 88' lang='lat' dir='ltr'>planius</span> <span class='ocrx_word' id='word_1_77' title='bbox 1678 751 1786 784; x_wconf 86' lang='lat' dir='ltr'>quam</span> <span class='ocrx_word' id='word_1_78' title='bbox 1821 751 1842 774; x_wconf 86' lang='lat' dir='ltr'>a</span> <span class='ocrx_word' id='word_1_79' title='bbox 1868 739 1987 774; x_wconf 86' lang='lat' dir='ltr'>catho-</span> 
     </span>
     <span class='ocr_line' id='line_1_8' title="bbox 224 791 1987 838; baseline -0.001 -10"><span class='ocrx_word' id='word_1_80' title='bbox 224 794 304 829; x_wconf 80' lang='lat' dir='ltr'>licis</span> <span class='ocrx_word' id='word_1_81' title='bbox 331 796 365 828; x_wconf 90' lang='lat' dir='ltr'>in</span> <span class='ocrx_word' id='word_1_82' title='bbox 393 795 639 838; x_wconf 85' lang='lat' dir='ltr'>germanicum</span> <span class='ocrx_word' id='word_1_83' title='bbox 665 806 867 829; x_wconf 83' lang='lat' dir='ltr'>sermonem</span> <span class='ocrx_word' id='word_1_84' title='bbox 892 806 999 829; x_wconf 78' lang='lat' dir='ltr'>versa</span> <span class='ocrx_word' id='word_1_85' title='bbox 1024 794 1146 838; x_wconf 87' lang='lat' dir='ltr'>legere</span> <span class='ocrx_word' id='word_1_86' title='bbox 1164 795 1193 834; x_wconf 86' lang='lat'>¹;</span> <span class='ocrx_word' id='word_1_87' title='bbox 1228 793 1323 827; x_wconf 91' lang='lat' dir='ltr'>idem</span> <span class='ocrx_word' id='word_1_88' title='bbox 1359 793 1402 827; x_wconf 89' lang='lat' dir='ltr'>de</span> <span class='ocrx_word' id='word_1_89' title='bbox 1429 793 1695 827; x_wconf 88' lang='lat' dir='ltr'>commentariis</span> <span class='ocrx_word' id='word_1_90' title='bbox 1729 793 1765 826; x_wconf 90' lang='lat' dir='ltr'>in</span> <span class='ocrx_word' id='word_1_91' title='bbox 1791 792 1901 827; x_wconf 84' lang='lat' dir='ltr'>biblia</span> <span class='ocrx_word' id='word_1_92' title='bbox 1926 791 1987 826; x_wconf 84' lang='lat' dir='ltr'>illa</span> 
     </span>
    </p>
   </div>
   <div class='ocr_carea' id='block_1_4' title="bbox 226 840 2057 893">
    <p class='ocr_par' dir='ltr' id='par_1_4' title="bbox 226 840 2057 893">
     <span class='ocr_line' id='line_1_9' title="bbox 226 840 2057 893; baseline -0.002 -10"><span class='ocrx_word' id='word_1_93' title='bbox 226 848 394 883; x_wconf 78' lang='lat' dir='ltr'>Genevae</span> <span class='ocrx_word' id='word_1_94' title='bbox 422 848 527 882; x_wconf 85' lang='lat' dir='ltr'>editis</span> <span class='ocrx_word' id='word_1_95' title='bbox 553 848 631 882; x_wconf 89' lang='lat' dir='ltr'>dico</span> <span class='ocrx_word' id='word_1_96' title='bbox 647 848 670 890; x_wconf 78' lang='lat'>²,</span> <span class='ocrx_word' id='word_1_97' title='bbox 697 848 765 882; x_wconf 89' lang='lat' dir='ltr'>nisi</span> <span class='ocrx_word' id='word_1_98' title='bbox 791 848 870 893; x_wconf 85' lang='lat' dir='ltr'>ipsa</span> <span class='ocrx_word' id='word_1_99' title='bbox 897 860 942 882; x_wconf 85' lang='lat' dir='ltr'>ex</span> <span class='ocrx_word' id='word_1_100' title='bbox 969 859 1008 882; x_wconf 91' lang='lat' dir='ltr'>ea</span> <span class='ocrx_word' id='word_1_101' title='bbox 1035 847 1188 882; x_wconf 86' lang='lat' dir='ltr'>lectione</span> <span class='ocrx_word' id='word_1_102' title='bbox 1213 846 1398 890; x_wconf 77' lang='lat' dir='ltr'>religionis</span> <span class='ocrx_word' id='word_1_103' title='bbox 1425 847 1680 881; x_wconf 73' lang='lat' dir='ltr'>detrimentum</span> <span class='ocrx_word' id='word_1_104' title='bbox 1709 858 1748 881; x_wconf 86' lang='lat' dir='ltr'>se</span> <span class='ocrx_word' id='word_1_105' title='bbox 1774 857 1903 891; x_wconf 84' lang='lat' dir='ltr'>capere</span> <span class='ocrx_word' id='word_1_106' title='bbox 1930 857 1988 880; x_wconf 85' lang='lat' dir='ltr'>ex·</span> <span class='ocrx_word' id='word_1_107' title='bbox 2048 840 2057 843; x_wconf 53' lang='grc'><em>”</em></span> 
     </span>
    </p>
   </div>
   <div class='ocr_carea' id='block_1_5' title="bbox 225 900 1994 1486">
    <p class='ocr_par' dir='ltr' id='par_1_5' title="bbox 225 900 1994 1486">
     <span class='ocr_line' id='line_1_10' title="bbox 225 900 1990 946; baseline -0.002 -10"><span class='ocrx_word' id='word_1_108' title='bbox 225 903 403 946; x_wconf 87' lang='lat' dir='ltr'>perietur;</span> <span class='ocrx_word' id='word_1_109' title='bbox 438 913 529 946; x_wconf 89' lang='lat' dir='ltr'>quae</span> <span class='ocrx_word' id='word_1_110' title='bbox 556 902 663 936; x_wconf 86' lang='lat' dir='ltr'>lectio</span> <span class='ocrx_word' id='word_1_111' title='bbox 690 902 733 935; x_wconf 92' lang='lat' dir='ltr'>ad</span> <span class='ocrx_word' id='word_1_112' title='bbox 760 901 841 936; x_wconf 92' lang='grc'><strong>11105</strong></span> <span class='ocrx_word' id='word_1_113' title='bbox 867 901 1129 946; x_wconf 83' lang='lat' dir='ltr'>impugnandos</span> <span class='ocrx_word' id='word_1_114' title='bbox 1145 901 1158 920; x_wconf 82' lang='lat'>³</span> <span class='ocrx_word' id='word_1_115' title='bbox 1192 900 1297 943; x_wconf 78' lang='lat' dir='ltr'>dirigi</span> <span class='ocrx_word' id='word_1_116' title='bbox 1324 901 1475 945; x_wconf 86' lang='lat' dir='ltr'>poterit,</span> <span class='ocrx_word' id='word_1_117' title='bbox 1510 900 1596 934; x_wconf 89' lang='lat' dir='ltr'>licet</span> <span class='ocrx_word' id='word_1_118' title='bbox 1620 900 1686 934; x_wconf 91' lang='grc'><strong>1100</strong></span> <span class='ocrx_word' id='word_1_119' title='bbox 1712 902 1913 945; x_wconf 78' lang='lat' dir='ltr'>spectetur.</span> <span class='ocrx_word' id='word_1_120' title='bbox 1948 900 1990 933; x_wconf 90' lang='lat' dir='ltr'>ut</span> 
     </span>
     <span class='ocr_line' id='line_1_11' title="bbox 225 1009 1989 1057; baseline -0.001 -11"><span class='ocrx_word' id='word_1_121' title='bbox 225 1013 385 1046; x_wconf 82' lang='lat' dir='ltr'>finitione</span> <span class='ocrx_word' id='word_1_122' title='bbox 419 1012 665 1057; x_wconf 84' lang='lat' dir='ltr'>responsionis</span> <span class='ocrx_word' id='word_1_123' title='bbox 699 1012 805 1047; x_wconf 91' lang='lat' dir='ltr'>huius</span> <span class='ocrx_word' id='word_1_124' title='bbox 840 1013 1089 1057; x_wconf 76' lang='lat' dir='ltr'>interpretatio</span> <span class='ocrx_word' id='word_1_125' title='bbox 1124 1024 1291 1055; x_wconf 82' lang='lat' dir='ltr'>magnam</span> <span class='ocrx_word' id='word_1_126' title='bbox 1326 1014 1466 1057; x_wconf 83' lang='lat' dir='ltr'>partem</span> <span class='ocrx_word' id='word_1_127' title='bbox 1502 1012 1643 1057; x_wconf 89' lang='lat' dir='ltr'>pendet.</span> <span class='ocrx_word' id='word_1_128' title='bbox 1695 1011 1862 1045; x_wconf 85' lang='lat' dir='ltr'>Ceterum</span> <span class='ocrx_word' id='word_1_129' title='bbox 1896 1009 1989 1055; x_wconf 88' lang='lat' dir='ltr'>quod</span> 
     </span>
     <span class='ocr_line' id='line_1_12' title="bbox 226 1063 1989 1111; baseline -0.002 -11"><span class='ocrx_word' id='word_1_130' title='bbox 226 1066 270 1100; x_wconf 89' lang='lat' dir='ltr'>ad</span> <span class='ocrx_word' id='word_1_131' title='bbox 296 1068 431 1100; x_wconf 85' lang='lat' dir='ltr'>rectam</span> <span class='ocrx_word' id='word_1_132' title='bbox 459 1065 692 1100; x_wconf 87' lang='lat' dir='ltr'>intentionem</span> <span class='ocrx_word' id='word_1_133' title='bbox 711 1067 849 1107; x_wconf 83' lang='lat' dir='ltr'>attinet,</span> <span class='ocrx_word' id='word_1_134' title='bbox 877 1066 920 1099; x_wconf 92' lang='lat' dir='ltr'>de</span> <span class='ocrx_word' id='word_1_135' title='bbox 946 1066 1087 1100; x_wconf 89' lang='lat' dir='ltr'>illius</span> <span class='ocrx_word' id='word_1_136' title='bbox 1114 1066 1301 1110; x_wconf 90' lang='lat' dir='ltr'>quidem</span> <span class='ocrx_word' id='word_1_137' title='bbox 1327 1066 1559 1111; x_wconf 88' lang='lat' dir='ltr'>temporis</span> <span class='ocrx_word' id='word_1_138' title='bbox 1577 1065 1793 1100; x_wconf 86' lang='lat' dir='ltr'>Lutheranis</span> <span class='ocrx_word' id='word_1_139' title='bbox 1810 1064 1874 1098; x_wconf 83' lang='lat' dir='ltr'>vix</span> <span class='ocrx_word' id='word_1_140' title='bbox 1892 1063 1989 1098; x_wconf 83' lang='lat' dir='ltr'>dubi-</span> 
     </span>
     <span class='ocr_line' id='line_1_13' title="bbox 225 1117 1990 1164; baseline -0.001 -11"><span class='ocrx_word' id='word_1_141' title='bbox 225 1119 325 1153; x_wconf 89' lang='lat' dir='ltr'>tandi</span> <span class='ocrx_word' id='word_1_142' title='bbox 351 1119 451 1153; x_wconf 83' lang='lat' dir='ltr'>locus</span> <span class='ocrx_word' id='word_1_143' title='bbox 478 1122 554 1153; x_wconf 84' lang='lat' dir='ltr'>erat</span> <span class='ocrx_word' id='word_1_144' title='bbox 583 1119 642 1164; x_wconf 90' lang='lat' dir='ltr'>(de</span> <span class='ocrx_word' id='word_1_145' title='bbox 669 1120 863 1154; x_wconf 88' lang='lat' dir='ltr'>incredulis</span> <span class='ocrx_word' id='word_1_146' title='bbox 889 1120 1002 1153; x_wconf 87' lang='lat' dir='ltr'>nostri</span> <span class='ocrx_word' id='word_1_147' title='bbox 1028 1119 1200 1164; x_wconf 83' lang='lat' dir='ltr'>temporis</span> <span class='ocrx_word' id='word_1_148' title='bbox 1226 1119 1429 1153; x_wconf 90' lang='lat' dir='ltr'>hominibus</span> <span class='ocrx_word' id='word_1_149' title='bbox 1455 1119 1560 1153; x_wconf 84' lang='lat' dir='ltr'>aliter</span> <span class='ocrx_word' id='word_1_150' title='bbox 1593 1130 1651 1153; x_wconf 87' lang='lat' dir='ltr'>res</span> <span class='ocrx_word' id='word_1_151' title='bbox 1684 1117 1831 1162; x_wconf 89' lang='lat' dir='ltr'>habet);</span> <span class='ocrx_word' id='word_1_152' title='bbox 1869 1127 1990 1162; x_wconf 89' lang='lat' dir='ltr'>quam-</span> 
     </span>
     <span class='ocr_line' id='line_1_14' title="bbox 226 1173 1990 1218; baseline -0.001 -11"><span class='ocrx_word' id='word_1_153' title='bbox 226 1185 333 1217; x_wconf 85' lang='lat' dir='ltr'>quam</span> <span class='ocrx_word' id='word_1_154' title='bbox 359 1175 445 1207; x_wconf 92' lang='lat' dir='ltr'>tunc</span> <span class='ocrx_word' id='word_1_155' title='bbox 472 1184 622 1217; x_wconf 88' lang='lat' dir='ltr'>quoque,</span> <span class='ocrx_word' id='word_1_156' title='bbox 649 1173 679 1207; x_wconf 86' lang='lat' dir='ltr'>si</span> <span class='ocrx_word' id='word_1_157' title='bbox 707 1174 748 1207; x_wconf 89' lang='lat' dir='ltr'>de</span> <span class='ocrx_word' id='word_1_158' title='bbox 776 1185 816 1207; x_wconf 91' lang='lat' dir='ltr'>ea</span> <span class='ocrx_word' id='word_1_159' title='bbox 843 1175 944 1218; x_wconf 87' lang='lat' dir='ltr'>parte</span> <span class='ocrx_word' id='word_1_160' title='bbox 970 1174 1061 1207; x_wconf 87' lang='lat' dir='ltr'>ritus</span> <span class='ocrx_word' id='word_1_161' title='bbox 1088 1173 1237 1214; x_wconf 82' lang='lat' dir='ltr'>externi,</span> <span class='ocrx_word' id='word_1_162' title='bbox 1265 1185 1356 1217; x_wconf 87' lang='lat' dir='ltr'>quae</span> <span class='ocrx_word' id='word_1_163' title='bbox 1382 1173 1426 1207; x_wconf 84' lang='lat' dir='ltr'>ad</span> <span class='ocrx_word' id='word_1_164' title='bbox 1453 1173 1671 1218; x_wconf 82' lang='lat' dir='ltr'>baptismum</span> <span class='ocrx_word' id='word_1_165' title='bbox 1697 1183 1844 1217; x_wconf 82' lang='lat' dir='ltr'>prorsus</span> <span class='ocrx_word' id='word_1_166' title='bbox 1869 1181 1990 1205; x_wconf 83' lang='lat' dir='ltr'>neces-</span> 
     </span>
     <span class='ocr_line' id='line_1_15' title="bbox 226 1226 1991 1271; baseline -0.002 -10"><span class='ocrx_word' id='word_1_167' title='bbox 226 1227 321 1261; x_wconf 82' lang='lat' dir='ltr'>saria</span> <span class='ocrx_word' id='word_1_168' title='bbox 348 1228 422 1267; x_wconf 82' lang='lat' dir='ltr'>est,</span> <span class='ocrx_word' id='word_1_169' title='bbox 457 1226 654 1271; x_wconf 88' lang='lat' dir='ltr'>loquimur,</span> <span class='ocrx_word' id='word_1_170' title='bbox 690 1227 842 1271; x_wconf 79' lang='lat' dir='ltr'>quaevis</span> <span class='ocrx_word' id='word_1_171' title='bbox 868 1226 1043 1261; x_wconf 83' lang='lat' dir='ltr'>dubitatio</span> <span class='ocrx_word' id='word_1_172' title='bbox 1070 1227 1225 1271; x_wconf 85' lang='lat' dir='ltr'>prudens</span> <span class='ocrx_word' id='word_1_173' title='bbox 1252 1226 1475 1268; x_wconf 81' lang='lat' dir='ltr'>sufficiebat,</span> <span class='ocrx_word' id='word_1_174' title='bbox 1511 1229 1551 1260; x_wconf 91' lang='lat' dir='ltr'>ut</span> <span class='ocrx_word' id='word_1_175' title='bbox 1576 1227 1778 1271; x_wconf 81' lang='lat' dir='ltr'>baptismus</span> <span class='ocrx_word' id='word_1_176' title='bbox 1804 1236 1885 1259; x_wconf 89' lang='grc'><strong>011111</strong></span> <span class='ocrx_word' id='word_1_177' title='bbox 1911 1235 1991 1258; x_wconf 87' lang='grc'><strong>0011-</strong></span> 
     </span>
     <span class='ocr_line' id='line_1_16' title="bbox 226 1277 1992 1325; baseline -0.002 -11"><span class='ocrx_word' id='word_1_178' title='bbox 226 1280 364 1314; x_wconf 85' lang='grc'><strong>(1101000</strong></span> <span class='ocrx_word' id='word_1_179' title='bbox 391 1280 607 1325; x_wconf 87' lang='lat' dir='ltr'>repetendus</span> <span class='ocrx_word' id='word_1_180' title='bbox 634 1283 739 1315; x_wconf 84' lang='lat' dir='ltr'>esset.</span> <span class='ocrx_word' id='word_1_181' title='bbox 791 1281 910 1324; x_wconf 82' lang='lat' dir='ltr'>Atque</span> <span class='ocrx_word' id='word_1_182' title='bbox 946 1280 1054 1314; x_wconf 87' lang='grc'><strong>011001</strong></span> <span class='ocrx_word' id='word_1_183' title='bbox 1085 1282 1258 1323; x_wconf 61' lang='lat' dir='ltr'>(inermus</span> <span class='ocrx_word' id='word_1_184' title='bbox 1288 1281 1401 1313; x_wconf 79' lang='lat' dir='ltr'>Gobat</span> <span class='ocrx_word' id='word_1_185' title='bbox 1429 1280 1461 1314; x_wconf 77' lang='lat' dir='ltr'>S.</span> <span class='ocrx_word' id='word_1_186' title='bbox 1490 1281 1542 1320; x_wconf 82' lang='lat' dir='ltr'>J.,</span> <span class='ocrx_word' id='word_1_187' title='bbox 1577 1279 1769 1323; x_wconf 82' lang='lat' dir='ltr'>theologus</span> <span class='ocrx_word' id='word_1_188' title='bbox 1803 1278 1899 1313; x_wconf 90' lang='lat' dir='ltr'>haud</span> <span class='ocrx_word' id='word_1_189' title='bbox 1934 1277 1992 1312; x_wconf 89' lang='lat' dir='ltr'>ob-</span> 
     </span>
     <span class='ocr_line' id='line_1_17' title="bbox 227 1331 1992 1378; baseline -0.002 -10"><span class='ocrx_word' id='word_1_190' title='bbox 227 1345 373 1374; x_wconf 82' lang='lat' dir='ltr'>scurus,</span> <span class='ocrx_word' id='word_1_191' title='bbox 408 1334 498 1368; x_wconf 86' lang='lat' dir='ltr'>satis</span> <span class='ocrx_word' id='word_1_192' title='bbox 526 1334 621 1368; x_wconf 87' lang='lat' dir='ltr'>clare</span> <span class='ocrx_word' id='word_1_193' title='bbox 647 1334 887 1378; x_wconf 76' lang='lat' dir='ltr'>significavit,</span> <span class='ocrx_word' id='word_1_194' title='bbox 922 1346 987 1368; x_wconf 88' lang='grc'><strong>5110</strong></span> <span class='ocrx_word' id='word_1_195' title='bbox 1013 1336 1173 1378; x_wconf 88' lang='lat' dir='ltr'>tempore</span> <span class='ocrx_word' id='word_1_196' title='bbox 1200 1354 1246 1357; x_wconf 88' lang='lat'><strong>—</strong></span> <span class='ocrx_word' id='word_1_197' title='bbox 1271 1334 1417 1378; x_wconf 81' lang='lat' dir='ltr'>scripsit</span> <span class='ocrx_word' id='word_1_198' title='bbox 1443 1345 1474 1368; x_wconf 86' lang='lat' dir='ltr'>a.</span> <span class='ocrx_word' id='word_1_199' title='bbox 1504 1335 1594 1368; x_wconf 81' lang='lat'>1669</span> <span class='ocrx_word' id='word_1_200' title='bbox 1621 1354 1666 1358; x_wconf 89' lang='lat'>—</span> <span class='ocrx_word' id='word_1_201' title='bbox 1691 1333 1750 1367; x_wconf 80' lang='lat' dir='ltr'>vel</span> <span class='ocrx_word' id='word_1_202' title='bbox 1778 1344 1858 1373; x_wconf 87' lang='lat' dir='ltr'>eos,</span> <span class='ocrx_word' id='word_1_203' title='bbox 1885 1331 1945 1376; x_wconf 92' lang='lat' dir='ltr'>qui</span> <span class='ocrx_word' id='word_1_204' title='bbox 1973 1342 1992 1365; x_wconf 84' lang='lat' dir='ltr'>a</span> 
     </span>
     <span class='ocr_line' id='line_1_18' title="bbox 227 1383 1993 1432; baseline -0.001 -12"><span class='ocrx_word' id='word_1_205' title='bbox 227 1387 458 1430; x_wconf 80' lang='lat' dir='ltr'>Zwinglianis</span> <span class='ocrx_word' id='word_1_206' title='bbox 484 1390 519 1421; x_wconf 85' lang='lat' dir='ltr'>et</span> <span class='ocrx_word' id='word_1_207' title='bbox 547 1387 767 1422; x_wconf 81' lang='lat' dir='ltr'>Oalvinianis</span> <span class='ocrx_word' id='word_1_208' title='bbox 794 1387 965 1432; x_wconf 85' lang='lat' dir='ltr'>baptizati</span> <span class='ocrx_word' id='word_1_209' title='bbox 992 1389 1113 1421; x_wconf 86' lang='lat' dir='ltr'>essent</span> <span class='ocrx_word' id='word_1_210' title='bbox 1147 1387 1203 1430; x_wconf 89' lang='lat' dir='ltr'>(ut</span> <span class='ocrx_word' id='word_1_211' title='bbox 1238 1387 1281 1420; x_wconf 89' lang='lat' dir='ltr'>de</span> <span class='ocrx_word' id='word_1_212' title='bbox 1307 1387 1523 1421; x_wconf 85' lang='lat' dir='ltr'>Lutheranis</span> <span class='ocrx_word' id='word_1_213' title='bbox 1549 1386 1726 1430; x_wconf 84' lang='lat' dir='ltr'>taceam),</span> <span class='ocrx_word' id='word_1_214' title='bbox 1764 1385 1859 1420; x_wconf 89' lang='lat' dir='ltr'>haud</span> <span class='ocrx_word' id='word_1_215' title='bbox 1886 1383 1993 1419; x_wconf 87' lang='lat' dir='ltr'>facile</span> 
     </span>
     <span class='ocr_line' id='line_1_19' title="bbox 229 1438 1994 1486; baseline -0.002 -11"><span class='ocrx_word' id='word_1_216' title='bbox 229 1453 249 1475; x_wconf 85' lang='lat' dir='ltr'>a</span> <span class='ocrx_word' id='word_1_217' title='bbox 284 1441 472 1475; x_wconf 83' lang='lat' dir='ltr'>catholicis</span> <span class='ocrx_word' id='word_1_218' title='bbox 506 1441 636 1475; x_wconf 88' lang='lat' dir='ltr'>iterum</span> <span class='ocrx_word' id='word_1_219' title='bbox 672 1441 847 1486; x_wconf 83' lang='lat' dir='ltr'>baptizari</span> <span class='ocrx_word' id='word_1_220' title='bbox 877 1441 1146 1486; x_wconf 77' lang='lat' dir='ltr'>(Experientiae</span> <span class='ocrx_word' id='word_1_221' title='bbox 1172 1440 1411 1484; x_wconf 83' lang='lat' dir='ltr'>Theologicae</span> <span class='ocrx_word' id='word_1_222' title='bbox 1445 1441 1523 1475; x_wconf 82' lang='lat' dir='ltr'>sive</span> <span class='ocrx_word' id='word_1_223' title='bbox 1549 1439 1853 1486; x_wconf 80' lang='lat' dir='ltr'>Experimentalis</span> <span class='ocrx_word' id='word_1_224' title='bbox 1879 1438 1994 1472; x_wconf 88' lang='lat' dir='ltr'>Theo-</span> 
     </span>
    </p>
   </div>
   <div class='ocr_carea' id='block_1_6' title="bbox 228 1491 2047 1539">
    <p class='ocr_par' dir='ltr' id='par_1_6' title="bbox 228 1491 2047 1539">
     <span class='ocr_line' id='line_1_20' title="bbox 228 1491 2047 1539; baseline -0.002 -11"><span class='ocrx_word' id='word_1_225' title='bbox 228 1494 323 1538; x_wconf 84' lang='lat' dir='ltr'>logia</span> <span class='ocrx_word' id='word_1_226' title='bbox 351 1494 545 1539; x_wconf 88' lang='lat' dir='ltr'>[Monachii</span> <span class='ocrx_word' id='word_1_227' title='bbox 574 1494 678 1539; x_wconf 84' lang='lat'>1669]</span> <span class='ocrx_word' id='word_1_228' title='bbox 707 1496 811 1529; x_wconf 86' lang='lat' dir='ltr'>tract.</span> <span class='ocrx_word' id='word_1_229' title='bbox 839 1495 870 1535; x_wconf 77' lang='lat'>2,</span> <span class='ocrx_word' id='word_1_230' title='bbox 899 1505 969 1528; x_wconf 86' lang='lat' dir='ltr'>cas.</span> <span class='ocrx_word' id='word_1_231' title='bbox 1000 1494 1053 1532; x_wconf 73' lang='lat'>13,</span> <span class='ocrx_word' id='word_1_232' title='bbox 1081 1505 1108 1528; x_wconf 87' lang='grc'>5.</span> <span class='ocrx_word' id='word_1_233' title='bbox 1137 1495 1168 1534; x_wconf 77' lang='grc'>2,</span> <span class='ocrx_word' id='word_1_234' title='bbox 1196 1506 1227 1528; x_wconf 89' lang='lat' dir='ltr'>n.</span> <span class='ocrx_word' id='word_1_235' title='bbox 1256 1494 1473 1537; x_wconf 78' lang='grc'><strong>388-390).</strong></span> <span class='ocrx_word' id='word_1_236' title='bbox 1524 1494 1663 1538; x_wconf 81' lang='lat' dir='ltr'>Atque,</span> <span class='ocrx_word' id='word_1_237' title='bbox 1690 1496 1731 1527; x_wconf 88' lang='lat' dir='ltr'>ut</span> <span class='ocrx_word' id='word_1_238' title='bbox 1756 1493 1850 1527; x_wconf 88' lang='lat' dir='ltr'>idem</span> <span class='ocrx_word' id='word_1_239' title='bbox 1877 1491 1995 1527; x_wconf 79' lang='lat' dir='ltr'>Gobat</span> <span class='ocrx_word' id='word_1_240' title='bbox 2045 1514 2047 1516; x_wconf 90' lang='lat'><em>-</em></span> 
     </span>
    </p>
   </div>
   <div class='ocr_carea' id='block_1_7' title="bbox 227 1545 1996 1807">
    <p class='ocr_par' dir='ltr' id='par_1_7' title="bbox 227 1545 1996 1807">
     <span class='ocr_line' id='line_1_21' title="bbox 229 1545 1994 1593; baseline -0.001 -12"><span class='ocrx_word' id='word_1_241' title='bbox 229 1551 348 1584; x_wconf 81' lang='lat' dir='ltr'>notat.</span> <span class='ocrx_word' id='word_1_242' title='bbox 389 1549 456 1582; x_wconf 89' lang='lat' dir='ltr'>duo</span> <span class='ocrx_word' id='word_1_243' title='bbox 483 1549 661 1593; x_wconf 83' lang='lat' dir='ltr'>praeclari</span> <span class='ocrx_word' id='word_1_244' title='bbox 688 1548 880 1582; x_wconf 75' lang='lat' dir='ltr'>Societatis</span> <span class='ocrx_word' id='word_1_245' title='bbox 906 1548 988 1581; x_wconf 79' lang='lat' dir='ltr'>lesu</span> <span class='ocrx_word' id='word_1_246' title='bbox 1015 1547 1193 1591; x_wconf 72' lang='lat' dir='ltr'>theologi,</span> <span class='ocrx_word' id='word_1_247' title='bbox 1230 1547 1291 1592; x_wconf 89' lang='lat' dir='ltr'>qui</span> <span class='ocrx_word' id='word_1_248' title='bbox 1318 1547 1419 1581; x_wconf 89' lang='lat' dir='ltr'>initio</span> <span class='ocrx_word' id='word_1_249' title='bbox 1446 1548 1581 1582; x_wconf 86' lang='lat' dir='ltr'>saeculi</span> <span class='ocrx_word' id='word_1_250' title='bbox 1607 1547 1721 1581; x_wconf 78' lang='lat' dir='ltr'>XVII.</span> <span class='ocrx_word' id='word_1_251' title='bbox 1748 1547 1784 1581; x_wconf 88' lang='lat' dir='ltr'>in</span> <span class='ocrx_word' id='word_1_252' title='bbox 1810 1545 1994 1591; x_wconf 87' lang='lat' dir='ltr'>superiore</span> 
     </span>
     <span class='ocr_line' id='line_1_22' title="bbox 229 1599 1995 1646; baseline -0.001 -11"><span class='ocrx_word' id='word_1_253' title='bbox 229 1602 421 1635; x_wconf 64' lang='lat' dir='ltr'>Germania</span> <span class='ocrx_word' id='word_1_254' title='bbox 449 1606 483 1636; x_wconf 87' lang='lat' dir='ltr'>et</span> <span class='ocrx_word' id='word_1_255' title='bbox 511 1603 707 1636; x_wconf 83' lang='lat' dir='ltr'>docuerunt</span> <span class='ocrx_word' id='word_1_256' title='bbox 734 1605 769 1636; x_wconf 88' lang='lat' dir='ltr'>et</span> <span class='ocrx_word' id='word_1_257' title='bbox 795 1602 1037 1646; x_wconf 87' lang='lat' dir='ltr'>scripserunt,</span> <span class='ocrx_word' id='word_1_258' title='bbox 1078 1602 1212 1635; x_wconf 74' lang='lat' dir='ltr'>Paulus</span> <span class='ocrx_word' id='word_1_259' title='bbox 1239 1602 1433 1645; x_wconf 75' lang='lat' dir='ltr'>Laymann</span> <span class='ocrx_word' id='word_1_260' title='bbox 1461 1603 1497 1634; x_wconf 85' lang='lat' dir='ltr'>et</span> <span class='ocrx_word' id='word_1_261' title='bbox 1525 1603 1639 1635; x_wconf 73' lang='lat' dir='ltr'>Adam</span> <span class='ocrx_word' id='word_1_262' title='bbox 1673 1602 1827 1645; x_wconf 79' lang='lat' dir='ltr'>Tanner,</span> <span class='ocrx_word' id='word_1_263' title='bbox 1865 1599 1925 1634; x_wconf 91' lang='lat' dir='ltr'>ubi</span> <span class='ocrx_word' id='word_1_264' title='bbox 1951 1599 1995 1633; x_wconf 83' lang='lat' dir='ltr'>de</span> 
     </span>
     <span class='ocr_line' id='line_1_23' title="bbox 227 1654 1995 1698; baseline -0.001 -10"><span class='ocrx_word' id='word_1_265' title='bbox 227 1655 418 1690; x_wconf 79' lang='lat' dir='ltr'>haereticis</span> <span class='ocrx_word' id='word_1_266' title='bbox 453 1656 498 1690; x_wconf 88' lang='lat' dir='ltr'>ad</span> <span class='ocrx_word' id='word_1_267' title='bbox 533 1656 722 1690; x_wconf 84' lang='lat' dir='ltr'>ecclesiam</span> <span class='ocrx_word' id='word_1_268' title='bbox 759 1655 973 1690; x_wconf 80' lang='lat' dir='ltr'>catholicam</span> <span class='ocrx_word' id='word_1_269' title='bbox 1010 1655 1244 1689; x_wconf 86' lang='lat' dir='ltr'>redeuntibus</span> <span class='ocrx_word' id='word_1_270' title='bbox 1279 1656 1409 1698; x_wconf 84' lang='lat' dir='ltr'>agunt,</span> <span class='ocrx_word' id='word_1_271' title='bbox 1446 1654 1512 1688; x_wconf 85' lang='lat' dir='ltr'>hoc</span> <span class='ocrx_word' id='word_1_272' title='bbox 1537 1654 1654 1688; x_wconf 89' lang='lat' dir='ltr'>solum</span> <span class='ocrx_word' id='word_1_273' title='bbox 1680 1655 1875 1698; x_wconf 87' lang='lat' dir='ltr'>quaerunt,</span> <span class='ocrx_word' id='word_1_274' title='bbox 1909 1663 1995 1687; x_wconf 88' lang='lat' dir='ltr'>num</span> 
     </span>
     <span class='ocr_line' id='line_1_24' title="bbox 228 1707 1996 1753; baseline -0.001 -10"><span class='ocrx_word' id='word_1_275' title='bbox 228 1720 352 1743; x_wconf 86' lang='lat' dir='ltr'>sacrae</span> <span class='ocrx_word' id='word_1_276' title='bbox 378 1709 462 1743; x_wconf 85' lang='grc'><strong>11100</strong></span> <span class='ocrx_word' id='word_1_277' title='bbox 490 1710 736 1751; x_wconf 81' lang='lat' dir='ltr'>caerimoniae,</span> <span class='ocrx_word' id='word_1_278' title='bbox 765 1721 856 1753; x_wconf 81' lang='lat' dir='ltr'>quae</span> <span class='ocrx_word' id='word_1_279' title='bbox 883 1721 927 1743; x_wconf 84' lang='lat' dir='ltr'>cx</span> <span class='ocrx_word' id='word_1_280' title='bbox 955 1708 1128 1743; x_wconf 86' lang='lat' dir='ltr'>ecclesiae</span> <span class='ocrx_word' id='word_1_281' title='bbox 1155 1708 1320 1743; x_wconf 89' lang='lat' dir='ltr'>instituto</span> <span class='ocrx_word' id='word_1_282' title='bbox 1347 1709 1465 1753; x_wconf 84' lang='lat' dir='ltr'>ipsum</span> <span class='ocrx_word' id='word_1_283' title='bbox 1488 1708 1706 1753; x_wconf 84' lang='lat' dir='ltr'>baptismum</span> <span class='ocrx_word' id='word_1_284' title='bbox 1725 1708 1828 1752; x_wconf 87' lang='lat' dir='ltr'>quasi</span> <span class='ocrx_word' id='word_1_285' title='bbox 1847 1707 1996 1742; x_wconf 88' lang='lat' dir='ltr'>circum-</span> 
     </span>
     <span class='ocr_line' id='line_1_25' title="bbox 230 1761 1995 1807; baseline -0.001 -11"><span class='ocrx_word' id='word_1_286' title='bbox 230 1763 314 1796; x_wconf 82' lang='lat' dir='ltr'>dant</span> <span class='ocrx_word' id='word_1_287' title='bbox 343 1765 377 1796; x_wconf 84' lang='lat' dir='ltr'>et</span> <span class='ocrx_word' id='word_1_288' title='bbox 404 1765 590 1805; x_wconf 76' lang='lat' dir='ltr'>exornant,</span> <span class='ocrx_word' id='word_1_289' title='bbox 618 1763 650 1796; x_wconf 85' lang='lat' dir='ltr'>iu</span> <span class='ocrx_word' id='word_1_290' title='bbox 680 1764 722 1797; x_wconf 90' lang='lat' dir='ltr'>iis</span> <span class='ocrx_word' id='word_1_291' title='bbox 750 1763 966 1807; x_wconf 82' lang='lat' dir='ltr'>repetendae</span> <span class='ocrx_word' id='word_1_292' title='bbox 992 1762 1063 1796; x_wconf 87' lang='lat' dir='ltr'>sint</span> <span class='ocrx_word' id='word_1_293' title='bbox 1091 1762 1322 1806; x_wconf 87' lang='lat' dir='ltr'>(Theologiae</span> <span class='ocrx_word' id='word_1_294' title='bbox 1347 1761 1496 1796; x_wconf 87' lang='lat' dir='ltr'>Moralis</span> <span class='ocrx_word' id='word_1_295' title='bbox 1523 1761 1628 1796; x_wconf 90' lang='lat' dir='ltr'>Liber</span> <span class='ocrx_word' id='word_1_296' title='bbox 1646 1761 1803 1806; x_wconf 86' lang='lat' dir='ltr'>quintus.</span> <span class='ocrx_word' id='word_1_297' title='bbox 1839 1761 1995 1795; x_wconf 82' lang='lat' dir='ltr'>Auctore</span> 
     </span>
    </p>
   </div>
   <div class='ocr_carea' id='block_1_8' title="bbox 230 1813 2021 1867">
    <p class='ocr_par' dir='ltr' id='par_1_8' title="bbox 230 1813 2021 1867">
     <span class='ocr_line' id='line_1_26' title="bbox 230 1813 2021 1867; baseline -0.001 -18"><span class='ocrx_word' id='word_1_298' title='bbox 230 1817 345 1849; x_wconf 78' lang='lat' dir='ltr'>Paulo</span> <span class='ocrx_word' id='word_1_299' title='bbox 371 1818 560 1860; x_wconf 72' lang='lat' dir='ltr'>Laymann</span> <span class='ocrx_word' id='word_1_300' title='bbox 591 1815 786 1860; x_wconf 87' lang='lat' dir='ltr'>[Monachii</span> <span class='ocrx_word' id='word_1_301' title='bbox 815 1816 934 1860; x_wconf 77' lang='lat'>1626]‚</span> <span class='ocrx_word' id='word_1_302' title='bbox 960 1818 1066 1850; x_wconf 85' lang='lat' dir='ltr'>tract.</span> <span class='ocrx_word' id='word_1_303' title='bbox 1095 1816 1126 1855; x_wconf 77' lang='lat'>2,</span> <span class='ocrx_word' id='word_1_304' title='bbox 1155 1828 1183 1849; x_wconf 86' lang='lat' dir='ltr'>c.</span> <span class='ocrx_word' id='word_1_305' title='bbox 1211 1815 1243 1856; x_wconf 81' lang='grc'>8,</span> <span class='ocrx_word' id='word_1_306' title='bbox 1269 1828 1303 1849; x_wconf 88' lang='lat' dir='ltr'>n.</span> <span class='ocrx_word' id='word_1_307' title='bbox 1333 1815 1386 1849; x_wconf 93' lang='grc'>10.</span> <span class='ocrx_word' id='word_1_308' title='bbox 1432 1817 1564 1849; x_wconf 70' lang='grc' dir='ltr'>Αιῖςιυιῐ</span> <span class='ocrx_word' id='word_1_309' title='bbox 1596 1816 1755 1849; x_wconf 74' lang='lat' dir='ltr'>Tanneri</span> <span class='ocrx_word' id='word_1_310' title='bbox 1780 1813 2021 1867; x_wconf 75' lang='lat' dir='ltr'>Theologiae¹</span> 
     </span>
    </p>
   </div>
   <div class='ocr_carea' id='block_1_9' title="bbox 230 1867 2001 2662">
    <p class='ocr_par' dir='ltr' id='par_1_9' title="bbox 231 1867 1899 1914">
     <span class='ocr_line' id='line_1_27' title="bbox 231 1867 1899 1914; baseline -0.001 -11"><span class='ocrx_word' id='word_1_311' title='bbox 231 1869 476 1904; x_wconf 76' lang='lat' dir='ltr'>Scholasticae</span> <span class='ocrx_word' id='word_1_312' title='bbox 503 1869 635 1905; x_wconf 87' lang='lat' dir='ltr'>Tomus</span> <span class='ocrx_word' id='word_1_313' title='bbox 662 1870 821 1912; x_wconf 78' lang='lat' dir='ltr'>Quartus</span> <span class='ocrx_word' id='word_1_314' title='bbox 849 1869 1076 1914; x_wconf 78' lang='lat' dir='ltr'>[ingolstadii</span> <span class='ocrx_word' id='word_1_315' title='bbox 1106 1868 1221 1914; x_wconf 71' lang='lat' dir='ltr'>1627J,</span> <span class='ocrx_word' id='word_1_316' title='bbox 1249 1869 1340 1914; x_wconf 90' lang='lat' dir='ltr'>disp.</span> <span class='ocrx_word' id='word_1_317' title='bbox 1366 1869 1399 1908; x_wconf 86' lang='lat'>4,</span> <span class='ocrx_word' id='word_1_318' title='bbox 1427 1880 1484 1912; x_wconf 89' lang='lat' dir='ltr'>qu.</span> <span class='ocrx_word' id='word_1_319' title='bbox 1512 1869 1543 1910; x_wconf 79' lang='lat'>2,</span> <span class='ocrx_word' id='word_1_320' title='bbox 1572 1869 1654 1902; x_wconf 91' lang='lat' dir='ltr'>dub.</span> <span class='ocrx_word' id='word_1_321' title='bbox 1680 1869 1713 1909; x_wconf 86' lang='lat'>4,</span> <span class='ocrx_word' id='word_1_322' title='bbox 1740 1880 1773 1902; x_wconf 92' lang='grc'>11.</span> <span class='ocrx_word' id='word_1_323' title='bbox 1803 1867 1899 1912; x_wconf 92' lang='grc'><strong>117).</strong></span> 
     </span>
    </p>

    <p class='ocr_par' dir='ltr' id='par_1_10' title="bbox 230 1921 2000 2397">
     <span class='ocr_line' id='line_1_28' title="bbox 353 1921 1998 1967; baseline -0.001 -10"><span class='ocrx_word' id='word_1_324' title='bbox 353 1925 362 1943; x_wconf 86' lang='lat'>¹</span> <span class='ocrx_word' id='word_1_325' title='bbox 389 1923 538 1965; x_wconf 88' lang='lat' dir='ltr'>Nescio,</span> <span class='ocrx_word' id='word_1_326' title='bbox 564 1926 683 1957; x_wconf 87' lang='lat' dir='ltr'>utrum</span> <span class='ocrx_word' id='word_1_327' title='bbox 711 1924 896 1964; x_wconf 84' lang='lat' dir='ltr'>Canisius,</span> <span class='ocrx_word' id='word_1_328' title='bbox 932 1935 1011 1957; x_wconf 88' lang='lat' dir='ltr'>cum</span> <span class='ocrx_word' id='word_1_329' title='bbox 1038 1934 1077 1957; x_wconf 86' lang='lat' dir='ltr'>se</span> <span class='ocrx_word' id='word_1_330' title='bbox 1103 1934 1206 1957; x_wconf 81' lang='lat' dir='ltr'>sacra</span> <span class='ocrx_word' id='word_1_331' title='bbox 1232 1922 1341 1956; x_wconf 88' lang='lat' dir='ltr'>biblia</span> <span class='ocrx_word' id='word_1_332' title='bbox 1368 1923 1526 1967; x_wconf 87' lang='lat' dir='ltr'>planiore</span> <span class='ocrx_word' id='word_1_333' title='bbox 1552 1922 1744 1956; x_wconf 84' lang='lat' dir='ltr'>verborum</span> <span class='ocrx_word' id='word_1_334' title='bbox 1770 1923 1893 1956; x_wconf 86' lang='lat' dir='ltr'>tenore</span> <span class='ocrx_word' id='word_1_335' title='bbox 1919 1921 1998 1956; x_wconf 81' lang='lat' dir='ltr'>sive</span> 
     </span>
     <span class='ocr_line' id='line_1_29' title="bbox 230 1974 1997 2022; baseline -0.001 -12"><span class='ocrx_word' id='word_1_336' title='bbox 230 1977 404 2010; x_wconf 89' lang='lat' dir='ltr'>sermonis</span> <span class='ocrx_word' id='word_1_337' title='bbox 431 1988 561 2020; x_wconf 79' lang='lat' dir='ltr'>genere</span> <span class='ocrx_word' id='word_1_338' title='bbox 588 1989 609 2011; x_wconf 88' lang='lat' dir='ltr'>a</span> <span class='ocrx_word' id='word_1_339' title='bbox 634 1977 919 2022; x_wconf 83' lang='lat' dir='ltr'>protestantibus</span> <span class='ocrx_word' id='word_1_340' title='bbox 946 1988 1051 2020; x_wconf 88' lang='lat' dir='ltr'>quam</span> <span class='ocrx_word' id='word_1_341' title='bbox 1089 1988 1109 2010; x_wconf 83' lang='grc'>0</span> <span class='ocrx_word' id='word_1_342' title='bbox 1144 1975 1331 2010; x_wconf 83' lang='lat' dir='ltr'>catholicis</span> <span class='ocrx_word' id='word_1_343' title='bbox 1360 1976 1506 2019; x_wconf 85' lang='lat' dir='ltr'>(Ioanne</span> <span class='ocrx_word' id='word_1_344' title='bbox 1532 1975 1658 2016; x_wconf 89' lang='lat' dir='ltr'>Eccio,</span> <span class='ocrx_word' id='word_1_345' title='bbox 1698 1975 1828 2009; x_wconf 87' lang='lat' dir='ltr'>Ioanne</span> <span class='ocrx_word' id='word_1_346' title='bbox 1854 1974 1997 2009; x_wconf 89' lang='lat' dir='ltr'>Dieten-</span> 
     </span>
     <span class='ocr_line' id='line_1_30' title="bbox 230 2028 1998 2074; baseline -0.001 -11"><span class='ocrx_word' id='word_1_347' title='bbox 230 2030 360 2073; x_wconf 82' lang='lat' dir='ltr'>berger</span> <span class='ocrx_word' id='word_1_348' title='bbox 386 2030 426 2064; x_wconf 94' lang='grc' dir='ltr'><strong>Ο.</strong></span> <span class='ocrx_word' id='word_1_349' title='bbox 455 2030 513 2064; x_wconf 77' lang='lat' dir='ltr'>Pr.</span> <span class='ocrx_word' id='word_1_350' title='bbox 541 2030 625 2074; x_wconf 74' lang='lat' dir='ltr'>etc.)</span> <span class='ocrx_word' id='word_1_351' title='bbox 655 2031 858 2074; x_wconf 74' lang='lat' dir='ltr'>germanice</span> <span class='ocrx_word' id='word_1_352' title='bbox 885 2042 992 2064; x_wconf 85' lang='lat' dir='ltr'>versa</span> <span class='ocrx_word' id='word_1_353' title='bbox 1018 2030 1139 2073; x_wconf 89' lang='lat' dir='ltr'>legere</span> <span class='ocrx_word' id='word_1_354' title='bbox 1166 2029 1259 2063; x_wconf 91' lang='lat' dir='ltr'>velle</span> <span class='ocrx_word' id='word_1_355' title='bbox 1286 2029 1470 2069; x_wconf 79' lang='lat' dir='ltr'>scriberet,</span> <span class='ocrx_word' id='word_1_356' title='bbox 1496 2028 1605 2063; x_wconf 85' lang='lat' dir='ltr'>biblia</span> <span class='ocrx_word' id='word_1_357' title='bbox 1630 2029 1836 2072; x_wconf 83' lang='lat' dir='ltr'>germanica</span> <span class='ocrx_word' id='word_1_358' title='bbox 1862 2028 1998 2073; x_wconf 86' lang='lat' dir='ltr'>signifi-</span> 
     </span>
     <span class='ocr_line' id='line_1_31' title="bbox 232 2082 1998 2129; baseline -0.001 -12"><span class='ocrx_word' id='word_1_359' title='bbox 232 2083 388 2124; x_wconf 84' lang='lat' dir='ltr'>caverit,</span> <span class='ocrx_word' id='word_1_360' title='bbox 428 2095 518 2128; x_wconf 81' lang='lat' dir='ltr'>quae</span> <span class='ocrx_word' id='word_1_361' title='bbox 546 2084 725 2119; x_wconf 87' lang='lat' dir='ltr'>Lutherus</span> <span class='ocrx_word' id='word_1_362' title='bbox 751 2084 904 2129; x_wconf 89' lang='lat' dir='ltr'>primum</span> <span class='ocrx_word' id='word_1_363' title='bbox 933 2083 1104 2127; x_wconf 82' lang='lat' dir='ltr'>(integra)</span> <span class='ocrx_word' id='word_1_364' title='bbox 1134 2082 1389 2127; x_wconf 76' lang='lat' dir='ltr'>Viteinbergae</span> <span class='ocrx_word' id='word_1_365' title='bbox 1424 2094 1455 2117; x_wconf 88' lang='lat' dir='ltr'>a.</span> <span class='ocrx_word' id='word_1_366' title='bbox 1485 2082 1594 2124; x_wconf 88' lang='lat'>1534,</span> <span class='ocrx_word' id='word_1_367' title='bbox 1630 2082 1756 2116; x_wconf 89' lang='lat' dir='ltr'>deinde</span> <span class='ocrx_word' id='word_1_368' title='bbox 1790 2082 1998 2116; x_wconf 85' lang='lat' dir='ltr'>iuvantibus</span> 
     </span>
     <span class='ocr_line' id='line_1_32' title="bbox 231 2135 1997 2181; baseline -0.001 -10"><span class='ocrx_word' id='word_1_369' title='bbox 231 2137 528 2179; x_wconf 83' lang='lat' dir='ltr'>Melanchthone,</span> <span class='ocrx_word' id='word_1_370' title='bbox 562 2138 815 2181; x_wconf 80' lang='lat' dir='ltr'>Bugenhagio,</span> <span class='ocrx_word' id='word_1_371' title='bbox 854 2138 950 2172; x_wconf 89' lang='lat' dir='ltr'>Iusto</span> <span class='ocrx_word' id='word_1_372' title='bbox 976 2137 1079 2178; x_wconf 86' lang='lat' dir='ltr'>Iona,</span> <span class='ocrx_word' id='word_1_373' title='bbox 1116 2137 1197 2171; x_wconf 83' lang='lat' dir='ltr'>aliis</span> <span class='ocrx_word' id='word_1_374' title='bbox 1223 2136 1425 2170; x_wconf 87' lang='lat' dir='ltr'>hominibus</span> <span class='ocrx_word' id='word_1_375' title='bbox 1452 2136 1564 2170; x_wconf 87' lang='lat' dir='ltr'>doctis</span> <span class='ocrx_word' id='word_1_376' title='bbox 1590 2136 1775 2179; x_wconf 85' lang='lat' dir='ltr'>recognita</span> <span class='ocrx_word' id='word_1_377' title='bbox 1808 2135 1940 2170; x_wconf 87' lang='lat' dir='ltr'>ibidem</span> <span class='ocrx_word' id='word_1_378' title='bbox 1966 2147 1997 2169; x_wconf 82' lang='grc'>0.</span> 
     </span>
     <span class='ocr_line' id='line_1_33' title="bbox 236 2188 1996 2235; baseline -0.002 -10"><span class='ocrx_word' id='word_1_379' title='bbox 236 2191 323 2225; x_wconf 91' lang='grc'><strong>1541</strong></span> <span class='ocrx_word' id='word_1_380' title='bbox 352 2191 531 2232; x_wconf 82' lang='lat' dir='ltr'>ediderat,</span> <span class='ocrx_word' id='word_1_381' title='bbox 567 2203 612 2225; x_wconf 84' lang='lat' dir='ltr'>an</span> <span class='ocrx_word' id='word_1_382' title='bbox 638 2191 748 2225; x_wconf 88' lang='lat' dir='ltr'>biblia</span> <span class='ocrx_word' id='word_1_383' title='bbox 773 2191 979 2235; x_wconf 79' lang='lat' dir='ltr'>germanica</span> <span class='ocrx_word' id='word_1_384' title='bbox 1019 2190 1276 2233; x_wconf 80' lang='lat' dir='ltr'>„combinata“,</span> <span class='ocrx_word' id='word_1_385' title='bbox 1312 2201 1403 2234; x_wconf 88' lang='lat' dir='ltr'>quae</span> <span class='ocrx_word' id='word_1_386' title='bbox 1428 2189 1553 2233; x_wconf 86' lang='lat' dir='ltr'>Tiguri</span> <span class='ocrx_word' id='word_1_387' title='bbox 1582 2188 1742 2233; x_wconf 81' lang='lat' dir='ltr'>(Ziirich)</span> <span class='ocrx_word' id='word_1_388' title='bbox 1779 2189 1860 2223; x_wconf 89' lang='lat' dir='ltr'>inde</span> <span class='ocrx_word' id='word_1_389' title='bbox 1895 2189 1940 2224; x_wconf 84' lang='lat' dir='ltr'>ab</span> <span class='ocrx_word' id='word_1_390' title='bbox 1966 2200 1996 2222; x_wconf 85' lang='lat' dir='ltr'>a.</span> 
     </span>
     <span class='ocr_line' id='line_1_34' title="bbox 235 2243 2000 2287; baseline -0.001 -9"><span class='ocrx_word' id='word_1_391' title='bbox 235 2244 324 2278; x_wconf 71' lang='lat'>1525</span> <span class='ocrx_word' id='word_1_392' title='bbox 351 2244 402 2278; x_wconf 84' lang='lat' dir='ltr'>ita</span> <span class='ocrx_word' id='word_1_393' title='bbox 428 2244 524 2278; x_wconf 87' lang='lat' dir='ltr'>edita</span> <span class='ocrx_word' id='word_1_394' title='bbox 549 2248 651 2286; x_wconf 85' lang='lat' dir='ltr'>sunt,</span> <span class='ocrx_word' id='word_1_395' title='bbox 687 2247 726 2279; x_wconf 89' lang='lat' dir='ltr'>nt</span> <span class='ocrx_word' id='word_1_396' title='bbox 752 2245 942 2279; x_wconf 85' lang='lat' dir='ltr'>lutherana</span> <span class='ocrx_word' id='word_1_397' title='bbox 968 2244 1087 2278; x_wconf 82' lang='lat' dir='ltr'>versio</span> <span class='ocrx_word' id='word_1_398' title='bbox 1114 2244 1158 2278; x_wconf 84' lang='lat' dir='ltr'>ad</span> <span class='ocrx_word' id='word_1_399' title='bbox 1184 2243 1341 2287; x_wconf 88' lang='lat' dir='ltr'>regionis</span> <span class='ocrx_word' id='word_1_400' title='bbox 1367 2254 1566 2277; x_wconf 88' lang='lat' dir='ltr'>sermonem</span> <span class='ocrx_word' id='word_1_401' title='bbox 1603 2243 1932 2277; x_wconf 82' lang='lat' dir='ltr'>accommodaretur</span> <span class='ocrx_word' id='word_1_402' title='bbox 1963 2244 2000 2276; x_wconf 84' lang='lat' dir='ltr'>et</span> 
     </span>
     <span class='ocr_line' id='line_1_35' title="bbox 233 2295 2000 2342; baseline -0.001 -11"><span class='ocrx_word' id='word_1_403' title='bbox 233 2297 312 2331; x_wconf 88' lang='lat' dir='ltr'>libri</span> <span class='ocrx_word' id='word_1_404' title='bbox 347 2297 548 2342; x_wconf 87' lang='lat' dir='ltr'>prophetici</span> <span class='ocrx_word' id='word_1_405' title='bbox 583 2300 619 2331; x_wconf 88' lang='lat' dir='ltr'>et</span> <span class='ocrx_word' id='word_1_406' title='bbox 654 2297 963 2333; x_wconf 84' lang='lat' dir='ltr'>deuterocanonici</span> <span class='ocrx_word' id='word_1_407' title='bbox 998 2299 1106 2341; x_wconf 88' lang='lat' dir='ltr'>atque</span> <span class='ocrx_word' id='word_1_408' title='bbox 1146 2297 1242 2339; x_wconf 89' lang='lat' dir='ltr'>(inde</span> <span class='ocrx_word' id='word_1_409' title='bbox 1277 2296 1320 2331; x_wconf 89' lang='lat' dir='ltr'>ab</span> <span class='ocrx_word' id='word_1_410' title='bbox 1356 2308 1387 2330; x_wconf 90' lang='lat' dir='ltr'>a.</span> <span class='ocrx_word' id='word_1_411' title='bbox 1417 2295 1523 2340; x_wconf 83' lang='lat'>1531)</span> <span class='ocrx_word' id='word_1_412' title='bbox 1552 2296 1718 2330; x_wconf 83' lang='lat' dir='ltr'>didactici</span> <span class='ocrx_word' id='word_1_413' title='bbox 1744 2296 1788 2330; x_wconf 87' lang='lat' dir='ltr'>ab</span> <span class='ocrx_word' id='word_1_414' title='bbox 1824 2295 1925 2337; x_wconf 86' lang='lat' dir='ltr'>aliis,</span> <span class='ocrx_word' id='word_1_415' title='bbox 1959 2297 2000 2330; x_wconf 87' lang='lat' dir='ltr'>ut</span> 
     </span>
     <span class='ocr_line' id='line_1_36' title="bbox 234 2350 1004 2397; baseline 0.003 -14"><span class='ocrx_word' id='word_1_416' title='bbox 234 2350 351 2384; x_wconf 88' lang='lat' dir='ltr'>Leone</span> <span class='ocrx_word' id='word_1_417' title='bbox 378 2351 495 2392; x_wconf 85' lang='lat' dir='ltr'>Iudae,</span> <span class='ocrx_word' id='word_1_418' title='bbox 522 2352 619 2386; x_wconf 85' lang='lat' dir='ltr'>versi</span> <span class='ocrx_word' id='word_1_419' title='bbox 646 2352 680 2385; x_wconf 92' lang='grc'>10</span> <span class='ocrx_word' id='word_1_420' title='bbox 708 2351 751 2385; x_wconf 90' lang='grc'>115</span> <span class='ocrx_word' id='word_1_421' title='bbox 777 2354 1004 2397; x_wconf 87' lang='lat' dir='ltr'>apparerent.</span> 
     </span>
    </p>

    <p class='ocr_par' dir='ltr' id='par_1_11' title="bbox 234 2403 2001 2662">
     <span class='ocr_line' id='line_1_37' title="bbox 354 2403 1999 2447; baseline -0.001 -9"><span class='ocrx_word' id='word_1_422' title='bbox 354 2404 367 2424; x_wconf 70' lang='lat'>‘²</span> <span class='ocrx_word' id='word_1_423' title='bbox 394 2404 562 2438; x_wconf 83' lang='lat' dir='ltr'>Genevae</span> <span class='ocrx_word' id='word_1_424' title='bbox 592 2405 874 2447; x_wconf 73' lang='grc'>7,1’01’011110101·15“</span> <span class='ocrx_word' id='word_1_425' title='bbox 914 2404 1011 2438; x_wconf 86' lang='grc'><strong>111105</strong></span> <span class='ocrx_word' id='word_1_426' title='bbox 1040 2404 1184 2438; x_wconf 80' lang='lat' dir='ltr'>loannis</span> <span class='ocrx_word' id='word_1_427' title='bbox 1211 2403 1352 2438; x_wconf 85' lang='lat' dir='ltr'>Calvini</span> <span class='ocrx_word' id='word_1_428' title='bbox 1388 2403 1634 2437; x_wconf 89' lang='lat' dir='ltr'>commentarii</span> <span class='ocrx_word' id='word_1_429' title='bbox 1667 2403 1702 2436; x_wconf 93' lang='lat' dir='ltr'>in</span> <span class='ocrx_word' id='word_1_430' title='bbox 1736 2413 1905 2446; x_wconf 86' lang='lat' dir='ltr'>magnam</span> <span class='ocrx_word' id='word_1_431' title='bbox 1940 2414 1999 2436; x_wconf 88' lang='lat' dir='ltr'>ve-</span> 
     </span>
     <span class='ocr_line' id='line_1_38' title="bbox 234 2455 1998 2503; baseline 0 -13"><span class='ocrx_word' id='word_1_432' title='bbox 234 2457 324 2491; x_wconf 87' lang='lat' dir='ltr'>teris</span> <span class='ocrx_word' id='word_1_433' title='bbox 349 2457 573 2491; x_wconf 85' lang='lat' dir='ltr'>Testamenti</span> <span class='ocrx_word' id='word_1_434' title='bbox 608 2461 746 2503; x_wconf 81' lang='lat' dir='ltr'>partem</span> <span class='ocrx_word' id='word_1_435' title='bbox 782 2460 818 2492; x_wconf 92' lang='lat' dir='ltr'>et</span> <span class='ocrx_word' id='word_1_436' title='bbox 850 2458 885 2492; x_wconf 87' lang='lat' dir='ltr'>in</span> <span class='ocrx_word' id='word_1_437' title='bbox 919 2457 1111 2503; x_wconf 89' lang='lat' dir='ltr'>plerosque</span> <span class='ocrx_word' id='word_1_438' title='bbox 1145 2457 1229 2490; x_wconf 88' lang='lat' dir='ltr'>novi</span> <span class='ocrx_word' id='word_1_439' title='bbox 1264 2456 1487 2491; x_wconf 87' lang='lat' dir='ltr'>Testamenti</span> <span class='ocrx_word' id='word_1_440' title='bbox 1521 2455 1631 2490; x_wconf 88' lang='lat' dir='ltr'>libros</span> <span class='ocrx_word' id='word_1_441' title='bbox 1668 2458 1744 2490; x_wconf 92' lang='lat' dir='ltr'>tum</span> <span class='ocrx_word' id='word_1_442' title='bbox 1782 2455 1885 2490; x_wconf 86' lang='lat' dir='ltr'>latini</span> <span class='ocrx_word' id='word_1_443' title='bbox 1923 2457 1998 2490; x_wconf 86' lang='lat' dir='ltr'>tum</span> 
     </span>
     <span class='ocr_line' id='line_1_39' title="bbox 237 2508 2000 2556; baseline 0 -13"><span class='ocrx_word' id='word_1_444' title='bbox 237 2509 359 2554; x_wconf 84' lang='lat' dir='ltr'>gallici</span> <span class='ocrx_word' id='word_1_445' title='bbox 386 2521 430 2544; x_wconf 83' lang='lat' dir='ltr'>ex</span> <span class='ocrx_word' id='word_1_446' title='bbox 456 2510 574 2544; x_wconf 89' lang='lat' dir='ltr'>Bladii</span> <span class='ocrx_word' id='word_1_447' title='bbox 600 2514 636 2545; x_wconf 92' lang='lat' dir='ltr'>et</span> <span class='ocrx_word' id='word_1_448' title='bbox 660 2511 807 2545; x_wconf 87' lang='lat' dir='ltr'>Roberti</span> <span class='ocrx_word' id='word_1_449' title='bbox 835 2510 1008 2556; x_wconf 84' lang='lat' dir='ltr'>Stephani</span> <span class='ocrx_word' id='word_1_450' title='bbox 1036 2510 1191 2545; x_wconf 90' lang='lat' dir='ltr'>officinis</span> <span class='ocrx_word' id='word_1_451' title='bbox 1216 2510 1252 2543; x_wconf 90' lang='lat' dir='ltr'>in</span> <span class='ocrx_word' id='word_1_452' title='bbox 1278 2509 1395 2544; x_wconf 91' lang='lat' dir='ltr'>lucem</span> <span class='ocrx_word' id='word_1_453' title='bbox 1420 2509 1629 2554; x_wconf 87' lang='lat' dir='ltr'>prodibant;</span> <span class='ocrx_word' id='word_1_454' title='bbox 1655 2509 1757 2543; x_wconf 87' lang='lat' dir='ltr'>velut</span> <span class='ocrx_word' id='word_1_455' title='bbox 1785 2508 2000 2552; x_wconf 78' lang='lat' dir='ltr'>„Harmonia</span> 
     </span>
     <span class='ocr_line' id='line_1_40' title="bbox 237 2562 2001 2609; baseline 0 -13"><span class='ocrx_word' id='word_1_456' title='bbox 237 2575 282 2597; x_wconf 88' lang='lat' dir='ltr'>ex</span> <span class='ocrx_word' id='word_1_457' title='bbox 309 2563 423 2597; x_wconf 82' lang='lat' dir='ltr'>tribus</span> <span class='ocrx_word' id='word_1_458' title='bbox 448 2563 695 2608; x_wconf 85' lang='lat' dir='ltr'>Euangelistis</span> <span class='ocrx_word' id='word_1_459' title='bbox 722 2564 938 2609; x_wconf 87' lang='lat' dir='ltr'>composita,</span> <span class='ocrx_word' id='word_1_460' title='bbox 965 2564 1168 2605; x_wconf 85' lang='lat' dir='ltr'>Matthaeo,</span> <span class='ocrx_word' id='word_1_461' title='bbox 1195 2563 1337 2603; x_wconf 82' lang='lat' dir='ltr'>Marco,</span> <span class='ocrx_word' id='word_1_462' title='bbox 1364 2565 1400 2596; x_wconf 86' lang='lat' dir='ltr'>et</span> <span class='ocrx_word' id='word_1_463' title='bbox 1426 2562 1540 2597; x_wconf 85' lang='lat' dir='ltr'>Luca:</span> <span class='ocrx_word' id='word_1_464' title='bbox 1568 2562 1736 2596; x_wconf 87' lang='lat' dir='ltr'>adiuncto</span> <span class='ocrx_word' id='word_1_465' title='bbox 1762 2573 1921 2597; x_wconf 87' lang='lat' dir='ltr'>seorsum</span> <span class='ocrx_word' id='word_1_466' title='bbox 1948 2562 2001 2597; x_wconf 92' lang='lat' dir='ltr'>Io-</span> 
     </span>
     <span class='ocr_line' id='line_1_41' title="bbox 237 2614 2000 2662; baseline 0 -12"><span class='ocrx_word' id='word_1_467' title='bbox 237 2616 373 2658; x_wconf 90' lang='lat' dir='ltr'>hanne,</span> <span class='ocrx_word' id='word_1_468' title='bbox 409 2617 503 2661; x_wconf 88' lang='lat' dir='ltr'>quod</span> <span class='ocrx_word' id='word_1_469' title='bbox 536 2628 651 2662; x_wconf 82' lang='lat' dir='ltr'>pauca</span> <span class='ocrx_word' id='word_1_470' title='bbox 685 2629 766 2651; x_wconf 88' lang='lat' dir='ltr'>cum</span> <span class='ocrx_word' id='word_1_471' title='bbox 801 2617 881 2651; x_wconf 85' lang='lat' dir='ltr'>aliis</span> <span class='ocrx_word' id='word_1_472' title='bbox 917 2617 1118 2651; x_wconf 89' lang='lat' dir='ltr'>communia</span> <span class='ocrx_word' id='word_1_473' title='bbox 1152 2616 1283 2650; x_wconf 87' lang='lat' dir='ltr'>habeat</span> <span class='ocrx_word' id='word_1_474' title='bbox 1310 2644 1316 2650; x_wconf 95' lang='lat'>.</span> <span class='ocrx_word' id='word_1_475' title='bbox 1345 2627 1426 2650; x_wconf 88' lang='lat' dir='ltr'>cvm</span> <span class='ocrx_word' id='word_1_476' title='bbox 1453 2615 1621 2649; x_wconf 83' lang='lat' dir='ltr'>lobannis</span> <span class='ocrx_word' id='word_1_477' title='bbox 1647 2614 1789 2650; x_wconf 88' lang='lat' dir='ltr'>Calvini</span> <span class='ocrx_word' id='word_1_478' title='bbox 1823 2627 2000 2650; x_wconf 87' lang='lat' dir='ltr'>commen-</span> 
     </span>
    </p>
   </div>
   <div class='ocr_carea' id='block_1_10' title="bbox 236 2668 2067 2714">
    <p class='ocr_par' dir='ltr' id='par_1_12' title="bbox 236 2668 2067 2714">
     <span class='ocr_line' id='line_1_42' title="bbox 236 2668 2067 2714; baseline -0.001 -11"><span class='ocrx_word' id='word_1_479' title='bbox 236 2669 350 2704; x_wconf 85' lang='lat' dir='ltr'>tariis.</span> <span class='ocrx_word' id='word_1_480' title='bbox 402 2669 520 2704; x_wconf 88' lang='lat' dir='ltr'>Editio</span> <span class='ocrx_word' id='word_1_481' title='bbox 554 2671 721 2704; x_wconf 88' lang='lat' dir='ltr'>secunda.</span> <span class='ocrx_word' id='word_1_482' title='bbox 773 2669 879 2704; x_wconf 88' lang='lat' dir='ltr'>Oliua</span> <span class='ocrx_word' id='word_1_483' title='bbox 904 2670 1051 2704; x_wconf 84' lang='lat' dir='ltr'>Roberti</span> <span class='ocrx_word' id='word_1_484' title='bbox 1077 2669 1260 2714; x_wconf 85' lang='lat' dir='ltr'>Stephani.</span> <span class='ocrx_word' id='word_1_485' title='bbox 1300 2668 1477 2702; x_wconf 82' lang='lat' dir='ltr'>M.D.LX“</span> <span class='ocrx_word' id='word_1_486' title='bbox 1519 2668 1678 2713; x_wconf 86' lang='lat' dir='ltr'>(Ioannis</span> <span class='ocrx_word' id='word_1_487' title='bbox 1705 2668 1846 2703; x_wconf 85' lang='lat' dir='ltr'>Calvini</span> <span class='ocrx_word' id='word_1_488' title='bbox 1872 2668 2000 2714; x_wconf 86' lang='lat' dir='ltr'>Opera,</span> <span class='ocrx_word' id='word_1_489' title='bbox 2063 2706 2067 2708; x_wconf 50' lang='grc'>,</span> 
     </span>
    </p>
   </div>
   <div class='ocr_carea' id='block_1_11' title="bbox 239 2721 2002 3141">
    <p class='ocr_par' dir='ltr' id='par_1_13' title="bbox 239 2721 2002 3035">
     <span class='ocr_line' id='line_1_43' title="bbox 239 2721 2001 2767; baseline 0 -11"><span class='ocrx_word' id='word_1_490' title='bbox 239 2723 316 2757; x_wconf 90' lang='lat' dir='ltr'>edd.</span> <span class='ocrx_word' id='word_1_491' title='bbox 349 2725 390 2757; x_wconf 81' lang='lat' dir='ltr'>G.</span> <span class='ocrx_word' id='word_1_492' title='bbox 417 2724 554 2767; x_wconf 76' lang='lat' dir='ltr'>Baum,</span> <span class='ocrx_word' id='word_1_493' title='bbox 579 2725 647 2758; x_wconf 80' lang='lat' dir='ltr'>Ed.</span> <span class='ocrx_word' id='word_1_494' title='bbox 679 2724 824 2764; x_wconf 65' lang='lat' dir='ltr'>Gemite,</span> <span class='ocrx_word' id='word_1_495' title='bbox 850 2725 918 2757; x_wconf 76' lang='lat' dir='ltr'>Ed.</span> <span class='ocrx_word' id='word_1_496' title='bbox 944 2725 1056 2757; x_wconf 74' lang='lat' dir='ltr'>Reuss</span> <span class='ocrx_word' id='word_1_497' title='bbox 1082 2722 1178 2756; x_wconf 85' lang='lat' dir='ltr'>XLV</span> <span class='ocrx_word' id='word_1_498' title='bbox 1205 2721 1446 2766; x_wconf 86' lang='lat' dir='ltr'>[Brunsvigae</span> <span class='ocrx_word' id='word_1_499' title='bbox 1474 2721 1590 2766; x_wconf 82' lang='lat'>1891]‚</span> <span class='ocrx_word' id='word_1_500' title='bbox 1616 2721 1683 2765; x_wconf 79' lang='lat' dir='ltr'>IV).</span> <span class='ocrx_word' id='word_1_501' title='bbox 1734 2722 1789 2756; x_wconf 86' lang='lat' dir='ltr'>Ex</span> <span class='ocrx_word' id='word_1_502' title='bbox 1816 2733 1885 2766; x_wconf 90' lang='lat' dir='ltr'>quo</span> <span class='ocrx_word' id='word_1_503' title='bbox 1910 2722 2001 2756; x_wconf 90' lang='lat' dir='ltr'>libro</span> 
     </span>
     <span class='ocr_line' id='line_1_44' title="bbox 239 2774 2002 2820; baseline 0.001 -11"><span class='ocrx_word' id='word_1_504' title='bbox 239 2779 347 2820; x_wconf 83' lang='lat' dir='ltr'>atque</span> <span class='ocrx_word' id='word_1_505' title='bbox 374 2776 482 2810; x_wconf 87' lang='lat' dir='ltr'>etiam</span> <span class='ocrx_word' id='word_1_506' title='bbox 509 2789 554 2811; x_wconf 82' lang='lat' dir='ltr'>ex</span> <span class='ocrx_word' id='word_1_507' title='bbox 575 2777 715 2811; x_wconf 87' lang='lat' dir='ltr'>Calvini</span> <span class='ocrx_word' id='word_1_508' title='bbox 741 2777 777 2810; x_wconf 92' lang='lat' dir='ltr'>in</span> <span class='ocrx_word' id='word_1_509' title='bbox 796 2777 965 2811; x_wconf 81' lang='lat' dir='ltr'>Genesim</span> <span class='ocrx_word' id='word_1_510' title='bbox 991 2775 1245 2810; x_wconf 87' lang='lat' dir='ltr'>commentario</span> <span class='ocrx_word' id='word_1_511' title='bbox 1265 2774 1431 2809; x_wconf 85' lang='lat' dir='ltr'>Canisius</span> <span class='ocrx_word' id='word_1_512' title='bbox 1456 2777 1580 2820; x_wconf 87' lang='lat' dir='ltr'>postea</span> <span class='ocrx_word' id='word_1_513' title='bbox 1608 2776 1643 2809; x_wconf 90' lang='lat' dir='ltr'>in</span> <span class='ocrx_word' id='word_1_514' title='bbox 1669 2775 1758 2809; x_wconf 87' lang='lat' dir='ltr'>libro</span> <span class='ocrx_word' id='word_1_515' title='bbox 1789 2775 1860 2817; x_wconf 86' lang='lat' dir='ltr'>„De</span> <span class='ocrx_word' id='word_1_516' title='bbox 1886 2775 2002 2810; x_wconf 84' lang='lat' dir='ltr'>Maria</span> 
     </span>
     <span class='ocr_line' id='line_1_45' title="bbox 239 2828 2000 2875; baseline 0.001 -13"><span class='ocrx_word' id='word_1_517' title='bbox 239 2829 389 2873; x_wconf 76' lang='lat' dir='ltr'>Virgine</span> <span class='ocrx_word' id='word_1_518' title='bbox 414 2829 702 2875; x_wconf 79' lang='lat' dir='ltr'>incomparabili“</span> <span class='ocrx_word' id='word_1_519' title='bbox 734 2829 935 2875; x_wconf 89' lang='lat' dir='ltr'>complures</span> <span class='ocrx_word' id='word_1_520' title='bbox 960 2829 1069 2871; x_wconf 87' lang='lat' dir='ltr'>locos,</span> <span class='ocrx_word' id='word_1_521' title='bbox 1096 2839 1227 2873; x_wconf 89' lang='lat' dir='ltr'>eosque</span> <span class='ocrx_word' id='word_1_522' title='bbox 1254 2829 1385 2873; x_wconf 87' lang='lat' dir='ltr'>partim</span> <span class='ocrx_word' id='word_1_523' title='bbox 1411 2828 1455 2862; x_wconf 87' lang='lat' dir='ltr'>ad</span> <span class='ocrx_word' id='word_1_524' title='bbox 1482 2829 1650 2869; x_wconf 86' lang='lat' dir='ltr'>verbum,</span> <span class='ocrx_word' id='word_1_525' title='bbox 1676 2828 1860 2870; x_wconf 87' lang='lat' dir='ltr'>recitavit,</span> <span class='ocrx_word' id='word_1_526' title='bbox 1887 2829 2000 2870; x_wconf 83' lang='lat' dir='ltr'>modo,</span> 
     </span>
     <span class='ocr_line' id='line_1_46' title="bbox 240 2881 2002 2923; baseline 0 -7"><span class='ocrx_word' id='word_1_527' title='bbox 240 2885 280 2916; x_wconf 86' lang='lat' dir='ltr'>ut</span> <span class='ocrx_word' id='word_1_528' title='bbox 307 2882 495 2917; x_wconf 87' lang='lat' dir='ltr'>Calvinum</span> <span class='ocrx_word' id='word_1_529' title='bbox 521 2884 714 2923; x_wconf 83' lang='lat' dir='ltr'>refutaret,</span> <span class='ocrx_word' id='word_1_530' title='bbox 741 2883 844 2917; x_wconf 92' lang='lat' dir='ltr'>modo</span> <span class='ocrx_word' id='word_1_531' title='bbox 869 2885 909 2917; x_wconf 89' lang='lat' dir='ltr'>ut</span> <span class='ocrx_word' id='word_1_532' title='bbox 935 2894 1014 2916; x_wconf 89' lang='lat' dir='ltr'>eum</span> <span class='ocrx_word' id='word_1_533' title='bbox 1041 2882 1215 2916; x_wconf 87' lang='lat' dir='ltr'>adversus</span> <span class='ocrx_word' id='word_1_534' title='bbox 1241 2881 1468 2915; x_wconf 86' lang='lat' dir='ltr'>lutheranum</span> <span class='ocrx_word' id='word_1_535' title='bbox 1494 2881 1595 2915; x_wconf 90' lang='lat' dir='ltr'>illum</span> <span class='ocrx_word' id='word_1_536' title='bbox 1621 2881 1789 2916; x_wconf 87' lang='lat' dir='ltr'>Ioannem</span> <span class='ocrx_word' id='word_1_537' title='bbox 1815 2881 2002 2916; x_wconf 87' lang='lat' dir='ltr'>Brentium</span> 
     </span>
     <span class='ocr_line' id='line_1_47' title="bbox 240 2934 2001 2981; baseline -0.001 -12"><span class='ocrx_word' id='word_1_538' title='bbox 240 2937 371 2969; x_wconf 86' lang='lat' dir='ltr'>testem</span> <span class='ocrx_word' id='word_1_539' title='bbox 397 2937 609 2981; x_wconf 86' lang='lat' dir='ltr'>produceret</span> <span class='ocrx_word' id='word_1_540' title='bbox 639 2937 676 2980; x_wconf 94' lang='grc'>(1.</span> <span class='ocrx_word' id='word_1_541' title='bbox 702 2937 744 2978; x_wconf 86' lang='grc'><strong>4,</strong></span> <span class='ocrx_word' id='word_1_542' title='bbox 771 2948 800 2971; x_wconf 90' lang='lat' dir='ltr'>c.</span> <span class='ocrx_word' id='word_1_543' title='bbox 829 2937 860 2970; x_wconf 89' lang='lat'>1.</span> <span class='ocrx_word' id='word_1_544' title='bbox 890 2936 951 2977; x_wconf 80' lang='lat'>19;</span> <span class='ocrx_word' id='word_1_545' title='bbox 977 2936 999 2969; x_wconf 95' lang='grc'>1.</span> <span class='ocrx_word' id='word_1_546' title='bbox 1027 2936 1067 2976; x_wconf 88' lang='grc'>5,</span> <span class='ocrx_word' id='word_1_547' title='bbox 1095 2947 1124 2969; x_wconf 91' lang='grc'>0.</span> <span class='ocrx_word' id='word_1_548' title='bbox 1154 2936 1183 2969; x_wconf 90' lang='grc'>1.</span> <span class='ocrx_word' id='word_1_549' title='bbox 1212 2936 1243 2968; x_wconf 88' lang='grc'><strong>7.</strong></span> <span class='ocrx_word' id='word_1_550' title='bbox 1270 2936 1302 2969; x_wconf 85' lang='grc'><strong>9.</strong></span> <span class='ocrx_word' id='word_1_551' title='bbox 1332 2935 1394 2972; x_wconf 84' lang='grc'>11;</span> <span class='ocrx_word' id='word_1_552' title='bbox 1430 2935 1465 2968; x_wconf 86' lang='grc'>10</span> <span class='ocrx_word' id='word_1_553' title='bbox 1491 2934 1646 2968; x_wconf 89' lang='lat' dir='ltr'>editione</span> <span class='ocrx_word' id='word_1_554' title='bbox 1671 2934 1883 2978; x_wconf 85' lang='lat' dir='ltr'>Ingolstadii</span> <span class='ocrx_word' id='word_1_555' title='bbox 1909 2946 2001 2969; x_wconf 87' lang='lat' dir='ltr'>anno</span> 
     </span>
     <span class='ocr_line' id='line_1_48' title="bbox 244 2988 1387 3035; baseline 0 -13"><span class='ocrx_word' id='word_1_556' title='bbox 244 2989 332 3023; x_wconf 86' lang='lat'>1577</span> <span class='ocrx_word' id='word_1_557' title='bbox 360 2989 455 3023; x_wconf 82' lang='lat' dir='ltr'>facta</span> <span class='ocrx_word' id='word_1_558' title='bbox 482 3002 515 3035; x_wconf 91' lang='lat' dir='ltr'>p.</span> <span class='ocrx_word' id='word_1_559' title='bbox 543 2991 622 3025; x_wconf 83' lang='lat'>360.</span> <span class='ocrx_word' id='word_1_560' title='bbox 647 2990 728 3025; x_wconf 84' lang='lat'>467.</span> <span class='ocrx_word' id='word_1_561' title='bbox 754 2989 835 3024; x_wconf 89' lang='grc'><strong>468.</strong></span> <span class='ocrx_word' id='word_1_562' title='bbox 863 2989 942 3023; x_wconf 91' lang='grc'><strong>541.</strong></span> <span class='ocrx_word' id='word_1_563' title='bbox 970 2989 1048 3024; x_wconf 86' lang='grc'><strong>586.</strong></span> <span class='ocrx_word' id='word_1_564' title='bbox 1077 2988 1156 3023; x_wconf 87' lang='grc'><strong>587.</strong></span> <span class='ocrx_word' id='word_1_565' title='bbox 1184 2988 1263 3022; x_wconf 85' lang='grc'><strong>596.</strong></span> <span class='ocrx_word' id='word_1_566' title='bbox 1290 2988 1387 3031; x_wconf 88' lang='grc'><strong>608).</strong></span> 
     </span>
    </p>

    <p class='ocr_par' dir='ltr' id='par_1_14' title="bbox 242 3040 2001 3141">
     <span class='ocr_line' id='line_1_49' title="bbox 361 3040 2000 3082; baseline 0 -6"><span class='ocrx_word' id='word_1_567' title='bbox 361 3043 374 3062; x_wconf 80' lang='lat'><strong>³</strong></span> <span class='ocrx_word' id='word_1_568' title='bbox 400 3042 546 3077; x_wconf 90' lang='lat' dir='ltr'>Lainius</span> <span class='ocrx_word' id='word_1_569' title='bbox 570 3043 703 3078; x_wconf 87' lang='lat' dir='ltr'>litteris</span> <span class='ocrx_word' id='word_1_570' title='bbox 728 3043 842 3077; x_wconf 86' lang='lat' dir='ltr'>Roma</span> <span class='ocrx_word' id='word_1_571' title='bbox 863 3042 919 3076; x_wconf 81' lang='lat'>24.</span> <span class='ocrx_word' id='word_1_572' title='bbox 937 3041 1061 3076; x_wconf 79' lang='lat' dir='ltr'>Martii</span> <span class='ocrx_word' id='word_1_573' title='bbox 1081 3042 1171 3076; x_wconf 89' lang='lat'>1560</span> <span class='ocrx_word' id='word_1_574' title='bbox 1198 3041 1292 3075; x_wconf 85' lang='lat' dir='ltr'>datis</span> <span class='ocrx_word' id='word_1_575' title='bbox 1318 3040 1543 3082; x_wconf 87' lang='lat' dir='ltr'>auctoritate,</span> <span class='ocrx_word' id='word_1_576' title='bbox 1569 3041 1610 3074; x_wconf 89' lang='lat' dir='ltr'>ut</span> <span class='ocrx_word' id='word_1_577' title='bbox 1635 3040 1788 3082; x_wconf 88' lang='lat' dir='ltr'>videtur,</span> <span class='ocrx_word' id='word_1_578' title='bbox 1814 3041 2000 3076; x_wconf 84' lang='lat' dir='ltr'>Michaelis</span> 
     </span>
     <span class='ocr_line' id='line_1_50' title="bbox 242 3093 2001 3141; baseline 0.001 -13"><span class='ocrx_word' id='word_1_579' title='bbox 242 3095 434 3130; x_wconf 86' lang='lat' dir='ltr'>cardinalis</span> <span class='ocrx_word' id='word_1_580' title='bbox 461 3095 606 3131; x_wconf 82' lang='lat' dir='ltr'>Gislerii</span> <span class='ocrx_word' id='word_1_581' title='bbox 634 3096 772 3141; x_wconf 84' lang='lat' dir='ltr'>(Sancti</span> <span class='ocrx_word' id='word_1_582' title='bbox 798 3095 853 3129; x_wconf 89' lang='lat' dir='ltr'>Pii</span> <span class='ocrx_word' id='word_1_583' title='bbox 879 3095 938 3139; x_wconf 84' lang='lat' dir='ltr'>V.)</span> <span class='ocrx_word' id='word_1_584' title='bbox 968 3094 1008 3129; x_wconf 96' lang='grc' dir='ltr'><strong>Ο.</strong></span> <span class='ocrx_word' id='word_1_585' title='bbox 1036 3094 1114 3135; x_wconf 86' lang='grc' dir='ltr'><strong>Ρ1.,</strong></span> <span class='ocrx_word' id='word_1_586' title='bbox 1150 3094 1308 3139; x_wconf 85' lang='lat' dir='ltr'>supremi</span> <span class='ocrx_word' id='word_1_587' title='bbox 1334 3093 1574 3138; x_wconf 86' lang='lat' dir='ltr'>inquisitoris,</span> <span class='ocrx_word' id='word_1_588' title='bbox 1614 3104 1694 3127; x_wconf 88' lang='lat' dir='ltr'>cum</span> <span class='ocrx_word' id='word_1_589' title='bbox 1721 3093 1863 3128; x_wconf 84' lang='lat' dir='ltr'>Canisio</span> <span class='ocrx_word' id='word_1_590' title='bbox 1889 3095 2001 3129; x_wconf 84' lang='lat' dir='ltr'>facul-</span> 
     </span>
    </p>
   </div>
   <div class='ocr_carea' id='block_1_12' title="bbox 241 3146 1999 3245">
    <p class='ocr_par' dir='ltr' id='par_1_15' title="bbox 241 3146 1999 3245">
     <span class='ocr_line' id='line_1_51' title="bbox 241 3146 1999 3233; baseline 0.001 -52"><span class='ocrx_word' id='word_1_591' title='bbox 241 3150 356 3233; x_wconf 49' lang='lat' dir='ltr'>tatem</span> <span class='ocrx_word' id='word_1_592' title='bbox 389 3149 717 3184; x_wconf 87' lang='lat' dir='ltr'>communicaverat</span> <span class='ocrx_word' id='word_1_593' title='bbox 754 3149 863 3183; x_wconf 88' lang='lat' dir='ltr'>libros</span> <span class='ocrx_word' id='word_1_594' title='bbox 900 3148 1101 3182; x_wconf 86' lang='lat' dir='ltr'>haereticos</span> <span class='ocrx_word' id='word_1_595' title='bbox 1139 3147 1281 3190; x_wconf 84' lang='lat' dir='ltr'>legendi</span> <span class='ocrx_word' id='word_1_596' title='bbox 1323 3147 1387 3189; x_wconf 73' lang='lat' dir='ltr'>⁷,ad</span> <span class='ocrx_word' id='word_1_597' title='bbox 1425 3146 1728 3192; x_wconf 84' lang='lat' dir='ltr'>impugnandum“</span> <span class='ocrx_word' id='word_1_598' title='bbox 1770 3146 1873 3190; x_wconf 75' lang='lat' dir='ltr'>(Can.</span> <span class='ocrx_word' id='word_1_599' title='bbox 1912 3147 1999 3193; x_wconf 77' lang='lat' dir='ltr'>Epp.</span> 
     </span>
     <span class='ocr_line' id='line_1_52' title="bbox 242 3201 410 3245; baseline 0.012 -11"><span class='ocrx_word' id='word_1_600' title='bbox 242 3201 257 3234; x_wconf 94' lang='grc' dir='ltr'>Ι</span> <span class='ocrx_word' id='word_1_601' title='bbox 279 3228 285 3242; x_wconf 91' lang='grc'><strong><em>,</em></strong></span> <span class='ocrx_word' id='word_1_602' title='bbox 313 3201 410 3245; x_wconf 90' lang='grc'><strong>614).</strong></span> 
     </span>
    </p>
   </div>
   <div class='ocr_carea' id='block_1_13' title="bbox 2026 0 2093 3444">
    <p class='ocr_par' dir='ltr' id='par_1_16' title="bbox 2026 0 2093 3444">
     <span class='ocr_line' id='line_1_53' title="bbox 2026 0 2093 3444; baseline 0 -159"><span class='ocrx_word' id='word_1_603' title='bbox 2026 0 2093 3285; x_wconf 95' lang='lat' dir='ltr'>  </span> <span class='ocrx_word' id='word_1_604' title='bbox 2079 2920 2093 3444; x_wconf 95' lang='lat' dir='ltr'>  </span> 
     </span>
    </p>
   </div>
   <div class='ocr_carea' id='block_1_14' title="bbox 2073 3037 2079 3194">
    <p class='ocr_par' dir='ltr' id='par_1_17' title="bbox 2073 3037 2079 3194">
     <span class='ocr_line' id='line_1_54' title="bbox 2073 3037 2079 3194; baseline 0 0"><span class='ocrx_word' id='word_1_605' title='bbox 2073 3037 2079 3194; x_wconf 57' lang='lat' dir='ltr'>l</span> 
     </span>
    </p>
   </div>
  </div>
 </body>
</html>
