2093 3444
354 190 434 226 672.
468 190 594 224 Franc.
621 189 820 224 Petraroha
847 189 1000 225 Canisio.
1045 189 1157 223 Roma
1183 190 1215 223 4.
1243 188 1378 234 Aprilis
1407 189 1508 223 1562.
1730 193 1813 234 397

42 309 135 344 alius
163 308 307 353 quidam
333 307 438 341 homo
473 306 603 341 nobilis
639 306 840 348 affirmant,
876 318 1025 351 puerum
1059 307 1238 352 cupiuisse
1265 307 1467 349 discedere,
1503 307 1532 342 si
1561 308 1712 352 pecunia
1747 308 1815 353 ipsi

40 363 180 398 reddita
219 361 370 395 fuisset“
414 359 476 405 (ex
510 360 638 394 harum
673 359 873 394 litterarum
912 360 1141 405 apographo,
1178 371 1198 394 a
1232 360 1272 395 P.
1304 361 1494 395 Gaz'lielmo
1529 362 1682 395 Elcleren
1718 361 1752 396 S.
1782 362 1814 395 J.

42 416 231 459 Augustae
258 414 392 459 scripto
419 415 455 448 et
472 413 533 447 vel
560 425 580 447 a
599 412 742 448 Canisio
760 413 819 447 vel
846 413 890 446 ab
918 413 986 448 alio
1006 413 1107 448 Socio
1127 414 1275 448 Romam
1304 413 1347 447 ad
1366 414 1406 448 P.
1426 413 1668 448 Salmeronem
1696 415 1816 449 misso.

43 469 127 504 Cod.
151 468 212 511 „G.
233 468 298 513 Ep.
317 468 388 502 III“
419 467 444 502 f.
463 466 536 510 25).
576 468 750 511 Hoffaeas
777 468 895 500 autem
925 467 1066 511 collegii
1085 467 1364 502 vindobonensis
1390 469 1509 501 rector
1535 467 1571 501 in
1590 467 1817 509 *Relatione,

43 534 151 568 quam
185 533 294 567 supra
328 533 362 566 p.
390 520 459 555 368
495 519 589 555 dixi:
629 519 827 564 „Georgius
854 519 1045 562 Polonus“,
1081 521 1216 565 inquit,
1258 520 1423 562 „tametsi
1455 522 1542 555 vota
1573 521 1740 555 habuerit
1775 522 1817 555 ob

42 575 350 622 importunitatem
380 576 501 608 tamen
527 573 669 618 Dominj
699 573 877 618 fflomerj,
915 575 950 607 et
976 574 1156 619 Auunculj
1183 574 1298 617 legati
1334 574 1376 608 ad
1405 574 1533 609 Sedem
1559 574 1816 620 Apostolioam‚

42 632 80 664 et
104 627 411 663 Reuerendissimi
437 626 663 662 Varmiensis
689 627 852 661 redditus
879 629 934 661 est
960 627 1091 662 earni.“

863 750 994 792 (372.

317 844 382 886 P.
414 842 866 886 FRANOISGUS
899 841 1355 885 PETRARCHA
1389 843 1445 886 S.
1478 843 1535 886 J.

142 939 315 982 nomine
347 937 559 993 Alphonsi
593 936 870 987 Salmeronis‚
905 936 1055 979 vicarii
1088 937 1306 990 generalis
1340 937 1573 980 Societatis
1605 938 1717 989 lesu,

794 1031 1068 1079 OANISIO.

704 1140 817 1177 Roma
841 1139 877 1177 4.
903 1140 1045 1188 Aprilis
1070 1140 1166 1177 1562.

165 1226 222 1260 Ex
248 1225 472 1271 apographo,
499 1225 593 1269 quod
620 1224 778 1259 eiusdem
805 1225 977 1270 temporis
1005 1236 1083 1259 esse
1110 1225 1273 1265 videtur;
1312 1225 1347 1258 in
1374 1224 1535 1268 margine
1562 1225 1685 1259 eadem
1712 1237 1819 1260 manu

46 1281 209 1314 notatum
249 1281 322 1314 est:
365 1280 550 1323 „Augosta
585 1278 700 1312 Padre
738 1277 914 1312 Canisio“.
976 1277 1059 1312 Cod.
1103 1277 1227 1320 „ltalia
1264 1278 1365 1312 1560.
1404 1278 1505 1312 1561.
1547 1278 1656 1312 1562“
1702 1278 1818 1323 [Regu]

47 1333 72 1368 f.
100 1333 343 1367 33412—336‘2.

172 1411 377 1454 Complures
404 1411 502 1444 Socii
528 1410 682 1453 bohemi,
716 1410 862 1452 hispani
889 1414 945 1442 ete.
998 1410 1175 1452 Praqam,
1208 1409 1487 1453 Inqolstaclimn,
1524 1409 1749 1451 Oenipontem
1775 1411 1822 1442 acl

44 1465 318 1509 philosophiam,
345 1465 484 1498 litteras
505 1474 655 1508 praecem
681 1468 739 1497 etc.
766 1464 960 1496 tradendas
986 1463 1162 1496 destinati.
1203 1463 1327 1496 Sosius
1353 1473 1395 1495 ex
1425 1463 1620 1495 Germania
1649 1464 1822 1506 Genuam,

48 1523 87 1552 ut
112 1520 151 1552 in
177 1518 324 1551 Indiam
352 1519 436 1561 iret,
463 1519 611 1562 missas,
637 1518 720 1550 inde
747 1518 864 1550 redire
890 1517 1046 1561 iubetur,
1075 1517 1159 1560 quia
1190 1516 1363 1549 Germani
1392 1516 1608 1549 Germaniae
1635 1518 1824 1550 necessarii

47 1576 141 1606 sunt.
198 1572 343 1605 Canisio
370 1572 440 1615 ipsi
465 1582 596 1614 coquus
619 1571 785 1603 mittitur.
841 1570 973 1603 Caesar
999 1570 1162 1603 caritatis
1188 1569 1351 1603 Bolzemis
1376 1569 1549 1602 eoehibitae
1584 1571 1657 1602 iam
1681 1571 1824 1612 fractus

49 1626 214 1670 qastabit.
267 1626 413 1669 Socim,
449 1626 510 1668 qai
535 1625 574 1657 in>
601 1624 878 1666 confessionibus
903 1624 1121 1666 excipiendis
1156 1624 1331 1656 molestias
1354 1624 1512 1666 patitur,
1547 1624 1594 1656 acl
1619 1624 1658 1655 icl
1684 1634 1824 1667 munus,

51 1680 126 1713 nisi
150 1680 224 1723 ipse
243 1679 400 1723 petierit,
426 1689 499 1712 non
526 1678 757 1711 adhibendas.
793 1678 940 1711 Primus
966 1678 1101 1720 colleye'i
1127 1677 1358 1720 oeriipontani
1382 1681 1506 1710 rector.
1545 1677 1668 1710 socius
1694 1678 1825 1711 Vindo-

53 1734 145 1767 bona
164 1740 358 1777 perperam
384 1743 558 1776 eyressas,
591 1736 620 1765 et
648 1732 799 1765 Lam-eti
825 1735 855 1764 et
880 1732 1012 1764 Romae
1037 1732 1076 1764 in
1102 1731 1386 1774 valetudinario,
1422 1735 1460 1763 at
1480 1731 1720 1775 probaretur,
1757 1732 1824 1764 col-

53 1788 186 1821 locatas
212 1791 269 1820 est.
322 1786 551 1830 Siyismzmclo
577 1786 791 1829 Viehaaser,
827 1786 1008 1818 Bavariae
1034 1786 1134 1818 (lueis
1160 1784 1291 1828 leglato,
1319 1785 1480 1818 caritatis
1507 1785 1627 1826 officia
1646 1787 1825 1827 praestita

49 1845 155 1883 sant;
198 1841 354 1874 Societas
392 1840 574 1883 colleyium
611 1840 879 1883 straabz‘wyense
917 1843 1089 1872 autumno
1127 1838 1297 1871 incohare
1328 1842 1494 1881 paratas
1528 1838 1566 1871 P.
1600 1839 1758 1871 Victoria
1796 1843 1826 1872 et

51 1895 228 1938 neyotiam
260 1894 447 1927 oibinense.
502 1892 653 1927 Concilii
678 1893 836 1936 ephesini
861 1892 1057 1935 exemplam
1083 1902 1287 1925 monacense
1319 1902 1397 1924 cum
1422 1891 1584 1925 vaticano
1611 1893 1823 1934 conferetur.

52 1948 120 1981 Res
147 1947 382 1981 nummariae.
435 1946 618 1990 Principis
644 1946 827 1979 cuiusdam
856 1947 1088 1979 contionator.
1143 1944 1335 1988 Colleffl'am
1358 1946 1614 1988 yermam'cum.

867 2035 894 2076 J
898 2048 1009 2077 esus.

170 2118 404 2161 Riceuemo
439 2118 580 2172 quelle
613 2117 655 2159 di
688 2117 740 2160 V.
773 2116 1038 2159 Reuerentia
1071 2116 1114 2158 di
1147 2117 1215 2158 7.1
1249 2118 1293 2158 et
1329 2117 1395 2158 14.
1431 2116 1498 2157 del
1531 2118 1708 2170 pasato,
1743 2117 1827 2159 alle

54 2185 182 2238 quale
227 2183 263 2225 si
306 2183 404 2226 fara
450 2183 640 2237 risposta
688 2196 765 2237 per
811 2185 988 2236 questa,
1038 2196 1109 2224 ma
1155 2181 1296 2236 prima
1344 2183 1506 2234 quanto
1554 2182 1597 2223 al
1645 2182 1826 2235 collegio

53 2250 92 2292 d’
115 2249 290 2304 isprueh
324 2263 404 2291 con
434 2249 479 2291 la
511 2248 655 2302 gratia
689 2248 758 2290 del
781 2247 962 2301 Signore
995 2247 1032 2289 si
1063 2247 1287 2301 partirano
1321 2246 1452 2300 quelli
1485 2246 1564 2288 ohe
1596 2247 1739 2289 hanno
1772 2248 1828 2289 acl

55 2316 217 2358 andare
249 2315 293 2357 la
325 2314 562 2357 settimana
594 2314 672 2356 ohe
694 2313 820 2355 uiene
843 2316 887 2356 et
919 2327 1077 2355 sarano
1099 2312 1130 2354 il
1152 2313 1310 2356 Dottor
1343 2311 1613 2365 golfgang02
1645 2312 1828 2354 bohemo

52 2381 84 2423 il
117 2381 244 2435 quale
274 2380 329 2422 he
361 2380 475 2423 fatto
509 2379 681 2422 dottore
714 2378 844 2421 adeso
877 2378 1075 2420 hauendo
1109 2377 1323 2420 studiatto
1357 2378 1467 2419 bene
1495 2377 1543 2431 jn
1575 2377 1827 2431 Theobgia,

54 2446 85 2488 il
119 2448 190 2490 .2.⁰
222 2460 323 2488 sara
353 2447 546 2488 maestro
578 2443 762 2486 Alfonso
796 2444 1025 2487 Grutieres3
1057 2443 1267 2498 spagnolo
1300 2442 1330 2485 il
1362 2442 1519 2497 quane,
1554 2444 1576 2485 e
1608 2442 1830 2485 sofioiente

177 2614 295 2648 Jesus.
334 2613 503 2648 Traditae
522 2612 623 2648 nobis
642 2614 728 2647 sunt
745 2612 970 2647 reverentiae
989 2613 1133 2646 vestrae
1152 2610 1328 2656 epistulae
1347 2611 1472 2646 diebus
1491 2612 1539 2645 ’7.ι
1566 2612 1602 2645 et
1622 2611 1676 2645 14.
1695 2610 1831 2645 mensis

57 2666 254 2712 superioris
281 2667 406 2708 datae,
433 2666 477 2701 ad
504 2678 593 2711 quas
619 2666 676 2701 his
702 2665 835 2701 litteris
862 2665 1168 2711 respondebimus.
1220 2664 1381 2698 Primum
1407 2666 1545 2706 autem,
1572 2664 1664 2708 quod
1692 2664 1736 2698 ad
1762 2663 1831 2697 col-

56 2720 192 2764 legium
220 2720 500 2765 oenipontanum
525 2720 674 2754 attinet:
701 2719 852 2754 Domino
877 2720 1026 2754 iuvante
1052 2718 1088 2758 ii,
1115 2718 1245 2763 quibus
1271 2729 1312 2752 eo
1335 2717 1491 2752 eundum
1517 2719 1583 2759 est,
1609 2716 1831 2751 hebdomade

58 2774 223 2819 proxima
249 2773 542 2819 proficiscentur;
577 2773 638 2818 qui
665 2775 790 2808 erunt:
823 2773 957 2807 Doctor
981 2771 1253 2816 Wolfgangus2
1279 2771 1479 2812 Bohemus‚
1512 2770 1593 2815 qui,
1625 2782 1707 2805 oum
1732 2769 1831 2804 theo-

57 2826 176 2872 logiae
202 2827 292 2862 bene
318 2827 538 2867 studuisset,
565 2827 668 2862 modo
695 2827 819 2861 doctor
845 2828 989 2861 creatus
1016 2827 1090 2867 est;
1123 2825 1303 2860 secundus
1329 2824 1398 2858 erit
1422 2824 1598 2867 magister
1623 2823 1833 2868 Alphonsus

61 2879 253 2915 Gutieres³
286 2880 481 2925 hispanus,
516 2880 721 2915 litterarum
757 2882 792 2914 et
818 2879 1023 2923 theologiae
1058 2890 1100 2913 ac
1125 2877 1393 2924 philosophiae,
1429 2878 1603 2922 quantum
1638 2877 1729 2911 satis
1765 2878 1831 2919 est,

184 3027 194 3047 ¹
220 3026 320 3060 Haec
347 3025 502 3071 epistula
526 3025 597 3060 iam
623 3037 695 3060 non
719 3025 864 3060 videtur
890 3028 1045 3060 exstare.

181 3080 195 3100 ²
221 3079 385 3123 Georgii;
422 3079 465 3114 de
490 3079 558 3114 hoc
583 3080 733 3124 eiusque
764 3078 871 3114 sociis
897 3078 1000 3124 plura
1026 3080 1108 3123 post
1132 3077 1275 3112 litteras
1303 3078 1332 3112 7,
1359 3076 1496 3122 Aprilis
1525 3076 1616 3111 1562
1642 3076 1755 3111 Roma
1787 3077 1831 3111 ad

64 3132 246 3168 Canisium
272 3133 402 3167 missas
428 3132 602 3168 dicentur.

184 3187 197 3208 ³
223 3186 419 3221 Guttierez.
