2093 3444
659 211 830 245 Tridento
856 212 911 245 25.
941 211 1107 246 Octobris
1136 212 1237 246 1562.
1748 214 1832 254 519

186 327 262 377 Qui
297 327 332 369 si
365 328 523 370 manda
556 342 641 369 una
664 328 988 377 Qua(11·imesti·e
1021 330 1062 371 di
1095 330 1233 372 Roma
1267 329 1394 382 quale
1426 329 1609 371 hauemo
1643 329 1834 372 ritenuta

68 392 138 446 qui
179 407 237 434 un
268 395 414 447 tempo
449 427 457 435 .
491 393 590 435 Non
634 406 807 436 occorre
840 394 906 436 dir
944 395 1080 445 altro,
1123 409 1258 437 senon
1291 394 1368 436 che
1409 394 1521 436 nelle
1564 394 1748 436 orationi
1792 398 1835 436 et

67 457 266 512 sacrificij
290 458 405 500 della
428 458 478 501 R.
495 459 547 501 V.
573 462 616 502 et
643 459 711 501 del
733 460 868 514 padre
893 459 1127 502 Guiliermo
1143 461 1156 487 1
1190 460 1324 502 molto
1358 459 1396 502 ci
1428 460 1801 501 raccomendiamo
1826 494 1833 502 .

69 522 109 564 di
143 523 305 566 Trento
338 523 367 564 li
402 524 470 566 25.
506 524 544 565 d’
569 524 753 567 Ottobre
790 527 914 567 1562.

187 668 344 703 Litteras
370 669 548 703 mittimus
575 669 857 713 quadrimestres
883 669 996 704 Roma
1024 670 1138 709 datas,
1166 681 1256 714 quas
1281 669 1340 704 hic
1366 669 1588 713 aliquamdiu
1613 668 1838 703 retinuimus.

68 721 192 766 Neque
217 722 314 756 aliud
341 724 416 764 est,
453 723 545 766 quod
583 723 719 763 dicam,
755 723 824 757 nisi
850 734 914 756 nos
941 723 981 757 R.
1010 723 1052 757 V.
1090 726 1126 757 et
1152 723 1274 757 Patris
1302 722 1510 758 Guiliehni1
1548 722 1769 756 orationibus
1805 724 1840 756 et

68 775 255 810 sacrificiis
280 787 497 821 magnopere
524 788 587 811 nos
615 776 874 811 commendare.
925 776 1095 810 Tridento
1121 777 1177 811 25.
1206 777 1374 811 Octobris
1405 777 1504 811 1562.

188 863 299 900 Nota:
319 865 395 900 Has
412 866 555 900 litteras
574 887 617 890 —
636 866 671 900 id
690 867 782 910 quod
803 878 846 900 ex
866 866 953 911 ipsis
972 866 1195 909 intellegitur
1208 886 1255 890 --
1269 866 1436 900 Tridento
1452 868 1656 910 Augustam
1675 866 1719 900 ad
1739 865 1839 900 Cani-

68 921 161 954 sium
187 919 414 964 pertulerunt
439 920 590 954 Ioannes
614 919 834 954 Rabenstein
862 922 898 953 et
916 918 1092 963 Georgius
1111 920 1340 954 Schorichius
1361 920 1576 962 (Schorich),
1604 920 1637 955 S.
1657 920 1700 960 J„
1728 920 1841 954 Roma

70 974 106 1007 in
132 973 355 1018 provinciam
382 973 596 1008 Germaniae
622 973 817 1018 superioris
843 973 955 1007 missi.
1004 974 1057 1007 Ac
1083 973 1302 1008 Rabenstein
1328 974 1456 1008 nobilis
1482 974 1619 1008 Franco
1648 973 1709 1017 (cf.
1737 973 1841 1008 Card.

73 1027 283 1061 Steinlmber
309 1027 331 1060 l.
357 1038 386 1061 6.
413 1027 438 1068 Ι,
458 1028 513 1061 77.
555 1027 640 1060 Can.
661 1027 750 1072 Epp.
771 1027 813 1067 11,
841 1026 909 1061 305
920 1026 947 1069 3)
977 1026 1012 1060 111
1039 1027 1181 1070 collegii
1208 1027 1383 1071 dilingani
1410 1029 1426 1047 *
1442 1028 1607 1071 Cataloyo
1636 1028 1665 1061 1.
1684 1027 1841 1061 Ianuarii

72 1081 161 1114 1565
198 1080 400 1124 conscripto
439 1080 502 1123 (ibi
528 1083 614 1114 tunc
650 1080 819 1123 degebat)
853 1080 1062 1121 „admodum
1095 1081 1345 1114 accommodus
1381 1081 1423 1114 ad
1460 1080 1760 1122 concionandum,
1797 1081 1840 1114 ad

70 1133 266 1167 docendum
294 1133 551 1178 philosophica,
579 1136 615 1167 et
639 1134 831 1178 praecipue
858 1134 901 1168 ad
929 1133 1174 1178 expediundas
1200 1146 1258 1168 res
1285 1136 1468 1175 externas,
1497 1136 1533 1168 et
1558 1134 1602 1168 ad
1629 1145 1840 1168 conuersari-

71 1187 155 1221 dum
181 1198 261 1221 cum
287 1187 510 1221 hominibus“
540 1190 710 1227 vocatur;
746 1187 877 1221 ibidem
914 1187 1135 1228 affirmatur,
1171 1199 1250 1222 eum
1287 1200 1318 1222 a.
1348 1189 1437 1222 1559
1465 1188 1599 1222 Romae
1626 1187 1842 1222 Societatem

70 1240 274 1284 ingressum
301 1252 400 1282 esse,
437 1242 560 1275 eodem
588 1252 679 1275 anno
706 1241 783 1275 eius
810 1243 895 1275 vota
920 1252 1167 1286 nuncupasse,
1198 1241 1287 1275 1562
1312 1241 1444 1275 ibidem
1471 1241 1685 1285 magistrum
1712 1241 1842 1276 artium

71 1296 232 1328 creatum
252 1305 340 1336 esse,
370 1296 496 1339 postea
514 1293 681 1338 Dilingae
704 1294 1006 1337 „Baccalaureum
1024 1294 1246 1337 theologiae*
1268 1295 1492 1329 nominatum
1510 1306 1589 1329 esse
1615 1298 1649 1329 et
1668 1295 1842 1340 physicen

71 1347 274 1389 tradidisse,
301 1347 372 1381 iam
398 1350 520 1382 autem
546 1348 676 1382 ibidem
703 1348 926 1382 contubernii
954 1348 987 1382 S.
1015 1347 1226 1393 Hieronymi
1257 1349 1549 1392 „subregentem‘
1580 1359 1707 1392 agere;
1736 1351 1844 1393 atque

72 1413 116 1435 ex
144 1400 340 1445 *Catalofso
376 1401 536 1435 eiusdem
563 1401 706 1445 collegii
742 1402 798 1435 31.
825 1401 1033 1436 Decembris
1063 1402 1152 1436 1566
1189 1402 1384 1446 composito
1411 1401 1655 1445 intellegitur,
1692 1414 1772 1436 eum
1799 1414 1844 1436 ex

72 1454 335 1496 Marktbibart,
372 1454 592 1489 Franconiae
629 1466 740 1500 pago,
777 1457 894 1489 ortum
930 1466 1009 1489 esse
1048 1454 1149 1498 (Cod.
1180 1454 1320 1496 „Germ.
1357 1454 1440 1500 Sup.
1478 1454 1554 1489 Cat.
1593 1455 1694 1490 1566.
1731 1456 1840 1490 1599“

72 1509 96 1542 f.
131 1508 231 1543 37411.
271 1509 392 1552 402³).
444 1508 576 1543 Postea
613 1508 878 1552 bissingensem
916 1509 1098 1551 regionem
1141 1508 1364 1552 (Bissingen)
1403 1508 1499 1543 haud
1536 1508 1660 1554 procul
1699 1508 1845 1553 Dilinga

72 1562 180 1596 sitam
215 1562 260 1596 ad
295 1562 400 1596 fidem
437 1562 652 1596 catholicam
687 1562 830 1596 reduxit
865 1564 973 1606 atque
1009 1562 1124 1596 Halae
1153 1561 1269 1606 (Hall)
1308 1562 1344 1595 in
1370 1562 1481 1597 Tiroli
1516 1565 1552 1597 et
1582 1562 1841 1605 „Reginarum‘

73 1615 289 1650 Ferdinandi
316 1616 342 1650 1.
380 1616 538 1650 caesaris
572 1616 727 1650 filiarum
764 1616 988 1650 contionator
1023 1618 1059 1650 et
1090 1617 1227 1660 primus
1263 1615 1405 1659 collegii
1440 1617 1557 1650 rector
1592 1616 1662 1650 fuit
1696 1615 1845 1659 (Fi-cmc.

75 1670 272 1703 Sacclzinus
303 1669 338 1704 S.
366 1670 419 1712 J.,
454 1669 636 1704 Historiae
663 1669 853 1704 Societatis
879 1670 960 1704 Iesu
993 1669 1084 1703 Pars
1118 1670 1226 1704 tertia
1261 1668 1411 1713 [Romae
1439 1669 1564 1714 1649]‚
1601 1669 1623 1703 l.
1652 1671 1692 1711 5,
1728 1681 1762 1703 n.
1790 1670 1845 1704 97.

74 1725 246 1767 Aym'cola
282 1723 304 1757 l.
333 1735 362 1758 c.
389 1723 416 1757 1.
443 1722 528 1758 Dec.
557 1723 596 1765 3,
631 1735 665 1757 11.
693 1723 773 1758 214.
802 1724 882 1757 217.
928 1725 1043 1757 Kro'ss
1077 1723 1099 1757 l.
1128 1735 1157 1757 6.
1185 1735 1217 1768 p.
1247 1723 1325 1758 183.
1377 1724 1501 1757 Ludw.
1528 1725 1653 1767 Ram),
1689 1723 1847 1767 Konigin

74 1777 291 1820 Magdalena
317 1776 534 1821 [Innsbruck
562 1777 667 1821 1858]
694 1789 727 1822 p.
743 1777 816 1821 73).
857 1777 1035 1821 Georgius
1062 1779 1182 1811 autem
1209 1775 1438 1811 Schorichius
1463 1776 1695 1821 (Scorichius,
1723 1776 1847 1810 861101-

73 1830 237 1874 116111115),
263 1831 377 1865 frater
402 1830 442 1865 P.
472 1831 568 1865 Petri
596 1830 794 1865 Schorichii
825 1830 883 1874 (de
909 1842 979 1875 quo
1009 1832 1095 1865 Can.
1124 1830 1211 1875 Epp.
1239 1831 1265 1872 1,
1292 1831 1372 1864 276.
1400 1830 1479 1865 277.
1508 1830 1573 1865 341
1603 1833 1691 1871 etc.;
1720 1830 1763 1870 11,
1791 1830 1846 1864 27.

75 1884 120 1918 30
146 1883 244 1927 etc),
271 1895 301 1919 a.
324 1884 413 1919 1552
439 1884 499 1919 vel
528 1885 618 1919 1553
645 1884 680 1918 in
708 1884 812 1918 ltalia
831 1884 1047 1919 Societatem
1073 1884 1270 1930 ingressus,
1298 1896 1328 1918 a.
1352 1884 1441 1918 1553
1468 1884 1503 1918 in
1530 1884 1689 1918 Siciliam
1715 1883 1848 1918 missus

75 1939 153 1971 erat
181 1938 345 1981 (Adnott.
375 1939 390 1972 1
420 1940 456 1972 et
480 1939 503 1972 4
529 1938 574 1972 ad
600 1939 750 1972 Polam
775 1938 974 1972 Chronicon
1002 1938 1053 1978 II,
1081 1938 1169 1978 5813
1196 1937 1265 1979 III,
1294 1937 1392 1980 215).
1443 1939 1562 1982 Atque
1589 1938 1625 1971 in
1651 1938 1848 1981 *Catalogyo

75 1990 217 2035 collegii
242 1992 468 2026 monacensis
497 1992 528 2026 1.
555 1992 709 2026 Ianuarii
741 1992 830 2026 1565
858 1991 991 2036 scripto
1018 1991 1182 2032 refertur,
1211 2003 1291 2024 eum
1318 1991 1466 2026 Cremsa
1495 1991 1651 2036 (Krems,
1679 1990 1847 2025 Austriae

74 2044 255 2079 inferioris
281 2045 467 2090 oppidum)
496 2047 633 2087 ortum,
665 2045 850 2087 „Panormi
880 2046 1080 2090 praefuisse
1105 2044 1287 2089 nouitijs‘‚
1328 2044 1478 2087 „ibidem
1505 2056 1547 2079 ac
1573 2044 1763 2079 Messanae
1789 2044 1848 2078 diu

76 2098 259 2133 curauisse
285 2100 496 2144 pauperes“,
533 2098 667 2133 Romae
704 2099 919 2143 magistrum
956 2098 1087 2132 artium
1124 2101 1285 2132 creatum
1322 2109 1401 2132 esse
1437 2109 1479 2132 ac
1512 2098 1532 2132 3
1559 2109 1671 2132 annos
1707 2098 1849 2142 collegii

75 2152 272 2195 germanici
303 2153 596 2196 „subregentem“
627 2152 760 2195 fuisse,
801 2152 971 2194 „missum
1007 2164 1086 2186 esse
1120 2163 1141 2186 a
1167 2163 1306 2186 summo
1333 2151 1434 2186 Pont.
1462 2152 1506 2186 ad
1538 2152 1738 2186 uisitandos
1764 2152 1849 2186 Par—

75 2205 203 2240 rochos
229 2206 285 2240 24.
313 2217 486 2251 pagorum
513 2218 576 2240 seu
603 2206 852 2246 castellorum,
889 2206 1040 2240 missum
1068 2216 1147 2240 esse
1173 2217 1194 2239 a
1220 2205 1309 2239 duce
1336 2205 1512 2239 Bauariae
1539 2205 1700 2250 [Alberto
1719 2204 1777 2249 V.]
1806 2205 1849 2239 ad

76 2259 274 2293 docendum
312 2259 483 2305 populum
522 2260 704 2294 inferioris
743 2259 960 2301 Bauariae“,
999 2260 1070 2293 iam
1108 2259 1290 2293 Monachii
1328 2258 1585 2293 contionatoris
1622 2270 1753 2293 munus
1791 2258 1849 2293 ad-

76 2313 291 2352 ministrare,
323 2313 474 2355 „habere
501 2313 631 2347 donum
657 2313 843 2357 singulare
870 2312 1104 2347 concionandi
1130 2314 1167 2346 et
1192 2312 1447 2346 conuersandi“
1481 2311 1581 2357 (Cod.
1605 2312 1744 2355 ⁷,Germ.
1766 2311 1848 2357 Sup.

78 2366 155 2401 Cat.
176 2367 276 2401 1566.
300 2367 409 2401 1599“
439 2368 463 2401 f.
484 2367 603 2411 376³).
640 2368 760 2411 Atque
786 2367 844 2400 hic
875 2370 1065 2408 „strenuus
1091 2366 1310 2411 operarius‘‚
1338 2368 1377 2400 ut
1404 2377 1424 2400 a
1450 2367 1605 2400 Polcmco
1632 2365 1850 2409 (Chronicon

77 2419 130 2462 11,
165 2420 249 2464 581)
278 2423 447 2461 vocatur,
484 2432 564 2454 611111
591 2420 625 2454 111
653 2420 810 2454 Bavaria
837 2420 1003 2454 inferiore
1029 2419 1162 2454 multos
1188 2419 1301 2454 sacris
1332 2419 1602 2461 „missionibus“
1633 2419 1852 2454 excoluisset

80 2473 302 2518 (Sacchsnus,
328 2474 423 2508 Hist.
451 2474 485 2508 S.
504 2474 536 2508 J.
564 2474 607 2514 11,
635 2474 656 2508 l.
677 2474 707 2514 8,
734 2486 768 2508 11.
790 2474 985 2508 111-113,
1037 2474 1212 2517 Kno'pfler
1237 2473 1258 2507 1.
1288 2484 1316 2507 c.
1344 2485 1377 2518 p.
1405 2473 1500 2516 159),
1527 2473 1609 2507 inde
1635 2473 1679 2507 ab
1707 2485 1738 2507 a.
1761 2473 1850 2507 1570

78 2527 365 2562 marchionatum
391 2527 787 2562 badeno-badenensem
817 2527 1111 2571 (Baden-Baden)
1142 2538 1162 2561 a
1188 2527 1483 2571 protestantismo
1511 2527 1555 2561 ad
1582 2526 1772 2561 ecclesiam
1798 2538 1851 2560 re-

79 2581 183 2615 duxit
207 2581 412 2625 ibidemque
439 2592 470 2615 a.
500 2581 590 2614 1573
617 2581 695 2614 vita
722 2581 831 2614 cessit
861 2581 1030 2622 „morte‘,
1057 2580 1108 2614 ait
1134 2582 1304 2624 Ayrc'cola
1333 2580 1370 2623 (l.
1398 2592 1427 2614 c.
1454 2579 1540 2614 Dec.
1567 2581 1599 2621 4,
1626 2592 1659 2614 11.
1689 2580 1761 2623 19),
1793 2582 1852 2621 „ut

78 2634 273 2669 vehemens
309 2645 350 2668 ac
385 2634 602 2679 pervulgata
638 2636 716 2668 erat
751 2633 927 2678 suspicio,
965 2645 983 2667 e
1018 2633 1137 2668 toxico
1173 2635 1336 2678 porrecto
1370 2633 1547 2667 violenta“
1591 2633 1741 2677 (Franc.
1770 2634 1851 2667 Sac-

77 2689 203 2721 chinus
229 2687 262 2722 S.
280 2688 326 2728 J„
353 2687 536 2721 Historiae
563 2686 754 2721 Societatis
782 2687 863 2721 Iesu
890 2686 981 2721 Pars
1009 2690 1138 2731 quarta
1167 2686 1315 2730 [Romae
1344 2686 1460 2731 1652]‚
1488 2687 1511 2721 l.
1534 2688 1562 2727 1,
1590 2699 1624 2721 n.
1643 2687 1698 2721 84.
1738 2687 1850 2720 Mam.

82 2742 227 2775 Tanner
252 2740 286 2775 S.
314 2741 366 2782 J.‚
402 2740 468 2774 Die
495 2740 752 2775 Gesellschafft
779 2741 866 2775 Jesu
893 2740 968 2775 biss
1003 2752 1066 2774 zur
1092 2740 1332 2784 vergiessung
1366 2740 1463 2774 111165
1489 2740 1616 2775 Blutes
1643 2743 1711 2774 etc.
1741 2739 1850 2784 [Prag

81 2794 186 2838 1683]
226 2806 258 2839 p.
294 2794 446 2828 21—22.
497 2793 581 2837 „Die
618 2793 1009 2837 Religionsschicksale
1047 2793 1095 2827 im
1134 2794 1240 2827 Amte
1279 2793 1392 2827 Buhl“
1436 2796 1503 2828 etc.
1542 2793 1579 2828 in
1618 2793 1854 2837 „Freiburger

79 2847 333 2882 Katholisches
367 2846 651 2892 Kirchenblatffl,
690 2847 814 2891 Jahrg.
845 2847 934 2882 1872
971 2847 1160 2891 [Freiburg
1198 2847 1219 2881 i.
1248 2847 1306 2881 Β1.
1344 2846 1470 2891 1872],
1509 2859 1542 2892 p.
1569 2847 1668 2891 412).
1718 2847 1771 2881 Ac
1810 2846 1852 2881 de

79 2902 119 2936 P.
146 2901 366 2946 Hieronymo
392 2901 522 2935 Torres
557 2902 636 2935 sive
662 2901 829 2935 Torrensi
859 2900 895 2945 (†
924 2900 1053 2944 1611),
1090 2901 1151 2945 qui
1187 2912 1268 2935 cum
1294 2899 1550 2935 Rabensteinio
1583 2903 1619 2934 et
1646 2899 1853 2935 Schoriehio

79 3037 202 3080 pat-res
233 3034 472 3077 ,decisivum‘
502 3034 742 3075 tribueretur,
778 3034 960 3075 effecisse,
996 3036 1106 3078 atque
1132 3034 1242 3068 etiam
1276 3033 1313 3067 in
1338 3036 1484 3079 patrum
1511 3033 1853 3077 congregationibus

79 3088 299 3133 reliquorum
326 3088 488 3122 ordinum
507 3087 793 3122 moderatoribus
815 3087 1085 3131 „generalibus“
1109 3087 1322 3121 antecedere
1340 3086 1519 3127 voluisse;
1547 3087 1640 3128 vide,
1668 3098 1759 3131 quae
1786 3087 1853 3122 sub

80 3141 228 3176 Polanci
254 3141 447 3187 epistulam
477 3142 530 3175 10.
557 3141 772 3175 Novembris
801 3141 890 3175 1562
923 3141 966 3175 ad
995 3140 1179 3175 Canisium
1206 3140 1326 3175 datam
1355 3141 1642 3180 adnotabuntur,
1679 3142 1715 3175 et
1747 3140 1852 3182 infra,

82 3206 239 3230 monum.
266 3196 347 3230 367.
496 3196 505 3215 ¹
533 3194 698 3228 Elderen.
