2093 3444
380 171 538 206 Monum.
567 172 877 216 (vindobonensia)
908 172 985 207 374.
1016 173 1102 217 (Sub
1129 184 1175 207 m.
1203 172 1360 217 Aprilem
1392 171 1508 215 1561.)
1744 172 1829 214 755

65 288 158 333 quod
186 287 367 321 Canisium
395 287 437 321 de
464 287 575 321 calice
612 288 712 322 laicis
739 289 963 323 concedendo
998 289 1091 323 idem
1127 300 1169 322 ac
1196 288 1359 322 Lainium
1390 287 1547 321 sensisse
1574 299 1617 321 ex
1646 288 1831 331 Sacchessno,

65 342 159 376 Hist.
188 341 222 375 S.
249 341 281 375 J.
310 340 360 381 Il,
391 340 413 374 l.
443 342 461 374 7
493 341 539 383 (n.
567 342 745 385 44—47),
782 344 975 376 constaret.
1026 341 1159 376 Verum
1186 353 1277 385 quae
1305 341 1501 375 Sacchinus
1528 352 1568 374 eo
1594 340 1671 375 loco
1697 340 1831 380 scribit,

66 395 110 428 ad
137 406 167 429 a.
195 394 284 428 1563
310 394 501 438 pertinent,
530 406 599 438 quo
625 397 784 439 tempore
812 394 977 429 Canisius
1003 394 1218 437 sententiam
1245 394 1405 428 nonnihil
1432 395 1502 428 iam
1529 396 1744 428 mutaverat.
1780 394 1831 428 Ac

66 447 312 482 Bucholtzium
332 449 429 480 recte
448 447 590 490 legisse,
611 450 647 481 et
665 460 709 481 ex
727 447 970 492 superioribus
988 450 1168 482 oratorum
1188 447 1362 492 epistulis,
1387 450 1424 481 et
1442 459 1486 481 ex
1505 449 1554 481 M.
1570 449 1646 491 1921.
1663 448 1832 491 Schmidt,

66 501 127 544 qui
145 500 180 534 in
199 499 382 534 veteribus
400 501 640 534 monumentis
659 501 984 535 vindobonensibus
1003 502 1151 535 eandem
1172 500 1361 534 lectionem
1379 501 1547 545 repperit,
1573 499 1797 543 intellegitur
1810 501 1831 534 ¹.

66 554 233 588 Ceterum
260 553 400 593 confer,
438 564 529 596 quae
559 553 679 587 libello
714 565 734 588 a
761 554 987 588 Drascovitio
1013 555 1070 588 23.
1097 554 1189 588 Iunii
1218 554 1307 588 1562
1342 554 1387 588 ad
1422 565 1604 588 caesarem
1638 553 1748 587 misso
1774 553 1833 587 ad·

65 609 189 641 notata
215 610 300 640 sunt
325 618 433 651 supra
459 618 492 651 p.
522 607 600 640 752.

185 658 285 700 Quod
312 661 430 693 autem
459 659 634 697 Canisius,
662 672 746 702 erga
774 660 896 694 calicis
923 660 1185 694 concessionem
1213 662 1319 694 antea
1349 659 1442 693 haud
1469 660 1519 693 ita
1546 671 1743 704 propensus
1771 658 1833 703 (cf,

65 724 174 758 supra
201 725 233 757 p.
261 712 358 756 642),
386 713 546 746 Tridenti
575 725 652 747 eam
679 725 741 758 pro
769 713 936 747 Bohemis
963 714 1116 757 aliisque
1142 715 1215 747 tam
1242 714 1334 747 serio
1361 713 1473 757 petiit,
1505 713 1731 747 suasionibus
1758 724 1832 757 pre·

66 766 237 810 cibusque
263 768 443 800 oratorum
462 766 678 800 Fer-elinandi
698 767 734 808 1,,
761 767 890 810 quibus
916 767 992 811 ipse
1018 766 1245 800 familiariter
1271 767 1450 807 utebatur,
1477 778 1519 800 ac
1544 766 1699 800 fortasse
1726 766 1834 800 etiam

66 819 361 862 Paumgartneri,
398 820 550 853 oratoris
577 820 720 860 bavari,
759 820 791 853 id
820 821 986 854 effectum
1013 832 1092 854 esse
1119 819 1305 860 existimo;
1340 831 1455 863 neque
1482 819 1666 863 ignorasse
1692 819 1836 853 videtur

68 872 253 914 Canisius,
288 873 401 917 ipsius
432 873 562 907 summi
597 873 776 918 pontificis
812 873 969 907 animum
1004 873 1047 907 ad
1084 884 1160 906 eam
1198 872 1463 907 concessionem
1497 873 1662 906 inclinari
1691 872 1834 915 (Sici-el,

67 926 192 960 Trient
216 938 249 971 p.
273 926 353 960 350.
380 926 477 970 367).
514 926 680 960 Ceterum
709 926 873 960 Canisius
900 927 994 960 haud
1020 926 1133 960 multo
1160 928 1241 971 post
1267 926 1310 960 ad
1337 926 1490 970 priorem
1517 926 1592 960 fere
1617 925 1834 960 sententiam

66 978 183 1013 rediit.
234 978 398 1024 synodus
435 979 557 1013 calicis
583 980 767 1022 negotium
802 980 837 1013 in
867 980 1026 1014 sessione
1053 979 1147 1013 XXI.
1177 979 1248 1022 (16.
1275 979 1371 1022 Iulii)
1409 979 1445 1013 in
1481 979 1578 1013 aliud
1612 981 1755 1023 tempus
1781 990 1834 1012 re-

67 1032 161 1073 iecit,
187 1033 223 1066 in
250 1032 409 1066 sessione
428 1032 542 1066 XXII.
562 1032 635 1076 (17.
655 1032 888 1077 Septembris)
919 1034 962 1067 ad
982 1044 1158 1067 summum
1185 1032 1390 1077 pontificem
1413 1032 1562 1066 rettulit.
1598 1033 1651 1066 Ac
1668 1032 1755 1066 Pius
1773 1031 1833 1066 [V.

68 1085 246 1127 Bohemis,
272 1085 484 1127 Austriacis,
512 1086 674 1127 Bavaris‚
701 1086 782 1120 aliis
808 1086 954 1120 calicem
982 1086 1176 1126 concessit;
1210 1098 1255 1120 ex
1276 1097 1346 1130 qua
1371 1098 1409 1119 re
1436 1085 1630 1127 commoda,
1657 1097 1749 1129 quae
1775 1096 1834 1119 ex-

68 1139 335 1183 spectabantur,
363 1141 555 1173 consecuta
581 1151 650 1173 non
678 1151 756 1173 esse
783 1139 853 1173 iam
879 1140 915 1173 in
942 1141 1122 1184 comperto
1150 1141 1215 1173 est.

187 1192 287 1226 Haec
305 1192 423 1226 omnia
440 1193 644 1233 ostendunt,
667 1194 858 1226 Ernestnm
877 1194 1096 1227 Salomonem
1119 1193 1342 1236 Cym-ionum
1359 1191 1453 1225 haud
1473 1203 1517 1225 ex
1536 1203 1648 1236 aequo
1666 1191 1834 1231 iudicare,

69 1257 149 1279 cum
176 1245 212 1279 in
242 1245 452 1288 „Tabulario
472 1245 655 1280 Ecclesiae
674 1245 874 1279 Romana&
906 1246 1049 1280 scribit:
1081 1245 1267 1290 „Inprimis
1286 1244 1419 1279 Canisii
1445 1244 1571 1278 laudes
1597 1244 1836 1288 amplificatae

68 1300 154 1333 sunt
171 1298 447 1342 diligentissima
474 1311 590 1343 opera,
619 1310 726 1343 quam
744 1299 892 1333 concilio
911 1299 1119 1333 Tridentino
1138 1310 1216 1333 cum
1242 1310 1332 1332 anno
1352 1296 1626 1332 CiOIOXLVHI.
1645 1297 1836 1339 Bononiae,

68 1354 145 1386 tum
171 1363 262 1386 anno
290 1350 513 1386 CiOlOLXII.
541 1353 702 1386 Tridenti
728 1364 919 1397 praesens,
955 1352 1155 1396 absensque
1190 1354 1314 1397 postea
1349 1352 1508 1387 consiliis
1538 1351 1702 1396 plurimis
1728 1350 1835 1391 dedit,

70 1405 264 1450 calicisque
290 1418 406 1447 vsum,
433 1417 453 1440 a
480 1417 518 1440 se
546 1418 564 1440 e
590 1405 746 1440 Bavaria
773 1406 1032 1450 propulsatum,
1059 1405 1266 1440 enixissime
1293 1405 1475 1440 dissuasit.
1513 1404 1735 1447 Intelligitur
1761 1404 1837 1438 eius

71 1459 113 1493 de
139 1458 206 1493 hac
232 1471 270 1493 re
296 1460 474 1494 sententia
510 1472 555 1493 ex
581 1459 716 1501 literis,
753 1471 842 1503 quas
868 1459 938 1492 iam
966 1459 1122 1498 edimus,
1158 1460 1198 1492 vt
1224 1458 1291 1492 hoc
1318 1459 1480 1503 exemplo
1515 1458 1656 1492 discant
1681 1457 1835 1502 partium

70 1512 181 1547 semel
207 1513 403 1547 electarum
429 1525 549 1547 amore
575 1513 682 1558 capti,
709 1514 928 1557 quantopere
947 1513 1054 1546 etiam
1080 1524 1219 1546 summa
1245 1511 1389 1555 ingenia
1411 1511 1563 1546 delirare
1580 1511 1728 1556 possint,
1756 1522 1836 1544 cum

70 1566 319 1611 purpurissum
346 1579 408 1612 pro
442 1566 707 1612 pulchritudine
742 1566 873 1600 habere
909 1566 1101 1610 incipiunt,
1137 1565 1270 1610 vnique
1295 1565 1439 1600 veritati
1475 1565 1618 1599 studere
1648 1564 1834 1598 desinunt“

74 1619 111 1663 (l.
140 1631 169 1654 c.
196 1632 228 1665 p.
257 1620 331 1663 33).

191 1674 390 1708 Sacchz'nus
418 1673 593 1717 (Historia
620 1673 653 1707 S.
681 1673 712 1707 J.
741 1673 792 1712 Π,
828 1672 849 1706 l.
877 1673 917 1713 6,
953 1684 986 1706 n.
1015 1673 1072 1716 75)
1102 1671 1251 1713 asserit,
1288 1671 1470 1706 Canisium
1500 1683 1531 1706 a.
1561 1671 1651 1705 1562
1677 1670 1837 1704 Tridenti

76 1727 310 1769 „sententiam
345 1739 447 1761 suam
484 1727 574 1761 inter
609 1726 809 1770 Theologos
930 1726 1120 1769 aliquoties
1155 1725 1324 1766 dixisse‘,
1360 1727 1396 1759 et
1420 1726 1534 1759 Boero
1564 1724 1664 1767 (Can.
1691 1736 1724 1769 p.
1752 1723 1836 1767 248)

72 1780 189 1819 addit,
226 1780 269 1814 de
295 1780 534 1815 eucharistiae
564 1782 788 1814 sacramento
815 1791 895 1813 euin
920 1778 1079 1813 locutum
1114 1790 1204 1812 esse.
1254 1778 1388 1812 Verum
1423 1778 1459 1812 in
1494 1778 1647 1823 publicis
1683 1777 1839 1811 omnium

71 1833 320 1877 theologorum
356 1833 695 1878 congregationibus
730 1833 841 1867 semel
876 1835 1016 1866 tantum
1049 1843 1128 1865 eum
1165 1832 1299 1866 dixisse
1335 1843 1380 1865 ex
1414 1831 1553 1865 concilii
1584 1831 1674 1866 actis
1700 1833 1838 1865 certum

73 1887 246 1928 efficitur;
272 1886 378 1921 facile
404 1890 525 1921 tamen
551 1887 629 1921 fieri
655 1888 806 1931 poterat,
833 1888 873 1919 ut
899 1885 943 1919 ad
968 1897 1073 1919 unam
1100 1885 1298 1919 alteramve
1324 1896 1369 1918 ex
1392 1885 1722 1929 „pa1·ticularibus“‚
1749 1895 1839 1928 quas

72 1941 261 1982 vocabant,
279 1942 422 1985 patrum
444 1940 774 1985 „deputationibus“
797 1940 874 1974 sive
893 1938 1241 1982 congregationibus,
1260 1950 1352 1982 quae
1371 1939 1413 1972 ad
1433 1938 1576 1972 decreta
1594 1937 1839 1972 adumbranda

73 1994 215 2038 aliaque
240 1993 385 2038 negotia
411 1994 567 2038 gerenda
594 2005 860 2037 nonnumquam
886 1992 1167 2026 instituebantur
1198 1992 1447 2035 (Massarellus
1471 1991 1493 2025 l.
1522 2003 1550 2026 c.
1578 1991 1612 2032 I,
1642 1991 1714 2035 10),
1741 1991 1839 2025 adire

73 2048 192 2091 ibique
230 2047 447 2082 sententiam
485 2047 602 2081 dicere
641 2047 833 2081 iuberetur.
888 2046 998 2079 Immo
1035 2057 1114 2079 eum
1150 2045 1193 2079 ad
1230 2047 1350 2089 patres
1384 2044 1643 2088 theologosque
1685 2044 1834 2086 „Indici“

74 2101 178 2136 Pauli
203 2100 265 2136 IV.
291 2101 579 2145 recognoscendo
606 2100 765 2134 delectos
792 2099 926 2133 dixisse
952 2099 1042 2133 satis
1069 2100 1207 2133 certum
1234 2100 1308 2139 est;
1336 2098 1379 2133 cf.
1407 2109 1516 2143 supra
1542 2110 1576 2143 p.
1603 2098 1682 2132 449.

941 2228 974 2270 L

247 2323 702 2368 MONIJMENTA
734 2319 1335 2366 VINDOBONENSIA
1369 2318 1664 2362 CANISII.

893 2432 1024 2474 374.

737 2523 808 2559 Sub
835 2533 880 2558 111.
907 2521 1071 2569 Aprilem
1096 2521 1183 2558 1561.

200 2618 339 2650 Temere
364 2621 514 2650 recentes
540 2616 683 2659 quidam
711 2615 873 2647 historici
898 2613 1096 2655 affirmant,
1130 2612 1313 2645 Canisz'um
1344 2610 1568 2643 universitati
1593 2609 1842 2642 vindobonensi

78 2672 362 2705 contumeliosum
387 2672 558 2713 scriptum
584 2669 751 2702 adversus
781 2668 972 2710 Geor-{sium
1001 2666 1207 2699 Tannermn
1232 2663 1521 2698 iurisconsultmn
1542 2663 1781 2706 proposuisse.

201 2753 374 2794 Georyius
396 2752 539 2784 Tanner
564 2750 599 2792 (†
617 2749 683 2783 sub
705 2748 810 2791 1581)
831 2746 1127 2782 emersdorfensis
1148 2745 1410 2790 (Emmersdorf
1427 2744 1462 2778 in
1481 2743 1629 2778 Austria
1647 2741 1841 2786 inferiore),

77 2805 165 2839 iuris
183 2805 371 2847 utriusque
397 2804 520 2838 doctor
547 2805 582 2837 et
601 2803 857 2846 grammaticae
874 2801 1150 2843 litterarumque
1174 2809 1385 2843 graecarum
1411 2797 1447 2831 in
1464 2797 1702 2831 universitate
1720 2796 1842 2830 vindo-

78 2857 225 2892 bonensi
252 2857 444 2902 professor,
472 2856 532 2900 qui
555 2855 765 2898 „Novellas“
796 2865 946 2898 graecas
972 2853 1136 2887 Venetiis
1162 2864 1207 2886 ex
1237 2852 1357 2886 codice
1383 2853 1506 2884 vetere
1532 2861 1552 2884 a
1577 2861 1616 2884 se
1642 2848 1843 2894 exscriptas

78 2911 177 2956 typis
213 2909 385 2952 evulgare
419 2909 565 2944 volebat
593 2908 792 2952 (Aschbach
818 2907 840 2942 l.
867 2919 896 2942 c.
923 2907 994 2949 111,
1028 2904 1254 2949 279-289),
1294 2904 1355 2947 „D.
1383 2904 1566 2938 Bonifacio
1596 2902 1843 2944 Amerbacfflo,

202 3046 212 3065 ¹
242 3044 315 3087 „Da
341 3055 451 3077 zuvor
469 3041 634 3076 Canisius
660 3053 725 3076 aus
752 3041 814 3075 der
838 3039 1041 3074 namlichen
1061 3038 1305 3073 Gesellschaft
1330 3038 1366 3071 in
1385 3037 1482 3071 einer
1499 3035 1728 3070 offentlichen
1745 3034 1843 3069 Rede

81 3110 172 3143 ganz
191 3098 289 3132 einer
306 3097 441 3131 andern
459 3096 632 3139 Meinung
650 3095 835 3138 gewesen“
854 3107 861 3128 ε
880 3094 1019 3128 Neuere
1039 3091 1255 3127 Geschichte
1273 3091 1335 3126 der
1351 3089 1559 3125 Deutschen
1577 3089 1628 3123 ΙΙΙ
1649 3088 1844 3133 (Franken-

80 3151 159 3186 thal
186 3151 306 3195 1785),
333 3151 412 3185 216.
1495 3200 1569 3235 48*
