2093 3444
215 180 266 220 18
472 175 552 209 507.
588 174 739 208 Ioannes
765 174 808 208 de
834 173 989 208 Polanco
1017 173 1170 208 Ganisio.
1213 173 1327 208 Roma
1355 174 1409 207 18.
1436 174 1593 208 Ianuarii
1622 175 1723 209 1561.

328 295 390 336 La
422 293 562 347 poliza
603 293 704 334 delli
736 294 834 334 400.
870 291 989 332 scudi
1027 304 1167 332 uenne
1199 290 1713 344 oportunissimamente1
1756 292 1834 333 che
1875 291 1976 334 altri

209 360 322 402 tanti
354 360 592 400 haueuamo
636 358 678 399 di
717 371 856 411 pagar
888 356 1021 408 hoggi
1059 358 1104 397 et
1136 369 1220 396 non
1253 355 1283 397 li
1314 358 1583 399 trouauamo.
1618 356 1976 399 benedictusa

211 426 247 466 D
261 439 321 467 eu
334 439 353 465 s
373 425 400 466 2.

328 489 463 530 Molto
497 487 534 529 ci
567 488 814 529 consolamo
847 486 891 527 111
914 485 1097 527 Domino
1132 485 1201 527 del
1233 485 1376 528 fructo
1410 485 1635 539 spirituale
1668 486 1719 528 de
1747 486 1975 528 Monachio

210 558 254 597 et
287 554 501 606 Augusta,
537 567 562 594 a
594 552 653 593 lui
685 551 851 606 piaccia
883 553 1144 604 augmentar
1174 550 1215 592 lo
1249 551 1336 592 alla
1368 550 1582 603 giornata.

327 619 407 660 Del
440 618 703 659 monasterio
737 617 776 658 di
813 616 953 670 Oybin
986 618 1245 670 presuposto
1279 615 1357 657 che
1398 616 1439 657 la
1473 616 1729 670 compagnia
1761 616 1825 658 sia
1857 629 1976 657 scar-

207 685 346 727 ricata
380 684 493 725 della
526 697 628 724 cura
663 683 700 723 di
737 682 878 723 anime
921 684 963 723 et
1010 681 1086 722 che
1120 681 1290 734 aquelle
1335 680 1370 722 si
1402 681 1594 734 proueda
1625 695 1702 735 per
1734 681 1849 723 altra
1889 680 1973 732 uia,

208 754 252 793 et
285 750 362 791 6116
395 749 436 791 16
468 748 653 790 intratta
686 747 722 788 si
755 746 948 788 aumenti
980 746 1015 787 si
1047 745 1252 788 rimetteb
1293 746 1334 787 al
1366 746 1499 799 padre
1532 746 1723 788 Vittoria
1763 747 1841 788 6116
1874 760 1975 788 6011-

208 815 335 857 6111(16
366 814 394 856 il
430 813 610 867 negocio
644 826 764 854 come
797 812 955 865 meglio
989 811 1017 853 11
1051 825 1206 865 parera
1239 811 1433 853 uenendo
1466 811 1494 852 11
1529 811 1726 853 cittadini
1758 826 1784 853 a
1805 810 1976 853 Vienna

208 881 318 923 doue
359 880 389 920 li
423 881 690 933 aspetauano
708 879 735 920 3.
802 877 854 919 Se
896 877 926 918 li
968 879 990 918 6
1023 891 1104 931 pur
1135 876 1287 918 scritto
1329 876 1443 918 seria
1485 876 1566 918 ben
1597 876 1834 919 intendessi
1875 875 1973 930 quel

207 946 284 988 che
317 947 497 986 sentono
530 943 559 984 li
592 942 729 985 nostri
763 943 803 984 di
837 942 994 995 Praga,
1030 945 1073 984 et
1106 942 1242 983 anche
1275 941 1353 983 che
1385 941 1420 982 si
1453 941 1495 982 la
1527 941 1578 983 R.
1613 942 1664 984 V.
1699 941 1729 982 li
1761 941 1816 983 da
1847 942 1974 983 alcun

207 1011 356 1053 ordine
388 1010 429 1051 lo
463 1008 643 1061 segniti:
678 1008 851 1050 scriuali
886 1007 1081 1049 adunche
1113 1007 1156 1048 16
1178 1006 1228 1049 R.
1253 1006 1305 1049 V.
1335 1007 1433 1059 quel
1466 1006 1543 1048 6116
1575 1007 1605 1048 11
1636 1020 1754 1061 pare,
1788 1010 1832 1049 et
1863 1006 1975 1048 ueda

207 1077 249 1118 di
281 1075 481 1117 consolar
512 1074 585 1128 piu
618 1087 769 1127 spesso
803 1086 882 1114 con
915 1087 991 1114 sue
1024 1072 1181 1114 lettere
1214 1072 1312 1125 quel
1346 1071 1560 1124 collegi04
1591 1071 1627 1113 si
1659 1072 1741 1113 ben
1774 1071 1803 1113 li
1834 1071 1975 1113 faccia

205 1141 394 1183 scriuere
428 1140 469 1181 al
502 1139 635 1194 padre
668 1138 970 1192 guiglier1no5.
1035 1137 1204 1179 Christo
1228 1136 1281 1179 N.
1315 1137 1354 1179 S.
1390 1137 1453 1178 sia
1487 1137 1685 1179 contutti.
1750 1136 1804 1178 Di
1835 1136 1974 1179 Roma

207 1207 235 1248 li
271 1208 352 1248 .18.
389 1205 427 1246 di
464 1203 656 1246 Gennaio
693 1205 820 1246 1561.

325 1372 539 1417 Syngrapha
566 1372 635 1406 ista
662 1372 731 1406 400
757 1373 980 1405 scutatorum
1008 1370 1308 1415 opportunissime
1345 1370 1389 1403 ad
1424 1382 1488 1403 nos
1515 1369 1651 1414 perlata
1687 1370 1786 1411 est¹3
1820 1369 1969 1404 totidem

205 1427 296 1461 enim
325 1426 429 1459 hodie
456 1425 596 1459 solvere
624 1424 841 1459 debebamus
868 1436 982 1468 neque
1010 1423 1290 1457 inveniebamus.
1343 1423 1638 1457 Benedictus
1664 1422 1788 1456 Deus
1805 1423 1827 1456 ².

323 1479 456 1523 Magno
482 1479 615 1513 solacio
643 1478 822 1512 afficimur
848 1478 882 1511 111
910 1477 1050 1511 domino
1077 1476 1224 1522 pietatis
1259 1476 1420 1517 fructus,
1457 1488 1545 1520 quos
1573 1479 1608 1510 et
1634 1476 1813 1510 Monachii
1839 1478 1876 1510 et
1901 1477 1971 1510 Au-

205 1535 334 1577 gustae
362 1532 542 1576 colligitis,
571 1535 778 1571 cernente&
807 1543 895 1576 quos
923 1531 1014 1565 idem
1043 1531 1075 1564 111
1104 1531 1178 1564 (1165
1205 1542 1337 1574 augere
1364 1530 1542 1574 dignetur.

323 1586 421 1628 Quod
450 1586 493 1620 ad
520 1586 776 1619 monasterium
804 1585 986 1619 oibiuense
1013 1584 1162 1625 attinet,
1199 1596 1239 1618 ea
1267 1583 1491 1624 condicione,
1518 1586 1559 1617 ut
1585 1583 1745 1618 Societas
1771 1583 1970 1617 animarum

204 1651 289 1674 cura
316 1639 489 1674 liberetur
515 1639 642 1683 hisque
669 1638 784 1673 altera
812 1639 948 1672 ratione
975 1638 1208 1682 provideatur
1234 1649 1275 1671 ac
1302 1637 1437 1671 reditus
1464 1639 1650 1680 augeatur,
1676 1637 1771 1682 patri
1788 1636 1970 1672 Victoriae

203 1693 457 1738 permittimus,
483 1695 533 1732 ut,
562 1704 631 1737 qua
658 1692 795 1726 ratione
823 1692 889 1737 ipsi
918 1691 1034 1725 visum
1062 1691 1119 1732 sit,
1146 1690 1330 1735 negotium
1357 1690 1453 1725 istud
1480 1691 1658 1736 expediat,
1686 1702 1767 1724 cum
1794 1690 1892 1724 cives
1917 1690 1971 1724 illi

203 1747 463 1787 vindobonam,
483 1746 542 1780 ubi
561 1746 875 1791 exspectabantur,
895 1745 1061 1779 venerint
1073 1746 1095 1778 ³.
1132 1744 1347 1789 Scripsimus
1366 1746 1487 1778 tamen
1507 1744 1537 1778 ei
1557 1744 1758 1786 convenire,
1776 1746 1817 1778 ut
1833 1745 1970 1778 nostro-

202 1811 281 1834 rum
308 1799 540 1845 pragensium
571 1799 785 1833 sententiam
813 1798 1061 1842 intellegeret,
1097 1809 1155 1839 ac,
1182 1797 1212 1832 si
1240 1797 1324 1842 quid
1352 1798 1392 1832 R.
1419 1797 1461 1831 V.
1490 1797 1521 1831 ei
1547 1797 1790 1842 praeciperet,
1826 1796 1862 1831 id
1889 1809 1970 1831 eum

204 1854 353 1897 exsequi
381 1853 562 1887 iussimus.
614 1852 654 1886 R.
682 1852 725 1886 V.
754 1852 866 1896 igitur
892 1852 943 1893 ei,
981 1863 1072 1895 quae
1099 1851 1289 1885 convenire
1316 1850 1506 1890 censuerit,
1540 1850 1677 1884 scribat
1701 1861 1743 1884 ac
1769 1850 1898 1893 faciat,
1930 1853 1971 1886 ut

203 1906 392 1949 collegium
420 1906 532 1940 illud⁴
559 1907 782 1950 frequentius
809 1917 872 1950 per
897 1905 1039 1939 litteras
1066 1904 1278 1947 consoletur,
1306 1904 1447 1938 etiamsi
1466 1906 1604 1949 patrem
1623 1903 1879 1938 Guilielmum⁵
1905 1915 1969 1938 suo

203 1960 343 1994 nomine
370 1960 526 1993 scribere
553 1959 684 1993 iubeat.
737 1958 902 1992 Christus
938 1958 1102 1992 dominus
1136 1960 1258 1992 noster
1293 1969 1373 1991 cum
1404 1957 1568 1992 omnibus
1594 1957 1651 1991 sit.
1703 1956 1815 1990 Roma
1836 1957 1889 1992 18.
1916 1957 1969 1991 Ia-

202 2013 318 2047 nuarii
349 2014 449 2047 1561.

321 2162 334 2175 2¹
361 2155 550 2189 beneditus
578 2166 636 2198 ap.
781 2154 794 2172 ¹¹
823 2153 957 2187 rimetti
985 2165 1041 2197 al).

205 2300 356 2343 (Pioek,
392 2312 486 2334 nunc
521 2300 689 2334 Poloniae
725 2299 884 2334 russicae
920 2299 1021 2342 urbs)
1058 2299 1222 2335 Andreas
1256 2298 1483 2333 Noskowski.
1536 2297 1702 2332 Ceterum
1738 2296 1841 2338 vide,
1875 2307 1968 2341 quae

202 2353 269 2388 sub
295 2354 411 2398 ipsam
438 2353 530 2387 hanc
556 2353 749 2398 epistulam
776 2353 950 2387 dicentur.

325 2407 334 2426 ¹
362 2408 539 2441 Polancus
565 2407 688 2440 eodem
715 2406 782 2440 hoc
808 2406 864 2440 die
893 2406 947 2440 18.
976 2405 1130 2439 Ianuarii
1159 2406 1247 2440 1561
1276 2404 1489 2439 Victoriae*
1516 2403 1678 2449 scripsit:
1711 2402 1768 2446 „Si
1792 2403 1968 2437 riceuette

204 2459 241 2493 la
265 2459 381 2504 poliza
408 2459 443 2493 di
468 2459 579 2503 quelli
605 2460 685 2494 400.
713 2459 813 2494 scudi
840 2458 898 2493 del
925 2458 1169 2503 Jmperatore,
1196 2457 1262 2492 Dio
1289 2458 1455 2492 laudato“
1489 2457 1550 2501 (ex
1575 2456 1781 2502 apographo
1808 2456 1968 2490 eiusdem

204 2513 386 2558 temporis.
425 2513 509 2547 Cod.
542 2512 680 2555 „Germ
712 2512 821 2547 1559ι
852 2512 876 2546 f.
905 2512 1023 2555 291³).
1074 2511 1127 2545 De
1154 2522 1225 2555 qua
1249 2511 1343 2556 stipe
1370 2511 1452 2545 vide
1478 2521 1587 2556 supra
1613 2521 1647 2555 p.
1675 2510 1706 2544 1.
1735 2510 1789 2543 16.

324 2566 338 2586 ²
363 2567 383 2599 ‘2
412 2565 490 2600 Cor.
521 2567 550 2607 1,
579 2566 609 2600 3.
653 2565 742 2610 Eph.
772 2566 802 2606 1,
829 2565 849 2598 3
877 2567 944 2600 etc.

323 2620 336 2640 ⁸
362 2619 520 2663 Collegio
547 2618 737 2653 Societatis
772 2618 943 2663 pragensi
978 2619 1014 2652 et
1050 2629 1136 2652 cura
1170 2618 1343 2652 bonorum
1378 2616 1511 2651 deserti
1548 2616 1655 2650 huius
1682 2615 1966 2650 Coelestinorum

201 2672 420 2714 monasterii,
439 2672 533 2717 quod
548 2672 795 2706 Ferdinandus
808 2671 847 2713 Ι.,
866 2671 1032 2716 pontifice
1049 2671 1234 2716 probante,
1253 2670 1285 2705 ei
1299 2670 1524 2711 attribuerat,
1544 2670 1701 2704 maxima
1715 2680 1884 2713 agrorum
1897 2671 1966 2703 etc.

201 2728 304 2770 parte
331 2725 611 2760 Zittaviensibus
639 2725 786 2769 (Zittau)
816 2724 1017 2759 lutheranis
1044 2724 1199 2765 elocata‚
1227 2726 1263 2758 et
1287 2723 1552 2758 administratio
1577 2734 1696 2757 rerum
1721 2733 1904 2757 sacrarum
1930 2722 1968 2756 in

201 2778 306 2823 pagis
333 2778 462 2813 Oibino
488 2778 661 2813 subiectis
686 2778 820 2812 multas
846 2789 1069 2822 magnasque
1095 2777 1328 2811 difficultates
1362 2788 1404 2811 ac
1438 2776 1624 2811 molestias
1656 2776 1832 2821 parabant
1859 2775 1966 2820 (Com.

202 2832 291 2876 Epp.
318 2832 370 2874 II,
405 2832 463 2866 43.
491 2832 569 2866 113.
597 2832 676 2866 373.
703 2831 784 2866 418.
810 2832 880 2866 419
907 2830 1004 2875 etc.).
1055 2830 1094 2865 P.
1129 2831 1312 2864 Hem-icus
1345 2831 1552 2865 Bzissemius
1586 2829 1620 2864 S.
1657 2829 1690 2864 J.
1729 2829 1766 2862 in
1803 2827 1966 2863 *litteris

203 2885 528 2928 quadrimestribus
553 2885 698 2928 collegii
723 2884 914 2930 pragensis
939 2884 1060 2927 Praga
1085 2884 1118 2917 4.
1146 2883 1368 2928 Septembris
1395 2884 1486 2918 1560
1521 2883 1635 2917 datis:
1674 2882 1804 2924 „Iam“‚
1838 2881 1966 2925 inquit,

207 2937 261 2979 „S.
281 2937 318 2972 C.
338 2938 385 2972 M.
412 2938 519 2983 plane
545 2938 705 2972 decreuit
731 2949 773 2972 ac
791 2937 1001 2972 Reuerendo
1027 2949 1060 2982 p.
1079 2936 1297 2971 Prouinciali
1324 2940 1433 2981 atque
1450 2935 1659 2970 Reuerendo
1677 2934 1821 2969 Rectori
1842 2936 1966 2968 nostro

202 2992 367 3034 porrecta
392 3002 501 3025 manu
526 2991 691 3036 promisit
716 2990 922 3036 propediem
949 2990 1044 3031 fore,
1078 2991 1120 3024 vt
1151 3001 1214 3035 pro
1241 2989 1439 3034 Oybinensi
1465 2988 1683 3023 Monasterio
1710 2987 1965 3022 commodiores

203 3042 362 3086 Collegio
394 3044 533 3078 reditus
564 3043 835 3078 adscribantur-‘¹
869 3044 931 3086 (ex
956 3043 1152 3088 archetypo
1178 3043 1328 3077 Romam
1354 3042 1399 3076 ad
1425 3041 1590 3076 Lainium
1615 3040 1736 3075 misso.
1787 3040 1870 3075 eod.
1901 3039 1964 3083 „Gn

154 3144 157 3147 ⁵
322 3150 334 3169 ⁴
360 3148 647 3184 Vindobonense.
747 3151 760 3170 ⁵
786 3149 958 3190 Elderen;
985 3149 1032 3183 cf.
1061 3149 1147 3182 Can.
1174 3148 1263 3193 Epp.
1292 3148 1336 3190 11,
1362 3147 1430 3182 607
1441 3147 1464 3182 ².
1493 3146 1570 3181 739.
1599 3146 1666 3181 763
1693 3147 1762 3181 etc.
