2093 3444
296 166 375 200 618.
411 166 543 201 Petrus
570 167 613 201 de
640 167 878 203 Ribadeneira
906 168 1059 204 Canisio.
1103 170 1217 204 Roma
1246 171 1275 205 1.
1303 170 1522 206 Novembris
1552 173 1654 207 1561.
1782 177 1865 217 285

207 282 313 317 Haud
349 283 398 317 ita
433 284 562 318 mirum
598 285 729 328 igitur,
767 285 958 320 editionem
986 287 1196 332 Hieronymi
1233 288 1276 322 ab
1304 288 1452 322 Erasmo
1489 292 1653 324 curatam
1688 302 1759 325 una
1786 302 1865 325 cum

86 335 236 380 reliquis
262 337 427 371 omnibus
445 337 586 371 Erasmi
612 338 759 383 scriptis
785 351 805 372 a
824 339 936 373 Paulo
955 340 1015 375 IV.
1036 352 1066 374 a.
1089 341 1177 375 1557
1202 341 1325 385 (1559)
1355 342 1390 375 in
1408 342 1578 377 librorum
1606 344 1866 388 prohibitorum

87 389 252 432 catalogo
279 389 432 434 positam
468 402 558 425 esse.
610 390 835 436 Quamquam
861 395 986 438 postea
1021 405 1042 428 a
1067 393 1131 428 Pio
1158 394 1218 429 IV.
1246 397 1282 429 et
1309 394 1493 430 Clemente
1521 397 1615 430 VHI.
1643 398 1746 432 annis
1776 399 1865 432 1564

87 444 124 477 et
151 443 242 477 1596
269 454 310 477 ea
337 444 551 489 proscriptio
577 445 628 479 ita
655 447 856 490 temperata
884 449 956 489 est,
993 449 1033 481 ut
1059 449 1198 482 tantum
1228 448 1434 493 Cossoquia,
1470 449 1603 491 Moria,
1641 451 1778 495 aliquot
1804 451 1865 485 alii

86 496 164 531 eius
188 496 271 531 libri
297 497 439 531 omnino
465 498 757 543 prohiberentur,
794 499 922 544 reliqui
951 500 1007 534 vel
1034 500 1139 545 plane
1165 501 1225 535 vel
1257 502 1323 536 sub
1359 502 1625 537 condicionibus
1652 504 1864 548 quibusdam

85 550 382 595 permitterentur
419 550 566 594 (Anton.
594 553 803 587 Possevinus
838 552 871 587 S.
901 553 955 597 J.,
997 555 1202 599 Apparatus
1238 554 1388 589 SacerI
1424 555 1606 600 [Coloniae
1642 557 1864 602 Agrippinae

87 602 213 648 1608]‚
252 604 332 638 419.
384 606 449 639 Fr.
478 607 524 640 H.
552 607 709 651 Reusch,
746 606 818 641 Der
844 607 997 641 Indexl
1034 607 1148 651 [Bonn
1178 608 1303 652 1883],
1340 609 1556 653 347—348).
1609 608 1707 650 Quod
1743 613 1863 644 autem

87 655 252 691 Canisius
287 658 559 704 proscriptionis
596 671 616 693 a
642 660 754 694 Paulo
782 660 842 694 IV.
869 660 987 694 factae
1023 661 1158 695 nullam
1194 661 1228 695 in
1255 662 1312 696 his
1346 662 1479 696 litteris
1514 664 1602 697 fecit
1636 665 1862 706 mentionem,

86 721 126 744 eo
156 709 209 752 (ni
234 710 356 755 fallor)
393 724 470 746 rem
496 712 760 755 dissimulavit,
797 714 890 758 quod
927 716 962 748 et
989 713 1074 748 Otto
1102 715 1295 749 cardinalis
1322 715 1558 759 Augustanus
1592 728 1740 751 romana
1766 718 1862 759 sede,

83 765 125 798 ut
141 763 296 806 videtur,
320 765 494 809 probante
513 766 573 800 vel
590 767 778 808 tolerante,
806 769 841 801 et
859 767 986 812 reliqui
1006 767 1219 802 Germaniae
1239 769 1396 814 episcopi
1416 769 1580 813 catalogo
1599 770 1660 804 illo
1679 770 1782 804 Pauli
1802 771 1861 805 IV.

86 817 348 862 promulgando
385 820 664 864 supersederant
692 820 798 864 (Can.
826 820 915 866 Epp.
944 821 994 862 ΙΙ,
1032 821 1110 855 377.
1139 822 1244 865 500);
1280 823 1493 864 accedebat,
1531 824 1621 868 quod
1657 835 1740 869 spes
1773 827 1860 866 erat,

85 870 288 914 catalogum
317 872 418 906 illum
445 873 546 907 brevi
573 874 607 907 in
635 874 782 908 concilio
808 875 1001 909 tridentino
1028 875 1233 918 mitigatum
1260 876 1312 910 iri.

206 924 371 960 Canisius
399 938 491 961 anno
513 927 612 968 1565,
641 939 719 961 cum
740 927 952 973 Hieronymi
979 928 1154 973 epistulas
1181 930 1225 963 ad
1243 932 1369 964 vetera
1395 931 1561 976 exempla
1587 931 1738 965 collatas
1755 931 1861 974 longe

85 978 310 1014 emendatius
350 980 489 1022 ederet,
527 980 594 1015 has
630 992 771 1025 quoque
810 981 952 1016 litteras
990 982 1227 1017 dedicatorias
1263 983 1499 1028 amplificavit
1537 987 1573 1018 et
1609 985 1734 1019 multis
1772 985 1860 1019 locis

83 1032 258 1072 mutavit,
285 1032 399 1068 salvis
426 1036 546 1068 tamen
573 1033 662 1079 ipsis
688 1035 796 1069 rebus
824 1037 859 1069 et
885 1036 1041 1069 maxime
1067 1047 1132 1070 suo
1159 1037 1201 1070 de
1230 1037 1379 1080 Erasmo
1405 1037 1545 1072 iudicio.
1595 1038 1691 1080 Quas
1718 1038 1859 1072 litteras

83 1084 134 1119 ita
160 1085 372 1121 immutatas
399 1099 463 1122 suo
489 1087 566 1122 loco
593 1100 800 1133 proponam.

182 1138 347 1174 Canisius
374 1140 410 1174 in
437 1141 518 1175 aliis
545 1153 685 1186 quoque
712 1142 878 1187 scriptiS,
906 1142 990 1187 quid
1018 1143 1060 1176 de
1087 1142 1236 1177 Erasmo
1263 1144 1431 1180 sentiret.
1459 1144 1626 1189 protulit3
1663 1156 1754 1189 quae
1781 1157 1859 1180 sen·

82 1192 218 1226 tentiae
245 1193 279 1226 in
308 1193 428 1238 aliquo
456 1206 501 1228 ex
527 1195 762 1239 sequentibus
787 1195 894 1230 huius
921 1196 1038 1241 operis
1065 1196 1307 1231 voluminibus
1333 1198 1610 1242 evulgabuntur.

202 1246 254 1280 De
280 1247 359 1292 ipsa
384 1247 453 1282 hac
480 1248 715 1293 epistularum
741 1249 951 1294 Hieronymi
977 1249 1131 1284 editione
1158 1262 1178 1284 a
1198 1249 1339 1284 Canisio
1366 1253 1490 1285 curata
1516 1252 1598 1286 vide
1625 1252 1728 1297 plura
1753 1251 1856 1294 infra,

82 1311 116 1344 p.
143 1299 331 1335 289—290
359 1303 395 1335 et
419 1313 575 1336 monum.
603 1302 682 1337 392.
711 1303 790 1337 393.

907 1393 1028 1435 (318.

424 1479 488 1521 Ρ.
521 1479 809 1522 PETRUS
842 1479 940 1522 DE
974 1481 1512 1535 RIBADENEIRA,

302 1561 511 1607 provinciae
536 1563 662 1596 tuscae
690 1561 723 1595 S.
752 1562 784 1596 J.
812 1562 1040 1607 praepositus
1068 1564 1103 1596 et
1127 1563 1313 1597 secretarii
1341 1562 1375 1597 S.
1402 1563 1434 1598 J.
1462 1563 1630 1605 vicarius,

296 1644 469 1686 nomine
502 1643 716 1699 Alphonsi
750 1644 1028 1695 Salmeronis,
1062 1645 1214 1688 vicarii
1248 1646 1465 1700 generalis
1500 1647 1539 1690 S.
1575 1648 1629 1699 J„

832 1740 1106 1789 CANISIO.

709 1844 821 1880 Roma
846 1843 870 1880 1.
897 1843 1111 1881 Novembris
1138 1844 1224 1880 1561.

199 1922 255 1957 Ex
273 1922 480 1968 apographo
499 1922 656 1956 eiusdem
676 1923 867 1968 temporis3
887 1922 923 1956 in
941 1923 1102 1967 margine
1121 1924 1245 1958 eadem
1263 1935 1386 1959 manu:
1411 1924 1595 1968 „Augusta
1613 1925 1655 1960 D.
1676 1925 1850 1961 Canisio.“

81 1975 164 2011 Cod.
197 1975 336 2019 „Germ.
366 1977 477 2011 1561“
509 1976 533 2010 f.
561 1976 639 2010 271³.

198 2050 455 2083 Monasterium
492 2050 527 2083 S.
560 2050 706 2093 Gom-92²2?
740 2050 906 2083 Societm‘fi
939 2051 1039 2083 trade?
1075 2061 1146 2084 non
1177 2055 1300 2094 potest.
1353 2051 1450 2085 Socii
1486 2052 1609 2095 aliqui.
1664 2053 1853 2096 Colle-qiam

80 2114 268 2138 romanum
292 2104 494 2137 hominibus
519 2103 687 2147 abundat,
707 2105 863 2146 pecunia
889 2108 968 2147 eyet.
1445 2104 1448 2107 ’

196 2164 429 2228 Riceueino
463 2186 608 2239 quella
640 2186 683 2228 di
706 2186 772 2229 .V.
796 2186 847 2230 R.
882 2187 923 2228 di
954 2188 1020 2229 18.
1056 2187 1125 2229 del
1156 2190 1325 2242 pasato,
1361 2191 1404 2230 et
1437 2192 1598 2242 quanto
1632 2190 1718 2232 alla
1751 2204 1852 2232 cosa

79 2251 149 2294 del
179 2251 444 2294 monasterio
478 2251 556 2293 ohe
588 2251 624 2293 si
656 2252 924 2306 pretendeua
956 2266 1034 2307 per
1065 2253 1108 2295 la
1131 2253 1400 2307 compagnia,
1435 2254 1507 2307 gia
1539 2269 1616 2309 per
1644 2257 1713 2297 un'
1738 2256 1853 2298 altra

79 2318 102 2359 e
147 2320 264 2360 stato
308 2317 462 2360 scritto
507 2317 585 2359 che
629 2317 659 2359 il
704 2317 905 2360 Cardinal
954 2317 1046 2360 dice
1092 2318 1359 2373 appartinire
1403 2319 1445 2361 al
1489 2319 1667 2374 Papa³1
1704 2319 1764 2375 [Ρ]
1809 2321 1853 2364 la

196 2450 238 2484 R.
257 2450 302 2485 V.
327 2449 471 2484 litteras
498 2449 552 2484 die
580 2449 634 2484 18.
661 2450 796 2485 mensis
831 2450 1027 2496 superioris
1054 2452 1157 2486 datas
1193 2452 1416 2497 accepimus,
1453 2454 1489 2486 et
1515 2453 1557 2487 de
1591 2464 1700 2488 causa
1733 2466 1852 2489 mona-

78 2503 180 2538 sterii
204 2503 313 2544 illius,
340 2503 443 2547 quod,
470 2505 512 2538 ut
537 2503 707 2538 Societati
735 2504 950 2546 traderetur,
977 2505 1131 2550 petitum
1158 2507 1245 2547 erat,
1273 2505 1396 2540 alteris
1422 2505 1494 2540 iam
1519 2506 1652 2541 litteris
1677 2509 1850 2553 scriptum

78 2559 143 2600 est,
170 2556 389 2591 cardinalem
416 2557 625 2599 asseruisse,
653 2557 730 2592 eius
748 2558 954 2593 conferendi
972 2560 1189 2603 potestatem
1207 2571 1316 2604 penes
1334 2570 1512 2594 summum
1530 2560 1761 2606 pontificem³²
1775 2563 1785 2583 ¹
1805 2562 1851 2606 [22]

182 2676 210 2709 ,ἢ
237 2671 320 2712 Sim
344 2671 403 2703 sed
428 2670 609 2713 Zeyendum
635 2671 794 2703 videtur:
821 2669 1011 2715 Oapitulo‚·
1037 2672 1113 2704 vide
1138 2672 1252 2715 infra,
1281 2672 1399 2705 adnot.
1430 2674 1449 2705 1
1474 2671 1582 2705 huius
1603 2683 1686 2715 pay.

199 2782 209 2802 ¹
235 2781 291 2816 Ita
316 2781 459 2825 quidem
486 2781 599 2815 codex
624 2793 736 2816 meus.
787 2781 836 2815 At
870 2781 907 2815 in
942 2781 1040 2815 nullo
1077 2781 1146 2816 alio
1181 2781 1280 2816 fonte
1316 2781 1462 2825 antiquo
1498 2781 1564 2815 hoc
1599 2781 1778 2826 pontificis
1813 2781 1849 2816 in

77 2837 320 2878 augustanum
345 2834 433 2868 illud
462 2834 495 2869 S.
524 2834 670 2878 Georgii
695 2834 953 2869 monasterium
983 2834 1080 2879 (vide
1106 2846 1216 2880 supra
1242 2846 1275 2880 p.
1299 2834 1383 2878 223)
1414 2835 1469 2869 ius
1495 2836 1670 2869 testatum
1696 2835 1849 2880 repperi.

77 2886 178 2928 Quod
203 2888 234 2922 si
261 2888 474 2930 exstitisset,
501 2887 710 2930 Truchsess,
737 2890 833 2933 puto,
860 2887 1082 2933 pontificem,
1110 2890 1150 2922 ut
1176 2888 1433 2922 monasterium
1461 2887 1631 2922 Societati
1658 2888 1848 2931 conferret,

76 2940 280 2976 induxisset
304 2941 365 2976 vel
390 2942 519 2976 saltem
544 2941 714 2976 inducere
741 2943 889 2976 conatus
916 2944 1023 2976 esset.
1059 2941 1178 2983 Quare
1204 2953 1224 2975 a
1250 2941 1395 2975 librario
1417 2941 1493 2986 (qui
1511 2941 1744 2976 festinantius
1762 2941 1848 2976 scri-

77 2994 200 3039 bebat)
233 2995 371 3040 „Papa“
402 3007 465 3040 pro
496 2994 699 3040 „Capitolo“
729 2995 885 3040 positum
922 3006 1001 3029 esse
1037 2995 1216 3029 existimo.
1267 2994 1527 3028 Monasterium
1565 2993 1655 3028 illud
1681 3006 1702 3028 a
1727 2995 1848 3029 cathe—

77 3047 170 3082 drali
195 3048 352 3093 capitulo
372 3051 574 3093 augustano
593 3048 783 3083 fundatum
802 3049 881 3082 erat
901 3047 1026 3093 (supra
1043 3060 1077 3092 p.
1097 3048 1166 3082 242
1179 3047 1226 3091 ¹);
1254 3059 1296 3081 ac
1321 3047 1514 3082 cardinalis
1532 3047 1663 3082 litteris
1681 3048 1848 3092 Augusta

77 3112 98 3135 a
124 3101 279 3146 capitulo
305 3101 427 3136 missis
452 3102 638 3147 permotus
665 3113 744 3136 esse
770 3100 933 3141 videtur,
968 3102 1027 3142 ut,
1066 3111 1158 3144 quae
1184 3099 1422 3135 Ribadeneira
1448 3100 1585 3145 scribit,
1621 3100 1772 3142 diceret3
1801 3101 1846 3136 cf.

76 3153 182 3196 infra,
208 3166 364 3190 monum.
391 3155 591 3190 278—280.
