2093 3444
234 174 318 214 278
567 171 645 205 617.
683 169 848 204 Canisius
875 168 1038 203 Cornelio
1064 168 1219 203 Herleno
1246 180 1266 202 a
1292 168 1489 203 Rosenthal
1515 170 1552 203 et
1577 168 1666 203 aliis.

232 289 384 340 stiani,
424 287 639 330 Christum
672 287 846 329 factis
878 287 1279 339 abnegantesl,
1313 300 1397 327 non
1430 285 1606 339 pietati,
1640 286 1716 327 sed
1748 285 1889 336 luxui,
1923 287 1999 329 sed

233 419 384 461 exulat
415 417 695 473 poenitentia,
731 417 849 459 cuius
882 419 926 459 et
948 430 1105 458 nomen
1136 417 1361 457 horremus
1379 416 1406 466 3,
1441 415 1607 458 ridetur
1632 416 1812 469 antiqua
1843 416 1997 471 pietas,

233 486 509 526 sacramenta
540 483 714 536 integra
745 481 1021 536 reijciuntur,
1056 482 1197 523 cultus
1231 480 1401 522 diuinus
1433 481 1644 531 aboletur,
1681 495 1902 523 sacrorum
1934 481 1999 524 vi-

232 548 358 592 lescit
389 548 650 598 reuerentia,
683 562 768 589 non
791 561 893 589 suus
916 546 1068 588 virtuti
1091 546 1239 596 honos,
1274 560 1359 587 non
1380 545 1548 600 piorum
1571 545 1811 588 benefactis
1842 547 2000 590 merita

234 617 458 664 constant,
500 614 608 656 fides
641 613 857 655 duntaxat
889 612 932 654 in
965 611 1091 665 labijs
1132 613 1279 653 natat:
1324 613 1367 653 et
1408 614 1527 654 certo
1569 614 1715 654 tamen
1753 612 1999 664 statuimus,

233 679 288 732 (si
321 679 487 733 superis
519 678 681 733 placet)
714 692 805 728 nos,
839 677 965 719 modo
998 676 1181 718 fidamus
1203 676 1361 718 Christi
1394 676 1578 729 gratiae,
1611 676 1749 718 iustos
1779 679 1823 719 et
1855 677 2000 720 saluos

234 758 328 786 esse
362 747 575 799 oportere.
625 743 709 786 Sed
740 743 848 785 haec
880 756 960 796 ego
993 742 1126 783 missa
1158 756 1270 783 nunc
1302 741 1428 792 facio,
1462 755 1516 783 ne
1549 745 1625 784 aut
1656 742 1825 784 Momus
1856 741 1899 784 in
1931 756 2000 784 re-

232 809 536 864 prehendendo
570 808 734 859 videar,
768 810 844 850 aut
875 809 1183 862 praeposterus
1216 820 1376 860 arguar
1407 806 1450 847 in
1483 806 1822 848 commendando
1845 806 2000 849 Hiero-

233 889 362 928 nymo
408 873 709 916 encomiastes.
783 872 898 915 Satis
943 872 1025 914 erit
1069 872 1111 913 in
1156 871 1524 926 praesentiarum,
1570 872 1621 913 de
1665 871 1832 914 ratione
1874 872 2000 915 huius

233 939 376 994 operis
409 939 671 992 consilioque
703 940 852 980 nostro
875 937 1066 979 breuiter
1099 937 1342 980 admonere.
1387 936 1600 978 Videbam
1623 951 1717 990 ego,
1752 951 1830 979 nec
1859 937 2001 980 minus

234 1005 453 1056 dolebam,
496 1005 717 1057 ingentem
764 1003 1039 1055 diuinumque
1083 1003 1335 1045 thesaurum
1379 1003 1539 1053 latere,
1584 1002 1665 1044 hoc
1709 1004 1796 1053 est,
1844 1002 2000 1044 Hiero-

233 1070 461 1124 nymianas
494 1069 702 1124 epistolas
734 1068 1077 1123 praegrandibus
1106 1067 1396 1109 voluminibus
1427 1067 1628 1118 inclusas,
1663 1082 1689 1110 a
1720 1067 1870 1122 paucis
1903 1068 1998 1119 emi,

234 1135 334 1188 quia
377 1135 505 1189 pretij
554 1134 806 1188 magnitudo
851 1134 1079 1187 plerosque
1129 1133 1421 1175 deterreret&
1473 1147 1498 1174 a
1545 1132 1819 1187 paucioribus
1869 1133 2000 1176 etiam

235 1201 390 1251 euolui,
425 1201 536 1254 quod
571 1214 625 1242 ex
649 1199 840 1241 fontibus
872 1198 956 1240 illis
989 1198 1116 1241 lectio
1139 1198 1409 1240 incommoda
1434 1201 1670 1252 peteretur,
1704 1201 1748 1240 et
1779 1198 2002 1240 fastidium

233 1267 414 1308 adderet
447 1266 550 1308 ordo
583 1265 876 1320 perturbatus.
940 1263 1090 1305 Visum
1126 1266 1193 1305 est
1235 1263 1369 1317 igitur
1410 1263 1776 1318 operaepretium,
1823 1278 1874 1306 ac
1906 1262 2002 1305 vsui

234 1345 328 1372 cum
362 1331 533 1385 priuato
566 1330 762 1380 lectoris,
803 1333 894 1372 tum
930 1329 1144 1371 communi
1176 1329 1421 1370 scholarum
1454 1328 1775 1370 accomodatius
1808 1328 1923 1379 fore,
1965 1328 2002 1370 si

234 1410 289 1438 ex
320 1396 455 1450 varijs
488 1396 689 1450 operibus
722 1398 765 1437 01
797 1394 926 1437 1011115
966 1393 1092 1435 11111115
1127 1394 1344 1444 authoris,
1388 1393 1748 1446 quemadmodum
1779 1408 1892 1436 nunc
1925 1407 2001 1435 ex-

232 1464 343 1511 tant,
378 1462 665 1514 seligerentur
697 1460 928 1515 epistolae,
964 1460 1154 1501 selectae
1196 1458 1340 1513 aptius
1382 1459 1720 1509 collocarentur,
1764 1459 2002 1501 collocatae

234 1530 380 1569 autem
402 1526 574 1568 modum
608 1528 820 1576 tenerent,
854 1528 903 1567 vt
926 1525 1071 1567 codice
1095 1538 1178 1566 vno
1206 1539 1289 1566 11011
1313 1524 1439 1565 valde
1463 1524 1619 1578 amplo,
1654 1538 1792 1577 neque
1824 1523 2001 1566 nimium

234 1606 429 1634 oneroso.
464 1592 539 1633 sed
574 1590 790 1641 mediocri,
825 1593 891 1641 et,
925 1593 974 1633 vt
1006 1589 1277 1644 Augustinus
1310 1589 1514 1642 loquitur,
1553 1589 1776 1631 manuali5
1809 1602 2001 1643 compre-

233 1657 538 1700 henderentur.
583 1656 701 1706 Quod
726 1657 927 1697 volumen
959 1656 1098 1699 tribus
1121 1655 1317 1709 partibus
1350 1654 1615 1705 distinctum,
1649 1657 1698 1697 vt
1725 1653 1867 1696 omnia
1900 1668 2001 1696 con-

234 1725 405 1765 starent
437 1722 619 1773 rectius,
661 1722 724 1764 ita
758 1721 1066 1764 distribuimus.
1131 1721 1180 1762 ln
1221 1720 1406 1775 primum
1447 1719 1603 1761 librum
1646 1733 1719 1761 eas
1760 1718 2000 1770 reiecimus,

234 1802 345 1841 quae
386 1788 514 1842 plane
554 1787 791 1829 familiares
834 1786 1060 1836 videntur,
1103 1786 1194 1827 siue
1237 1787 1563 1838 argumentum,
1609 1784 1700 1826 siue
1740 1784 2000 1827 breuitatem

356 1913 365 1933 ¹
392 1912 460 1946 Tit.
491 1913 520 1952 1,
550 1913 602 1947 16.
702 1912 715 1932 ‘·'
742 1911 870 1945 Matth.
898 1911 953 1952 24,
984 1911 1035 1945 12.

354 1966 366 1985 ³
392 1966 522 2000 Notum
551 1969 616 2006 est,
645 1965 841 1999 Lutherum
869 1964 904 1998 in
930 1964 1120 1998 ecclesiam
1149 1963 1364 1997 catholicam
1392 1963 1573 1996 invectum
1602 1973 1690 2003 esse,
1719 1961 1812 2006 quod
1838 1961 1873 1995 in
1905 1961 2003 2003 „vul-

234 2021 339 2064 gata*
370 2031 435 2053 sua
461 2031 586 2054 sacrae
613 2018 820 2063 scripturae
855 2018 1020 2052 versione
1047 2016 1296 2060 evangelicam
1332 2015 1427 2050 illam
1455 2017 1689 2058 ,,μετάνοιαν“
1716 2015 1825 2049 verbo
1865 2014 2002 2060 „poeni-

232 2073 387 2107 tentiae“
419 2073 736 2118 interpretaretur;
763 2071 797 2105 111
826 2071 927 2105 0111115
952 2070 1070 2105 10011111
1097 2070 1173 2115 ipse
1204 2069 1530 2114 „resipisce1itian1“
1561 2069 1760 2103 substituit.

354 2128 365 2146 ⁴
394 2126 602 2171 Hieronymi
622 2125 807 2170 Epistulae
834 2127 869 2158 et
895 2126 1071 2158 tractatus
1098 2136 1118 2157 a
1145 2123 1275 2157 Ioanne
1302 2122 1445 2156 Andrca
1471 2122 1638 2167 episcopo
1665 2120 1832 2156 aleriensi
1858 2132 1889 2155 a.
1911 2120 2001 2155 1468

233 2179 367 2214 Romae
396 2179 447 2223 (in
474 2179 576 2214 domo
603 2178 701 2213 Petri
728 2178 770 2212 de
797 2178 970 2220 Maximo)
1000 2177 1036 2211 in
1063 2177 1177 2211 lucem
1206 2176 1348 2217 emissi,
1385 2175 1429 2210 ab
1465 2176 1587 2209 eodem
1614 2187 1645 2209 a.
1675 2176 1765 2209 1470
1792 2174 2002 2210 curantibus

234 2232 396 2267 Conrado
423 2232 677 2277 Suueynheym
713 2234 749 2266 et
775 2231 932 2265 Arnoldo
958 2230 1138 2265 Pannartz
1173 2229 1303 2264 ibidem
1343 2229 1394 2272 (in
1430 2229 1532 2263 domo
1559 2228 1657 2263 Petri
1688 2230 1725 2262 et
1749 2227 1932 2262 Francisci
1958 2227 2002 2261 de

233 2286 418 2330 Maximis)
448 2286 578 2320 iterum
605 2285 691 2320 editi
718 2287 824 2325 sunt,·
859 2296 949 2328 quae
977 2284 1066 2318 duae
1094 2283 1268 2318 editiones
1295 2282 1377 2316 bina
1404 2282 1586 2316 volumina
1620 2282 1657 2316 in
1683 2281 1766 2316 folio
1793 2281 1936 2322 maiore,
1962 2281 2004 2314 ut

233 2339 404 2381 dicimus,
445 2339 731 2384 complectuntur
773 2339 881 2381 (Lml.
921 2339 1042 2381 Hain,
1081 2336 1330 2382 Repertorium
1366 2335 1695 2380 Bibliographicum
1730 2334 1808 2370 Vol.
1837 2335 1876 2376 2,
1913 2333 1952 2368 Ρ.
1982 2333 1997 2367 1

234 2392 490 2437 [Stuttgartiae
517 2394 552 2426 et
578 2392 742 2426 Lutetiae
769 2391 988 2425 Parisiorum
1018 2390 1122 2434 1831]
1156 2402 1188 2434 p.
1214 2390 1270 2424 43.
1322 2390 1419 2423 Plcw.
1442 2389 1583 2432 Brazm,
1610 2388 1745 2422 Notitia
1773 2415 1806 2423 ..
1834 2388 1876 2421 de
1901 2385 2002 2421 libris

235 2473 242 2480 .
271 2473 277 2480 .
304 2446 341 2479 in
368 2445 590 2480 Bibliotheca
617 2473 623 2479 .
653 2473 659 2479 .
687 2445 730 2479 ad
758 2444 817 2479 SS.
846 2443 1055 2478 Vdalricum
1082 2445 1118 2477 et
1135 2443 1262 2478 Afram
1288 2443 1475 2485 Augustae
1503 2441 1730 2476 exstantibus
1756 2442 1771 2474 I
1799 2440 2002 2484 [Augustae

233 2499 499 2533 vindelicorum
531 2498 645 2543 l788]‚
674 2497 890 2540 127-129).
925 2498 1044 2541 Atque
1071 2496 1194 2531 eodem
1221 2507 1312 2530 anno
1343 2495 1432 2530 1470
1458 2495 1588 2529 Petrus
1607 2494 1780 2529 Schoiffer
1809 2492 1999 2537 (Schoffer)

233 2552 484 2597 typographus
519 2551 750 2595 moguntinus
777 2550 988 2595 Hieronymi
1015 2550 1202 2595 Epistulas
1238 2561 1307 2583 uno
1334 2548 1515 2582 volumine
1550 2549 1586 2582 in
1622 2547 1706 2582 folio
1740 2546 1873 2581 maiore
1909 2557 2000 2580 com-

233 2605 424 2651 prehendit
463 2605 579 2648 (Ham
613 2604 635 2638 l.
672 2616 700 2639 c.
739 2616 770 2649 p.
807 2604 959 2638 43--45,
1010 2604 1129 2646 Steph.
1165 2603 1487 2645 Az.11'e·zrcltwem‚
1526 2601 1750 2635 Bibliotheca
1787 2599 2002 2643 Moguntina

234 2657 435 2703 [Augustae
462 2658 728 2692 Vindelicorum
758 2656 861 2700 1787]
888 2669 920 2702 p.
950 2655 1044 2700 100).
1081 2655 1234 2690 Eaedem
1260 2655 1446 2700 Epistulae
1472 2657 1597 2699 postea
1624 2654 1740 2688 editae
1765 2655 1850 2687 sunt
1866 2652 2001 2687 Romae

237 2712 357 2755 (1476.
387 2711 505 2755 1479),
532 2711 695 2746 Venetiis
723 2711 842 2754 (1476.
873 2709 992 2752 1488),
1020 2709 1171 2743 Parmae
1201 2708 1348 2753 (1480),
1384 2708 1643 2751 Norimbergae
1671 2707 1808 2751 (1495),
1835 2705 2000 2740 Basileae

234 2765 371 2809 (1497),
398 2765 563 2808 Lugduni
592 2763 716 2808 (1513)
747 2766 833 2803 etc.;
870 2774 961 2807 quae
997 2762 1171 2797 editiones
1206 2762 1281 2796 fere
1318 2773 1440 2796 omnes
1474 2761 1509 2795 in
1546 2760 1630 2794 folio
1661 2762 1698 2794 et
1722 2760 1743 2793 2
1769 2758 1828 2793 vel
1853 2759 1874 2793 3
1900 2758 1999 2793 volu-

234 2819 370 2852 minum
395 2820 488 2853 sunt.
525 2817 653 2852 Omnia
679 2816 889 2861 Hieronymi
916 2827 1022 2861 opera
1049 2816 1185 2860 primus
1211 2815 1232 2849 9
1261 2814 1313 2858 (8)
1342 2814 1585 2848 voluminibus
1610 2813 1646 2847 in
1674 2813 1711 2847 2⁰
1737 2811 1884 2856 collegit
1900 2811 2000 2846 Desi-

235 2872 355 2906 derius
380 2871 552 2905 Erasmus
579 2870 839 2904 Roterodamus
865 2869 1039 2910 Basileae,
1070 2868 1322 2908 1516—1520;
1358 2879 1449 2912 quae
1485 2867 1593 2901 editio
1620 2865 1793 2911 proximis
1819 2863 2001 2899 decenniis

235 2925 410 2965 Basileae,
436 2923 620 2967 Lugduni,
647 2923 797 2957 Parisiis
822 2922 976 2967 repetita
1007 2924 1063 2956 est
1092 2922 1207 2965 (Hain
1235 2921 1257 2955 1.
1285 2932 1314 2955 0.
1342 2932 1375 2965 p.
1402 2920 1555 2955 42—51.
1606 2921 1642 2954 J.
1673 2920 1715 2954 G.
1747 2919 1809 2952 Th.
1840 2919 2000 2961 Graesse‚

235 2977 364 3012 Tresor
390 2977 432 3011 de
459 2977 569 3011 livres
595 2988 695 3011 rares
722 2978 757 3010 et
782 2976 952 3021 precieux
978 2975 1030 3009 III
1057 2974 1207 3019 [Dresde
1237 2973 1352 3018 1862],
1379 2971 1596 3017 273—275).

355 3031 367 3050 ⁵
394 3029 560 3065 Canisius
585 3029 746 3063 libellum
772 3029 872 3063 illum
899 3028 933 3063 S.
961 3027 1154 3072 Augustini
1186 3027 1258 3069 ,De
1284 3027 1363 3066 fide.
1390 3038 1454 3071 spe
1480 3028 1517 3060 et
1542 3025 1737 3060 charitate“
1769 3023 1864 3065 dicit,
1893 3034 1999 3067 quem

235 3083 267 3117 is
291 3083 368 3128 ipse
399 3082 667 3125 „Enchiridioffl
697 3082 774 3116 sive
800 3081 968 3116 Manuale
993 3083 1118 3116 vocat:
1145 3079 1374 3114 Enchiridion
1403 3091 1431 3114 0.
1450 3079 1484 3113 4.
1511 3079 1551 3119 6;
1578 3076 1885 3112 Retractationum
1912 3075 1999 3117 l.1[‚

237 3146 266 3169 0.
293 3137 338 3170 63
368 3136 503 3179 (Miyne
527 3135 599 3170 ΡΡ.
627 3135 694 3169 LL.
721 3134 794 3179 XL,
821 3135 900 3169 232.
929 3134 1016 3175 233;
1044 3133 1191 3176 XXXII,
1218 3133 1315 3176 655).
