2093 3444
516 197 684 240 Augusta
708 196 980 233 Vindelicorum
1008 199 1062 233 16.
1089 198 1211 233 Martii
1241 199 1342 233 1562.
1734 204 1820 245 393

48 318 297 372 scriptores,
331 319 425 359 tum
456 316 613 358 Patres
646 315 779 358 etiam
811 318 1010 360 uetustos
1043 332 1097 360 ex
1130 318 1337 360 Romanis
1370 317 1651 361 Bibliothecis
1685 322 1823 362 eruat.

47 383 210 425 Verum
242 383 350 424 haec
384 395 464 435 ego
497 380 674 423 liberius
706 380 917 433 fortasse,
953 397 1004 424 ac
1035 386 1212 437 praeter
1245 383 1470 425 decorum:
1514 384 1639 437 quasi
1670 399 1824 439 parum

47 448 236 491 tribuam
289 449 365 489 aut
419 445 613 488 diffidam
665 445 907 500 sapientiae
956 448 1161 499 Patrum,
1217 448 1289 502 qui
1336 448 1562 503 spiritu
1614 452 1824 492 sancto

47 528 105 555 su
117 513 443 567 ggerente1‚
491 511 543 553 de
583 510 650 552 his
693 510 874 564 alijsque
915 512 1190 564 grauioribus
1230 513 1360 556 facile
1402 516 1446 556 et
1488 514 1655 556 sincere
1697 515 1826 558 isthic

47 578 310 621 iudicabunt.

166 643 295 685 Mitto
328 642 492 684 Theses
525 642 577 683 de
600 641 788 683 Concilio
822 641 1069 696 disputatas
1101 643 1145 685 in
1177 644 1326 686 schola
1359 644 1638 698 Tubingensi,
1673 646 1825 698 quibus

48 708 158 751 alias
189 707 329 751 nostri
361 707 570 761 Theologi
604 709 899 761 opposuerunt
931 721 982 748 ac
1015 707 1294 762 disputarunt
1335 709 1378 751 in
1419 711 1568 753 schola
1600 711 1826 764 Jngolsta—

49 774 185 816 diensi
201 775 230 817 2.
294 773 544 815 Admonent
586 787 664 814 nos
697 771 894 825 sectarij,
939 786 1067 826 quarn
1110 773 1239 828 impie
1277 775 1470 818 sentiant
1512 776 1564 817 de
1605 790 1653 818 re
1684 778 1825 827 tanta,

47 854 229 894 quorum
262 839 426 893 scripta
458 838 687 888 uirulenta,
723 837 877 890 quibus
909 838 1192 892 proscindunt
1225 840 1452 893 synodum,
1490 855 1546 883 ex
1577 841 1826 884 Nundinis3

49 908 247 959 expecto,
282 907 327 947 et
360 906 541 958 accepta
575 903 659 946 cito
693 903 878 945 mittam.

167 970 288 1020 Quod
311 970 366 1012 ad
388 969 691 1011 Reuerendum
716 969 766 1011 D.
792 968 1044 1011 Alifanum4
1076 969 1249 1021 attinet,
1285 985 1414 1024 agani
1437 971 1625 1014 libenter
1648 987 1827 1014 causam

46 1035 182 1090 ipsius
215 1050 310 1077 cuni
334 1034 627 1089 Typographo
650 1033 906 1087 Dilingensi‚
942 1048 1038 1076 cum
1070 1034 1106 1076 is
1129 1035 1308 1078 redierit
1335 1050 1390 1078 ex
1413 1040 1607 1080 mercatu
1633 1038 1827 1080 Franck-

46 1101 297 1143 fordiensi5.
371 1100 574 1150 Queritur
614 1099 789 1141 interim
832 1100 1172 1154 Typographus,
1216 1115 1292 1155 pro
1336 1105 1523 1154 quatuor
1563 1103 1686 1144 libris
1727 1118 1828 1158 pro-

48 1166 204 1217 missis,
238 1180 325 1208 non
358 1166 464 1207 duos
486 1164 682 1218 integros
701 1164 782 1207 sibi
815 1165 1062 1219 contigisse,
1098 1169 1141 1208 et
1164 1166 1393 1208 authorem
1416 1181 1546 1221 opere
1569 1168 1827 1223 imperfecto

46 1231 212 1281 relicto,
248 1244 344 1272 cum
366 1229 453 1272 iam
477 1230 664 1272 secundo
688 1229 797 1271 libro
819 1229 994 1271 Prelum
1019 1234 1318 1285 occuparetur,
1343 1230 1483 1287 h[inc]
1499 1238 1512 1253 ἃ
1535 1233 1786 1276 discessisse
1797 1234 1824 1285 b,

48 1299 93 1339 et
125 1295 270 1338 nescio
304 1309 435 1349 quam
466 1295 765 1337 membranam
797 1295 841 1337 in
873 1295 1120 1350 Principum
1153 1296 1342 1349 gratiam
1376 1296 1530 1353 [non]c
1562 1313 1697 1353 paruo
1744 1300 1828 1341 emi

48 1361 248 1412 iussisse,
295 1375 425 1414 quam
466 1362 621 1414 postea
662 1375 749 1402 non
790 1361 1017 1404 exoluerit.
1082 1362 1242 1404 Caesar
1283 1377 1339 1404 ex
1382 1363 1503 1405 libris
1545 1362 1706 1420 [eius]‘¹
1746 1365 1827 1406 Ni-

51 1427 286 1481 cephorum
333 1427 572 1480 graecum6
618 1426 821 1477 sustulit,
876 1426 948 1480 alij
998 1428 1207 1480 quosdam
1255 1428 1337 1470 sibi
1384 1429 1548 1472 uellent
1594 1428 1825 1485 resti[tui.]

48 1493 245 1535 Debetur
265 1494 496 1547 praeterea
519 1491 695 1534 scholae
717 1492 743 1534 J
747 1492 1062 1545 ngolstadiensi
1085 1493 1260 1547 aliquid,
1289 1496 1333 1537 et
1359 1496 1530 1548 rogant,
1558 1498 1607 1538 ut
1631 1494 1799 1551 [fidem]
1814 1496 1829 1516 ἃ

50 1559 198 1600 datam
242 1557 317 1599 ille
360 1559 558 1612 praestet
573 1558 602 1601 7.
673 1558 768 1611 Ego
813 1557 999 1600 libenter
1042 1573 1128 1600 non
1173 1559 1314 1601 dicam
1358 1560 1498 1602 amico
1542 1561 1704 1615 ueterj,
1751 1562 1828 1603 sed

51 1623 266 1678 Episcopo
299 1622 535 1673 Catholico,
570 1623 607 1664 si
637 1637 828 1677 possum,
861 1623 1156 1676 gratificabor.

170 1688 381 1738 Quoniam
423 1690 470 1730 ut
511 1688 634 1731 initio
681 1688 793 1740 dixi,
840 1688 1032 1742 quotidie
1075 1689 1179 1731 mihi
1221 1690 1563 1733 concionandum
1607 1694 1695 1743 est,
1742 1706 1828 1734 non

52 1751 226 1808 [ua]cat
257 1767 362 1796 sane
384 1753 533 1795 multis
555 1768 669 1796 nunc
692 1767 837 1808 agere.
881 1754 1112 1797 Praeclare
1143 1746 1318 1798 interim
1340 1770 1387 1798 se
1413 1756 1546 1799 habet
1568 1755 1828 1811 Augustana

173 1894 187 1908 a
212 1889 271 1922 Ita
306 1889 445 1932 quidem
475 1889 581 1931 ΟΜΝ.
632 1888 836 1931 Nogyueram
874 1900 906 1921 a.
936 1891 1030 1922 1559
1056 1890 1238 1932 Aufsustae
1267 1890 1399 1932 fnisse,
1435 1900 1478 1922 ex
1504 1890 1693 1933 Ayricolae
1720 1900 1829 1933 prae-

50 1942 197 1985 fatione,
224 1943 265 1975 de
291 1953 362 1985 qua
389 1942 494 1984 <infra
521 1943 604 1975 adn.
634 1945 665 1985 5,
693 1943 924 1986 coynoscitzcr.
1021 1942 1037 1962 ¹>
1063 1941 1253 1976 discesisse
1279 1943 1377 1976 arch.

171 2001 183 2016 ⁰
209 1996 379 2039 Supplevi
405 2006 448 2029 ex
476 1995 582 2039 Cypr.
610 1994 737 2029 haud?
832 1995 848 2015 ἀ
875 1996 1079 2039 Suppletum
1109 2007 1151 2029 ωε
1181 1996 1286 2039 Cypr.

52 2129 179 2160 cusus,
214 2120 341 2163 postea
366 2130 386 2152 a
412 2118 573 2160 Labbeo,
610 2117 659 2152 Le
686 2117 770 2152 Plat
796 2119 863 2152 etc.
891 2118 1006 2152 denuo
1032 2117 1227 2161 evulgatus
1261 2119 1335 2158 est;
1372 2117 1519 2152 brevem
1547 2117 1623 2152 eius
1649 2130 1827 2153 sumniam

52 2171 172 2217 posuit
197 2172 280 2206 Ath.
308 2173 575 2206 Zlmmermann
601 2171 636 2206 S.
664 2172 708 2213 J.,
735 2171 911 2206 Kardinal
937 2171 1023 2205 Pole
1052 2171 1307 2214 (Regensburg
1336 2171 1442 2214 1893)
1471 2183 1503 2216 p.
1532 2171 1730 2207 236—240.

174 2226 184 2245 ¹
211 2225 259 2260 Io.
290 2226 342 2268 14,
370 2226 425 2260 26.
527 2225 540 2246 2
564 2224 668 2266 Vide,
696 2236 788 2269 quae
814 2225 880 2258 sub
906 2224 1006 2269 ipsas
1032 2224 1098 2258 has
1123 2224 1266 2258 litteras
1291 2224 1505 2258 scribentur.

174 2280 187 2299 ³
213 2279 270 2312 Ex
294 2278 469 2313 librorum
494 2281 657 2313 mercatu
682 2278 911 2312 Francofurti
937 2278 983 2311 ad
1008 2278 1178 2312 Moenum
1204 2279 1288 2312 ante
1311 2277 1453 2312 Pascha
1478 2278 1619 2320 habit03
1648 2278 1694 2314 cf.
1720 2291 1829 2324 supra

53 2343 87 2377 p.
115 2332 218 2367 373⁴.

177 2387 189 2406 4
215 2385 366 2420 Iacobus
394 2385 580 2420 Gilbertus
606 2386 649 2419 de
675 2385 865 2429 Nogueras
894 2384 1097 2429 (Noguera,
1124 2383 1351 2429 Naqueras),
1378 2384 1570 2430 hispanus,
1604 2397 1684 2419 cuni
1711 2385 1831 2420 cathe-

55 2438 166 2473 dralis
202 2439 352 2484 capituli
377 2439 658 2474 vindobonensis
685 2439 842 2473 decanus
877 2437 974 2482 (inde
1010 2438 1054 2472 ab
1091 2449 1122 2472 a.
1151 2438 1257 2482 1556)
1296 2440 1332 2472 et
1357 2438 1583 2473 Ferdinando
1611 2439 1636 2473 Ι.
1665 2451 1685 2473 a
1717 2439 1831 2473 sacris

53 2492 202 2535 fuisset,
239 2504 270 2526 a.
300 2493 388 2527 1561
424 2492 613 2538 episcopus
639 2492 830 2537 aliphanus
859 2491 972 2536 (Alife
998 2491 1035 2525 in
1060 2491 1181 2535 Italia)
1211 2492 1430 2527 constitutus
1466 2491 1616 2526 concilio
1646 2492 1831 2527 intererat.

176 2547 188 2566 ⁵
213 2545 257 2580 A.
286 2546 379 2580 1560
410 2546 578 2590 Dilingae
614 2558 659 2580 ex
694 2545 938 2591 typographia
972 2544 1116 2579 Sebaldi
1141 2545 1270 2591 Mayer
1304 2545 1529 2591 prodierant:
1571 2545 1642 2588 „De
1678 2545 1832 2580 ecclesia

56 2598 191 2634 Christi
217 2599 261 2633 ab
287 2599 553 2634 haereticorum
579 2599 827 2634 conciliabulis
855 2598 1072 2633 dinoscenda
1097 2599 1275 2644 praeclari
1300 2599 1383 2633 libri
1410 2599 1493 2641 duo,
1528 2601 1611 2633 ante
1643 2599 1710 2633 hac
1745 2611 1833 2633 nun-

55 2664 163 2697 quam
198 2652 327 2695 aediti,
363 2653 514 2687 authore
549 2653 684 2687 Jacobo
719 2652 907 2696 Noguera“
948 2654 1015 2687 etc.
1067 2653 1107 2686 In
1143 2653 1244 2687 cuius
1280 2653 1399 2698 operis
1434 2652 1658 2698 praefatione
1687 2653 1832 2696 Stepha—

53 2717 124 2740 nus
149 2708 319 2751 Ayricola
350 2706 519 2749 „iunior“,
556 2707 617 2750 qui
652 2705 845 2740 editionem
872 2706 1034 2743 curavit.
1070 2706 1113 2739 de
1139 2705 1309 2750 Noguera
1343 2706 1488 2740 scribit:
1529 2706 1696 2748 „Utinam
1724 2706 1832 2740 etiam

53 2759 213 2804 reliquos
238 2759 349 2794 libros
376 2760 484 2802 duos,
511 2759 619 2794 sicuti
645 2760 903 2801 constituerat,
940 2758 1197 2793 adiunxisset.“
1247 2759 1304 2794 Ita
1331 2759 1475 2803 quidem
1503 2760 1606 2793 Hier.
1635 2760 1831 2803 Layomar-

54 2815 171 2848 simius
197 2813 231 2848 S.
259 2813 312 2855 J.,
349 2813 500 2857 Pogiani
526 2813 710 2859 Epistolae
736 2813 788 2855 H,
824 2812 904 2848 206.
954 2812 1144 2857 Noguerae
1176 2812 1243 2847 hoc
1279 2824 1368 2858 opus
1394 2812 1628 2847 vehementer
1655 2824 1832 2846 commen-

56 2866 158 2901 davit
192 2868 349 2901 Latinus
379 2868 552 2901 Latinius
591 2866 723 2900 litteris
757 2865 871 2900 Roma
905 2866 938 2900 4.
972 2866 1096 2900 Martii
1133 2866 1224 2901 1560
1260 2866 1305 2900 ad
1339 2866 1520 2900 Andream
1546 2865 1702 2900 Masium
1738 2866 1832 2901 datis

60 2920 196 2964 (Latini
222 2920 355 2954 Latinii
380 2920 565 2965 Epistolae
591 2920 635 2960 ΙΙ,
663 2919 736 2963 68).

178 2974 191 2994 ⁶
215 2973 398 3008 Historiae
436 2973 704 3008 ecclesiasticae
741 2972 936 3017 Nicephori
974 2972 1134 3015 Callisti,
1177 2972 1298 3007 clerici
1337 2972 1521 3017 byzantini
1566 2971 1648 3016 (sub
1690 2971 1833 3007 initium

57 3026 192 3061 saeculi
210 3026 337 3071 XIV),
364 3027 524 3062 codicem
550 3038 660 3060 manu
684 3025 860 3071 scriptum
879 3026 949 3061 dici
975 3038 1123 3068 censeo;
1149 3037 1265 3070 neque
1285 3025 1378 3059 enim
1405 3027 1488 3059 ante
1514 3037 1546 3059 a.
1568 3025 1659 3060 1630
1685 3025 1716 3060 is
1741 3025 1834 3060 liber

56 3080 145 3125 ipsa,
173 3091 243 3124 qua
269 3080 427 3125 scriptus
454 3082 519 3120 est,
548 3091 678 3123 graeca
703 3079 829 3123 lingua
854 3080 954 3125 typis
981 3079 1176 3123 evulgatus
1203 3090 1283 3113 esse
1310 3078 1465 3113 videtur.

178 3134 191 3154 7
217 3133 405 3177 Nogueras
440 3145 471 3167 a.
500 3133 590 3167 1557
618 3132 831 3177 ingolstadii
857 3132 981 3167 doctor
1014 3132 1218 3176 theologiae
1254 3134 1396 3165 creatus
1432 3133 1510 3166 erat
1538 3131 1718 3176 (Mederer
1751 3133 1774 3167 l.
1802 3144 1832 3167 c.

58 3187 84 3229 Ι,
110 3187 198 3228 249;
230 3187 317 3221 Can.
343 3186 433 3231 Epp.
460 3186 504 3228 ΙΙ,
533 3186 607 3230 77).
