2093 3444
133 162 228 196 Mon.
260 161 373 205 (trid.)
403 161 483 195 353.
513 161 584 203 (23.
612 162 685 196 Ian.
714 164 749 196 et
776 162 830 196 21.
858 162 959 196 Febr.
990 162 1107 206 1562.)
1137 163 1215 197 354.
1245 162 1332 205 (Sub
1351 163 1409 197 fin.
1429 175 1474 197 111.
1496 163 1568 197 1311.
1591 164 1707 206 1562.)
1766 166 1847 203 ’“”·)()

1771 179 1836 206 lat

204 277 371 312 Ceterum
397 276 644 311 Ferdinandus
671 278 695 311 Ι.
724 277 794 311 13111
821 289 851 311 3.
882 278 969 311 1551
998 278 1042 312 ab
1069 278 1307 313 universitate
1333 279 1591 313 vindobonensi
1618 282 1653 313 et
1688 291 1708 313 a
1735 279 1850 314 Socie-

84 332 160 365 tate
185 330 358 376 petierat,
393 332 434 363 ut
459 332 495 363 et
521 330 761 364 catechismus
788 332 824 364 et
848 330 1052 373 theologiae
1079 332 1328 376 compendium
1354 332 1413 366 vel
1440 332 1648 377 compendia
1675 333 1709 367 in
1745 345 1849 368 usum

84 383 286 427 theologiae
313 383 552 417 studiosorum
580 385 614 417 et
641 383 876 428 parochorum
904 387 1211 428 componerentur.
1263 385 1358 427 Quos
1384 385 1494 419 libros
1529 398 1610 419 cum
1637 385 1730 420 Socii
1764 387 1850 420 scri-

37 455 39 459 ·
83 437 217 471 bendos
244 436 499 481 suscepissent,
526 436 782 470 catechismum
809 438 969 477 tantum,
997 437 1239 482 compluribus
1266 439 1547 483 impedimentis,
1574 451 1619 473 ne
1645 439 1726 484 plus
1751 451 1850 485 prae-

84 491 242 531 starent,
268 489 508 534 interpositis,
536 491 781 533 perfecerant:
809 490 891 523 vide
921 491 1006 524 Cau.
1035 490 1123 535 Epp.
1151 491 1185 531 I,
1212 492 1291 525 402.
1319 493 1399 526 411.
1426 492 1505 526 41⁶2.
1534 493 1613 526 472.
1641 493 1743 527 485³.
1771 493 1850 527 502.

83 543 203 587 Atque
230 554 310 577 cum
330 542 463 576 Canisii
486 542 650 583 „Summa
676 543 859 577 doctrinae
885 542 1122 578 christianae‘*
1154 556 1183 578 a..
1206 545 1295 579 1555
1324 545 1477 589 primum
1495 545 1709 579 Ferdinandi
1730 548 1850 580 aucto-

83 596 191 630 ritate
218 595 449 630 Vindobonae
475 595 510 628 in
536 595 652 630 lucem
679 596 874 640 prodisset,
900 597 992 630 idem
1019 598 1276 631 Ferdinctndus
1305 598 1534 632 Vindobonae
1563 599 1615 633 10.
1643 599 1851 633 Decembris

87 650 178 684 1560
204 649 357 683 alterum
383 649 595 691 signaverat
621 649 796 694 diploma,
833 661 901 692 quo
938 649 1119 684 edicebat:
1157 650 1201 684 Se
1227 651 1357 685 librum
1393 651 1494 685 illum
1535 663 1683 696 „magno
1719 652 1851 696 vbique

85 703 269 737 doctorum
297 704 332 736 et
359 700 544 747 procerum
571 714 711 746 quoque
739 702 1004 737 Catholicorum
1032 703 1208 747 applausu
1235 706 1444 749 exceptuni“
1484 705 1626 749 iamque
1662 717 1682 739 a
1709 704 1851 739 Canisio

89 756 224 798 „denuo
250 755 495 799 recognitum
525 767 593 789 non
622 756 738 789 solum
764 767 889 790 rursus
916 756 1063 797 excudi,
1099 757 1162 790 sed
1190 757 1298 791 etiam
1337 770 1420 802 „pro
1454 759 1637 792 rudior-um
1673 760 1780 803 captu
1816 759 1851 791 111

84 809 261 853 quoddam
290 808 538 853 compendium
564 809 698 852 redigi“
729 809 878 843 iussisse
904 811 1013 853 atque
1033 809 1165 843 Canisii
1189 810 1449 845 catechismum
1471 811 1616 853 „solium
1643 811 1852 855 nullumque

85 862 214 897 alium“
245 862 281 895 in
307 861 573 906 provinciarum
600 874 745 896 suarum
772 863 905 896 scholis
936 863 1096 907 „publice
1122 865 1184 897 aut
1210 864 1398 908 priuatim“
1429 865 1588 899 adhiberi
1623 865 1717 899 velle
1746 864 1850 908 (Can.

84 915 236 961 Epp.1‚
265 915 479 958 751—754).
533 916 653 959 Atque
689 916 766 960 ipso
804 917 833 950 1.
862 916 982 949 Martii
1022 917 1110 950 1562
1150 918 1316 951 canisius
1349 917 1460 952 Hosio
1495 918 1659 963 scripsit:
1700 918 1853 960 „Caesar

86 970 185 1004 iubet
210 981 304 1003 nunc
330 980 447 1002 meum
475 968 773 1013 [Catechismum]
800 969 922 1014 recudj
951 981 1030 1003 cum
1057 981 1148 1003 nouo
1175 970 1387 1015 diplomate“
1429 972 1553 1016 (supra
1580 983 1613 1016 p.
1640 971 1738 1015 384).
1790 972 1852 1005 At-

84 1025 205 1057 tamen
231 1022 297 1057 hoc
322 1022 399 1056 fieri
426 1024 577 1067 poterat,
604 1025 643 1056 ut
669 1023 915 1056 Fer-elinandus
942 1023 1008 1057 sub
1034 1022 1175 1057 initium
1203 1035 1234 1057 a.
1264 1024 1364 1064 1562,
1392 1024 1486 1059 sicut
1512 1024 1628 1070 ipsum
1657 1025 1851 1064 canisium,

84 1076 297 1110 consiliariis
348 1075 559 1120 quibusdam
608 1076 652 1109 ad
691 1075 954 1110 connivendum
994 1077 1276 1120 protestantibus
1318 1077 1520 1122 husitisque
1561 1078 1852 1123 propensioribus

84 1141 190 1164 aures
216 1129 402 1174 praebens,
434 1129 533 1173 „plus
561 1141 668 1173 quam
695 1130 784 1163 satis
811 1130 859 1163 sit
885 1129 1129 1163 duriusculum
1155 1130 1191 1163 in
1218 1130 1432 1174 quibusdam
1453 1132 1706 1165 concedendis“
1731 1131 1852 1165 existi-

84 1183 206 1217 mabat
228 1183 371 1225 (Siclcel,
399 1182 523 1216 Trient
541 1194 574 1227 p.
594 1183 691 1225 249),
719 1183 769 1216 ita
797 1183 904 1216 etiam
933 1183 1009 1216 eius
1037 1182 1296 1217 catechismum
1325 1184 1380 1225 „in
1407 1184 1571 1218 articulis
1589 1185 1677 1218 iuris
1695 1184 1852 1229 positivi,

84 1237 120 1270 in
146 1235 276 1280 quibus
301 1236 437 1280 aliquid
464 1236 611 1270 concedi
637 1237 776 1280 posseff‘
812 1235 938 1279 (verba
964 1238 1048 1270 sunt
1079 1236 1369 1278 „Instructionis“
1400 1237 1502 1271 modo
1529 1236 1786 1281 memoratae),
1813 1240 1852 1271 ut

84 1290 120 1323 iu
146 1289 257 1323 calice
286 1289 458 1323 laicorum
487 1291 522 1323 et
548 1289 774 1323 matrimonio
801 1290 1039 1330 sacerdotum,
1067 1289 1284 1323 tenaciorem
1311 1301 1390 1324 esse
1408 1290 1594 1325 iudicaret.
1629 1290 1850 1334 Quamquam

83 1342 171 1377 1111111
198 1342 274 1376 veri
301 1342 455 1377 similius
483 1354 562 1376 esse
587 1342 739 1383 videtur,
768 1354 953 1376 caesarem
972 1354 1041 1376 11011
1059 1344 1134 1376 tam
1152 1355 1286 1377 novum
1304 1355 1367 1388 pro
1387 1343 1576 1378 iuventute
1595 1344 1852 1378 catechismum

83 1396 161 1430 loco
196 1396 390 1436 canisiani,
427 1407 533 1440 quam
569 1396 827 1430 catechismum
863 1407 925 1440 pro
961 1395 1126 1441 parochis
1153 1396 1261 1430 scribi
1297 1396 1475 1438 voluisse;
1510 1397 1555 1431 cf.
1590 1397 1685 1431 infra
1710 1409 1744 1442 p.
1773 1397 1851 1431 732.

85 1449 251 1484 Ceterum
277 1449 354 1494 ipse
381 1449 547 1484 Cauisius
573 1449 644 1483 iam
671 1461 716 1483 m.
745 1449 909 1483 Ianuario
937 1460 966 1483 a.
997 1450 1084 1483 1561
1113 1449 1236 1483 Lainio
1263 1449 1552 1493 significaverat,
1580 1453 1703 1495 optare
1731 1462 1785 1491 se,
1812 1452 1851 1483 ut

83 1503 209 1537 melior
235 1502 476 1537 catechismus
503 1515 566 1548 pro
592 1503 703 1537 totius
730 1502 894 1547 Europae
920 1503 1107 1536 iuventute
1143 1502 1447 1543 conscriberetur;
1484 1504 1566 1538 vide
1601 1516 1708 1549 supra
1736 1516 1768 1549 p.
1796 1504 1851 1538 21.

902 1620 1033 1661 353.

604 1711 659 1747 23.
686 1710 851 1747 Ianuarii
879 1712 914 1747 et
943 1710 990 1746 21.
1017 1710 1213 1746 Februarii
1239 1710 1333 1747 1562.

202 1798 259 1833 Ex
284 1798 487 1832 litterarum
515 1796 662 1841 capituli
689 1796 883 1840 augustani
911 1797 946 1829 et
964 1795 1157 1830 cardinalis
1176 1794 1319 1829 Ottonis
1340 1795 1567 1840 apographis,
1594 1796 1736 1830 saeculo
1755 1795 1851 1830 XVI.

85 1851 273 1896 Augustae
299 1851 456 1896 scriptis.
500 1850 584 1885 Cod.
612 1862 749 1884 monac.
781 1850 937 1893 ⁷,Aug-sb.
964 1849 1113 1883 Domk.“
1144 1861 1176 1894 p.
1206 1849 1355 1884 79—83.
1383 1849 1535 1883 84-86.

208 1929 406 1973 Cam'sc'mn,
439 1929 645 1962 Tridentum
674 1931 870 1971 evocatum,
898 1927 1090 1970 capitulum
1119 1931 1357 1969 (ocyustannm
1386 1927 1568 1970 Auynsz‘ae
1593 1928 1745 1960 retinere
1770 1928 1853 1971 ruit,

90 1982 166 2016 Otto
193 1983 394 2016 cardinalis
420 1983 468 2015 ad
494 1983 592 2015 breve
618 1986 751 2024 tempus
777 1982 926 2014 coneilio
952 1981 1116 2013 concedit.

208 2063 419 2097 Cathedrale
437 2063 632 2106 capitulum
651 2067 889 2105 czecyzcstamzm
907 2062 1073 2105 Augusta
1092 2061 1147 2095 23.
1167 2061 1324 2095 Ianuarii
1346 2061 1435 2095 1562
1454 2062 1603 2096 Romam
1622 2063 1666 2096 ad
1685 2062 1853 2097 Ottonem

86 2116 305 2151 cardinalem
339 2116 593 2159 Augustanum
630 2116 855 2159 germanicas
891 2115 988 2148 dedit
1023 2114 1183 2155 litteras,
1219 2115 1255 2148 in
1282 2114 1431 2159 quibus,
1470 2117 1613 2160 praeter
1639 2116 1727 2157 alia,
1766 2116 1855 2150 haec

86 2170 273 2204 dicuntur:
301 2169 530 2204 Cal-dinalem
557 2169 700 2212 quidem
729 2168 879 2202 Hosium
907 2168 1049 2203 Canisio
1076 2168 1277 2212 scripsisse,
1304 2170 1344 2202 ut
1362 2168 1570 2202 Tridentum
1599 2169 1641 2202 ad
1666 2169 1855 2203 concilium

85 2223 243 2264 veniret;
281 2225 319 2257 at
353 2234 531 2257 summam
566 2222 741 2256 ecclesiae
777 2224 1002 2266 augustanae
1028 2222 1284 2256 necessitatem
1310 2221 1577 2266 utilitatemque
1613 2222 1776 2266 exigere,
1816 2225 1856 2256 ut

85 2278 252 2321 Augusta
286 2276 432 2310 minime
465 2278 656 2316 avocetur3
692 2276 727 2309 id
753 2275 865 2319 igitur
891 2274 1064 2309 cardinali
1091 2274 1151 2308 vel
1176 2275 1270 2319 apud
1297 2275 1503 2320 pontificem
1531 2275 1589 2309 vel
1617 2276 1711 2320 apud
1738 2275 1854 2310 Socie-

86 2330 174 2365 tatis
199 2330 445 2375 praepositum
473 2329 700 2363 efficiendum
728 2340 818 2362 esse.

206 2384 262 2417 Ad
288 2395 380 2428 quae
411 2384 486 2417 Otto
513 2383 625 2416 Roma
652 2382 707 2416 21.
735 2382 919 2415 Februarii
949 2381 1040 2416 1562
1075 2381 1233 2426 capitulo
1274 2381 1509 2425 (germanice)
1547 2382 1754 2427 rescripsit:
1791 2383 1855 2417 03-

86 2436 211 2479 nisius,
240 2449 318 2471 cum
346 2439 427 2482 post
453 2436 695 2470 Pentecosten
723 2435 914 2479 collegium
943 2434 1220 2479 oenipontanum
1249 2435 1425 2475 inviserit,
1451 2434 1533 2469 inde
1560 2435 1603 2469 ad
1633 2436 1676 2470 14
1701 2436 1855 2481 paulove

86 2491 206 2536 plures
233 2491 308 2524 dies
335 2490 547 2524 Tridentum
573 2489 649 2523 ibit.
702 2488 815 2530 Quem
841 2489 871 2522 si
897 2490 1019 2533 patres
1056 2488 1197 2522 concilii
1233 2487 1369 2522 diutius
1403 2499 1526 2522 secum
1561 2489 1717 2523 retinere
1753 2501 1855 2523 cona-

87 2544 231 2584 buntur,
260 2543 455 2577 cardinalis
481 2542 526 2577 iis
554 2542 717 2576 obsistet.

907 2625 1038 2666 354.

651 2709 720 2745 Sub
748 2708 855 2745 finem
880 2719 927 2745 m.
953 2708 1117 2745 Ianuarii
1146 2718 1177 2744 a.
1204 2708 1298 2744 1562.

209 2794 264 2828 Ex
290 2793 466 2839 epistulae
493 2804 661 2827 romanae
688 2791 894 2837 apographo
921 2791 1044 2826 eodem
1079 2793 1239 2836 tempore
1265 2791 1409 2836 scripto.
1459 2790 1542 2825 Cod.
1574 2790 1712 2834 „Gernr
1743 2792 1851 2828 156l“

89 2847 113 2882 f.
142 2847 185 2882 37
197 2848 222 2882 b.

213 2924 297 2958 Cum
329 2924 488 2966 Canisz'i,
525 2935 621 2967 quem
650 2924 784 2957 Hosius
815 2923 1019 2955 Tridentum
1047 2923 1165 2955 venire
1191 2924 1306 2966 cupit,
1344 2923 1481 2955 labores
1513 2923 1857 2965 aztyuslcmi'cnre'ae

90 2989 261 3012 romanae
286 2978 386 3011 valde
405 2977 617 3020 probentur,
643 2978 717 3020 ipse
744 2981 773 3010 et
800 2977 843 3009 ab
870 2976 986 3009 eadem
1014 2980 1044 3009 et
1070 2987 1090 3008 (ι
1119 2977 1233 3010 Sociis
1260 2979 1441 3019 Auynstae
1465 2986 1609 3008 manere
1633 2976 1783 3010 iubetur.

209 3062 357 3103 Socius
399 3061 554 3115 aliquis
595 3073 797 3101 romanus
838 3059 973 3100 Roma
1004 3061 1075 3101 27.
1109 3059 1312 3100 Ianuarii
1345 3060 1459 3100 1562
1499 3059 1618 3099 iussn
1651 3059 1858 3114 Alpleonsi

89 3127 363 3179 Salmeronis,
397 3127 548 3167 vicarii
569 3126 778 3180 qeneralis
802 3125 1033 3175 Societatis,
1058 3125 1101 3165 in
1127 3124 1311 3165 Galliam
1339 3124 1396 3164 acl
1418 3123 1612 3165 Iacobum
1636 3123 1855 3178 Lainium,
