2093 3444
208 205 288 239 571.
326 203 491 239 Canisius
519 203 613 238 Guil.
641 203 808 238 Elderen.
848 203 1049 249 Oeniponte
1075 203 1170 238 inter
1199 203 1251 238 15.
1280 205 1315 237 et
1344 203 1396 238 18.
1426 204 1515 238 Iunii
1546 204 1648 239 1561.
1730 207 1813 248 163

159 323 321 373 Questa
354 321 590 364 settimana
623 322 657 363 si
691 336 769 364 son
802 321 985 364 riceuuti
1019 321 1090 363 dui
1123 321 1254 375 plichi
1290 335 1373 362 uno
1408 320 1449 362 di
1473 321 1524 363 V.
1550 321 1815 365 Reuerentia

39 392 84 432 61
117 390 186 430 un’
210 388 323 430 altro
351 387 419 429 del
442 386 583 428 Padre
607 387 806 430 Hurtado
841 387 881 428 di
904 386 1105 441 Augusta
1139 389 1183 428 et
1215 388 1331 429 tutte
1365 386 1470 427 (1116εἰ
1503 400 1581 440 per
1612 387 1655 428 16
1687 391 1815 442 posta

40 454 82 496 di
114 453 302 496 Venetia
336 487 344 494 .
380 452 552 494 Benche
585 453 611 493 l'
636 466 720 494 uno
752 452 983 494 habbiamo
1017 454 1179 506 pagato
1212 450 1311 493 noib
1347 451 1474 492 credo
1509 453 1562 493 .7.
1587 451 1736 506 Juh'j1,
1773 455 1817 495 et

39 520 66 561 l’
91 519 204 561 altro
236 518 266 559 il
299 517 501 560 Cardinal
535 517 573 559 d.
609 518 811 571 Augusta
846 553 852 560 .
889 520 933 560 et
964 517 1121 571 perche
1163 516 1199 558 si
1241 516 1286 558 fa
1318 530 1457 571 pagar
1498 519 1654 569 questa
1688 521 1817 572 posta

40 584 70 626 li
103 583 218 639 porti
241 582 356 625 assai
389 582 506 624 chari
542 597 550 624 :
584 582 626 624 la
650 582 913 625 Reuerentia
935 583 988 625 V.
1014 582 1205 625 auertira
1228 582 1304 623 che
1327 595 1404 636 per
1432 581 1459 622 l’
1484 582 1660 624 auenire
1693 583 1817 624 nonsi

40 649 186 692 mandi
219 662 297 703 per
330 651 485 701 questa
517 647 589 689 uia
621 648 732 702 plico
757 662 920 689 nesuno
954 662 1000 690 se
1033 662 1117 689 non
1141 647 1259 689 fusse
1283 646 1323 688 di
1350 661 1448 689 cose
1483 647 1521 688 di
1546 646 1818 701 importanza

41 717 86 757 et
118 729 203 756 non
235 716 391 768 troppo
425 713 612 767 grande,
657 716 727 755 ma
759 713 910 767 tenghi
944 728 1020 767 per
1053 713 1270 755 ordinario
1312 713 1354 754 la
1395 712 1466 754 uia
1508 713 1575 754 del
1615 712 1815 763 60111610,

42 779 120 822 6116
143 779 268 821 1116116
301 779 339 820 d'
364 779 566 831 Augusta
598 779 641 819 in
665 778 831 829 Italiac,
868 781 911 821 et
943 781 1067 821 tanto
1101 778 1174 832 piu
1197 779 1274 820 che
1305 781 1457 831 questo
1482 778 1634 820 dicono
1667 779 1818 820 tardar

41 845 282 886 solamente
315 858 398 886 uno
433 846 456 885 ὸ
491 845 544 886 ,2.
580 845 603 885 ὸ
638 845 691 886 3.
727 844 769 884 d]
803 843 874 897 piu
908 844 950 885 di
983 844 1081 897 quel
1115 843 1155 885 di
1189 843 1388 893 Venetia,
1424 843 1454 884 il
1487 843 1565 885 che
1598 858 1703 898 poco
1737 843 1817 885 im-

41 912 190 965 porta,
235 912 279 952 et
312 923 358 951 se
390 909 430 951 16
462 909 620 952 1611616
653 908 689 950 51
723 909 864 951 (1611110
899 910 939 950 61
974 908 1146 963 Agente
1180 909 1248 951 del
1281 908 1508 951 Cardinale
1548 910 1684 951 anche
1717 923 1818 951 sara

42 975 151 1018 bene
193 974 381 1017 auisarlo
424 975 501 1016 6116
542 988 628 1016 11011
667 974 707 1016 16
749 974 923 1016 mandid
964 988 1041 1029 per
1082 975 1124 1016 la
1165 976 1292 1029 posta
1334 974 1375 1015 di
1410 974 1595 1016 Venetia
1636 976 1707 1016 ma
1749 975 1814 1016 de]

42 1040 230 1083 corriero
264 1040 385 1083 detto
418 1054 496 1094 per
528 1039 696 1082 euitare
729 1039 758 1081 li
791 1039 944 1092 grandi
979 1039 1094 1094 porti
1128 1040 1205 1081 che
1238 1039 1421 1094 pagaria
1459 1042 1502 1082 et
1534 1039 1563 1081 il
1596 1040 1817 1082 Reueren-

43 1105 218 1148 dissimo
252 1105 479 1148 Cardinale
521 1108 565 1148 et
597 1104 680 1148 noi.
749 1106 845 1147 Oret
881 1120 961 1161 pro
1003 1106 1121 1147 uobis
1154 1107 1206 1149 R.
1243 1106 1285 1150 V.
1350 1105 1404 1147 Di
1437 1105 1575 1147 Roma
1608 1105 1638 1147 li
1674 1107 1741 1149 14.
1776 1105 1818 1147 di

45 1171 214 1225 Giugno
252 1173 376 1214 1561.

163 1317 240 1350 Hac
266 1316 488 1351 hebdomade
515 1316 603 1350 duos
629 1315 832 1350 litterarum
860 1316 1063 1357 fasciculos,
1090 1328 1199 1350 unum
1227 1328 1247 1350 a
1272 1317 1476 1351 reverentia
1503 1318 1636 1357 vestra,
1663 1316 1818 1351 alterum

43 1382 64 1404 a
90 1372 193 1416 patre
220 1370 384 1405 Hurtado
410 1370 588 1414 Augusta,
617 1371 809 1414 utrumque
837 1381 900 1415 per
926 1370 1136 1405 tabellarios
1162 1372 1312 1405 venetos
1338 1370 1498 1412 missum,
1526 1370 1740 1415 accepimus,
1768 1370 1819 1404 ita

42 1425 174 1465 tamen,
200 1425 241 1458 ut
263 1435 326 1469 pro
352 1436 422 1458 uno
441 1435 515 1465 nos,
542 1423 751 1465 numeratis,
778 1423 912 1468 opinor,
941 1424 960 1458 7
980 1423 1097 1465 ι1111115,
1124 1423 1349 1458 solveremus
1366 1425 1383 1463 ¹,
1410 1436 1473 1469 pro
1493 1424 1606 1458 altero
1625 1423 1819 1458 cardinalis

43 1477 291 1521 Augustanus.
342 1477 389 1512 Et
415 1478 499 1521 quia
523 1477 560 1511 hi
586 1476 766 1511 tabellarii
793 1479 851 1511 sat
877 1489 1028 1521 magnas
1055 1477 1207 1521 exigunt
1232 1477 1433 1519 mercedes,
1465 1477 1670 1512 reverentia
1695 1479 1819 1511 vestra

42 1542 127 1565 suos
153 1530 322 1571 monebit,
348 1543 392 1565 ne
419 1531 454 1565 in
477 1532 659 1576 posterum
688 1530 756 1565 hac
774 1531 834 1564 via
860 1531 972 1565 ullum
998 1531 1147 1565 mittant
1164 1530 1388 1572 fasciculum,
1414 1531 1483 1565 nisi
1510 1531 1554 1565 de
1579 1531 1687 1565 rebus
1712 1530 1819 1565 valde

43 1584 218 1629 gravibus
243 1596 308 1619 nec
334 1584 465 1619 nimiae
491 1584 596 1619 molis
623 1584 700 1626 erit,
727 1584 791 1618 sed
818 1586 858 1618 ut
884 1584 1050 1625 cursoris,
1078 1584 1138 1628 qui
1158 1584 1325 1627 Augusta
1351 1585 1386 1618 in
1405 1584 1547 1618 Italiam
1574 1585 1684 1625 venit,
1711 1596 1819 1629 opera

43 1638 95 1672 uti
131 1640 387 1680 consuescant,
423 1638 529 1683 idque
566 1650 605 1672 60
640 1638 776 1682 magis,
812 1638 905 1683 quod
941 1638 1036 1672 hunc
1070 1640 1211 1672 tantum
1246 1638 1401 1682 singulis
1428 1638 1486 1672 vel
1513 1639 1533 1672 2
1561 1638 1619 1672 vel
1646 1639 1665 1672 3
1693 1638 1818 1673 diebus

43 1692 237 1726 tardiorem
265 1704 343 1727 esse
371 1693 511 1734 dicunt,
539 1704 648 1737 quam
674 1694 862 1733 venetun1;
900 1691 935 1726 id
962 1692 1053 1736 quod
1083 1692 1183 1737 parvi
1211 1694 1267 1726 est
1292 1692 1480 1733 momenti;
1518 1694 1627 1736 atque
1654 1692 1761 1726 etiam
1788 1691 1818 1726 51

44 1745 237 1780 cardinalis
264 1747 486 1791 procuratori
520 1745 663 1780 litterae
699 1746 905 1787 tradentur,
941 1757 1021 1779 eum
1056 1744 1191 1779 moneri
1227 1745 1434 1787 conveniet,
1473 1747 1514 1779 ut
1539 1757 1602 1791 per
1637 1756 1818 1780 cursorem

44 1799 157 1840 illum,
183 1811 252 1834 non
280 1812 343 1845 per
368 1799 598 1835 tabellarium
625 1802 796 1833 venetum
823 1811 883 1833 665
909 1799 1046 1840 11111161,
1074 1810 1144 1843 quo
1171 1801 1207 1833 et
1232 1798 1571 1833 reverendissimum
1600 1798 1818 1833 cardinalem

44 1854 82 1887 et
106 1865 172 1888 nos
197 1855 300 1888 tanta
325 1853 489 1888 mercede
515 1853 687 1888 solvenda
713 1853 851 1887 liberet.
900 1853 980 1887 Oret
1000 1864 1070 1896 pro
1097 1853 1196 1887 nobis
1222 1854 1264 1886 R.
1284 1854 1322 1887 V.
1373 1852 1486 1886 Roma
1514 1853 1568 1887 14.
1595 1852 1688 1886 Iunii
1716 1852 1817 1888 1561.

868 1979 989 2022 571.

781 2078 910 2126 CAN
915 2079 1078 2127 ISIUS

384 2185 448 2227 P.
482 2183 898 2227 GUILIELMO
933 2183 1278 2225 ELDEREN
1313 2182 1368 2226 S.
1402 2182 1477 2236 J„

593 2273 782 2316 Augustae
808 2271 1077 2307 Vindelicorum
1104 2271 1261 2315 degenti.

546 2359 746 2407 Oeniponte
772 2358 874 2395 inter
900 2357 947 2394 15.
975 2360 1011 2394 ct
1037 2357 1085 2394 18.
1113 2357 1206 2394 Iunii
1233 2357 1319 2395 1561.

165 2444 222 2479 Ex
246 2445 418 2479 E'ldereni
443 2443 575 2479 litteris
602 2443 848 2489 autographis.
900 2443 984 2478 Ood.
1016 2441 1077 2485 „G.
1105 2443 1169 2488 Ep.
1197 2443 1261 2477 II.“
1292 2443 1316 2477 f.
1346 2442 1424 2478 112.

169 2516 359 2560 Colleyium
386 2518 669 2560 oem'pontamim.
721 2515 986 2558 Anabaptistae.

165 2611 215 2654 P.
251 2612 502 2654 Guilielmus
535 2611 718 2654 Elderen
754 2612 797 2654 S.
820 2611 863 2653 J.
898 2611 1092 2664 Auyzista
1114 2610 1428 2652 Vindelicorzmi
1455 2611 1526 2652 22.
1551 2608 1671 2651 Iunii
1702 2610 1814 2652 1561

50 2676 204 2718 Lainio
222 2678 463 2732 praeposito
483 2678 673 2731 yenerali
695 2677 807 2730 haec7
833 2681 1002 2731 praeter
1025 2676 1126 2729 alia,
1157 2676 1350 2730 scripsit:
1386 2675 1515 2727 „Dies
1537 2675 1661 2716 hodie
1682 2689 1818 2717 nonus

168 2839 182 2854 ³
209 2835 418 2877 Sequuntur
442 2845 491 2867 vv.
518 2844 581 2877 per
606 2832 667 2866 uia
693 2831 727 2866 di
754 2831 940 2875 Augusta,
967 2842 988 2864 a
1016 2831 1095 2864 libr.
1125 2831 1334 2864 oblitterata.

171 2887 184 2907 b
214 2888 310 2929 Quae
334 2891 544 2931 sequuntur,
572 2897 678 2929 usque
704 2886 752 2918 ad
778 2887 813 2919 et
839 2885 935 2929 ezel„
961 2895 983 2918 α
1009 2885 1091 2918 libr.
1117 2895 1231 2927 snpra
1256 2894 1394 2917 versum
1418 2884 1553 2926 scripta
1578 2886 1670 2916 seint.

172 2946 183 2961 ⁰
211 2942 242 2974 A
269 2941 349 2974 libr.
377 2944 571 2974 correctam
597 2951 639 2973 ex
664 2939 699 2972 in
727 2940 808 2982 qua.

167 2993 180 3013 ‘³
209 2995 241 3027 A
268 2995 348 3028 libr.
376 2998 570 3028 correctum
596 3004 639 3026 ex
662 3004 733 3026 non
759 2991 878 3026 mandi
905 2991 938 3025 le
964 2990 1104 3025 lettere.

170 3139 178 3159 ¹
208 3139 394 3174 Scutatum
435 3150 583 3173 aureum
624 3138 748 3182 (scudo
786 3137 816 3172 d’
836 3136 912 3181 oro)
950 3136 1084 3171 Romae
1122 3148 1153 3170 a.
1195 3137 1286 3171 1560
1327 3136 1367 3171 11
1405 3136 1480 3170 fere
1522 3135 1677 3178 „Juli0s“
1711 3135 1815 3180 (Can.

51 3191 137 3237 Epp.
165 3192 208 3234 H,
235 3186 331 3237 942),
357 3192 589 3227 Vindobonae
615 3192 681 3226 sub
708 3191 802 3226 idem
827 3192 970 3236 tempus
997 3190 1042 3225 90
1068 3189 1144 3224 fere
1170 3190 1375 3233 crucigeros
1403 3189 1597 3233 (Kreuzer;
1635 3189 1651 3224 1
1680 3189 1816 3224 talerus

1467 3248 1540 3281 11*
