2093 3444
287 185 366 219 511.
405 184 571 219 Canisius
597 184 722 218 Ioanni
749 184 791 218 de
818 183 991 218 Victoria.
1034 184 1203 227 Augusta
1228 182 1371 216 Vindel.
1400 194 1444 216 m.
1472 182 1638 216 Ianuario
1667 182 1769 216 1561.
1855 185 1908 224 25

254 303 438 346 Romani
486 303 749 346 necessitate
798 303 936 345 coacti
983 305 1162 345 monent
1214 303 1265 344 de
1313 301 1527 343 mittenda
1580 301 1665 344 cito
1713 302 1908 356 pecunia,

136 371 477 424 qualemcunque
510 371 587 411 aut
617 368 703 410 mei
735 368 899 419 fratris,
934 371 1011 411 aut
1044 368 1225 410 aliorum
1259 367 1431 409 nomine
1464 367 1727 420 collegeritis
1745 369 1771 410 1.

256 435 477 477 Venturus
510 436 578 475 est
609 433 723 476 istuc
755 434 876 475 breui
898 434 950 476 D.
974 433 1247 482 Lambertus‚
1282 446 1409 486 quem
1443 446 1497 473 ex
1520 432 1689 474 Vienna
1719 433 1912 486 Legatus

135 499 414 555 Apostolicus
448 499 572 541 duxit
593 498 637 540 in
662 498 936 549 Saxoniam³‚
971 499 1244 541 Lutheranos
1271 497 1488 552 principes
1520 497 1564 539 in
1587 497 1912 551 Numburgensi

137 567 366 615 conuentu,
401 564 456 606 ad
479 563 713 606 Concilium
745 564 1010 606 inuitaturus
1035 563 1334 606 Tridentinum
1350 564 1378 605 2.
1423 563 1549 604 Illum
1573 563 1626 604 ad
1660 577 1738 604 nos
1771 563 1912 605 redire

135 631 393 673 incolumem
435 632 650 684 optamus.
723 629 805 671 Est
847 632 992 671 autem
1035 630 1227 683 Legatus
1269 629 1312 670 in
1355 628 1632 670 Germaniam
1676 642 1805 682 porro
1846 628 1912 669 in-

136 696 341 739 feriorem
387 695 686 738 descensurus,
759 696 945 748 Magnus
991 698 1057 737 est
1099 694 1343 737 Austriacis
1387 697 1529 736 metus
1574 694 1627 735 ab
1672 693 1914 736 imminenti

138 762 279 804 Turca
292 762 322 812 3,
365 763 489 803 orate
521 760 752 803 Dominum
795 774 872 814 pro
906 760 1091 802 Caesare
1125 763 1169 802 et
1200 774 1278 814 pro
1311 759 1537 813 germania
1568 761 1732 801 nostra.
1800 760 1909 800 1561

140 829 207 870 ‚21
243 827 455 881 Januarij.
1569 838 1608 878 p.
1644 824 1851 866 Canisius.

258 920 313 954 Ad
339 919 545 954 Kesselium
570 919 636 953 has
662 919 806 953 litteras
833 919 936 953 datas
963 930 1062 960 esse,
1099 920 1135 952 et
1162 930 1205 952 ex
1233 918 1351 959 rebus,
1380 929 1469 962 quas
1496 917 1701 961 continent,
1739 921 1776 950 et
1802 929 1846 950 ex
1874 928 1914 950 eo

139 974 253 1008 conici
278 985 383 1019 posse
410 973 572 1014 videtur,
608 972 702 1017 quod
728 972 858 1006 Kessel
892 972 1111 1017 apographis
1147 972 1383 1016 epistularum
1414 971 1458 1005 ad
1486 971 1697 1005 Goudanum
1725 982 1745 1004 a
1773 970 1914 1004 Canisio

139 1028 306 1062 datarum
334 1026 497 1062 Goudani
522 1038 651 1060 nomen
678 1026 851 1060 adnotare
877 1025 1006 1060 solitus
1036 1026 1142 1068 (Can.
1174 1025 1263 1070 Epp.
1291 1025 1341 1066 ΙΙ,
1372 1025 1450 1059 734.
1480 1025 1568 1067 741,
1596 1027 1632 1058 et
1657 1036 1766 1069 supra
1793 1036 1826 1068 p.
1857 1024 1912 1065 14)

139 1081 222 1116 huic
247 1080 337 1115 nihil
364 1080 539 1115 eiusmodi
565 1080 763 1114 adnotavit.

260 1135 315 1169 Ex
340 1134 397 1168 his
423 1134 556 1168 litteris
591 1133 835 1177 intellegitur,
872 1144 943 1166 una
979 1144 1060 1166 cum
1096 1132 1185 1177 ipsis
1213 1144 1233 1166 a
1260 1132 1402 1166 Canisio
1430 1131 1613 1166 Coloniam
1640 1131 1684 1165 ad
1710 1131 1915 1165 Kesselium

139 1189 271 1223 missas
297 1200 377 1222 esse
402 1187 545 1221 litteras
563 1187 640 1222 sive
659 1187 815 1221 edictum
834 1186 1049 1220 Ferdinandi
1068 1186 1093 1219 Ι.
1115 1185 1272 1220 caesaris
1290 1185 1502 1219 Vindobona
1524 1186 1576 1219 10.
1596 1184 1804 1219 Decembris
1826 1184 1915 1219 1560

139 1243 283 1282 datum,
319 1253 388 1286 quo
423 1241 455 1276 is
489 1241 749 1276 catechismum
778 1239 1021 1284 („Summam“
1062 1240 1149 1273 dicit
1183 1244 1219 1273 et
1249 1239 1429 1280 „Parvum
1465 1238 1723 1273 catechismum
1761 1238 1915 1272 Catholi-

140 1295 303 1340 corum“)
323 1307 344 1330 a
363 1295 519 1336 Canisio,
539 1306 646 1339 quem
665 1306 746 1328 cum
764 1294 870 1328 laude
888 1293 1106 1334 nominabat,
1127 1292 1370 1337 conscriptum
1389 1292 1504 1327 solum
1523 1293 1558 1326 in
1577 1292 1740 1326 omnibus
1759 1292 1916 1326 omnium

140 1349 406 1395 provinciarum
435 1360 583 1383 suarum
609 1347 744 1383 scholis
770 1347 892 1393 pueris
918 1347 1065 1392 proponi
1092 1347 1247 1387 iubebat,
1274 1346 1381 1380 simul
1407 1346 1661 1391 pronuntians:
1700 1345 1917 1389 „Vtriusque

142 1402 391 1448 [Catechismi]
418 1405 493 1437 tam
520 1402 666 1437 maioris
694 1413 801 1446 quam
828 1400 975 1435 minoris
1002 1400 1193 1434 editionem
1218 1403 1340 1434 nostro
1368 1401 1403 1433 et
1429 1401 1524 1434 sacri
1550 1399 1694 1444 Imperii
1720 1399 1835 1440 fideli,
1869 1399 1915 1432 di—

140 1457 235 1492 lecto
260 1457 425 1491 Materno
453 1456 603 1491 Cholino
629 1455 870 1501 Typographo
898 1454 1080 1489 Colonien.
1108 1453 1359 1488 demandatam
1385 1453 1540 1496 benigno
1575 1454 1696 1487 nostro
1731 1453 1856 1487 fauore
1883 1455 1919 1486 et

141 1510 331 1556 priuilegio
367 1510 543 1545 aduersus
578 1509 746 1544 sinistras
781 1508 1003 1543 aemulorum
1035 1510 1133 1542 artes
1167 1507 1338 1541 tuendam
1374 1509 1410 1541 et
1440 1507 1651 1541 fouendam“
1681 1506 1917 1551 suscepimus.

146 1564 381 1607 „Inhibendo‚
417 1576 462 1598 ne
489 1563 569 1608 quis
597 1563 690 1597 alius
717 1563 868 1597 eundem
895 1562 989 1596 hunc
1023 1561 1153 1595 librum
1190 1563 1273 1595 ante
1300 1563 1469 1595 exactum
1494 1560 1674 1604 integrum
1707 1559 1918 1594 decennium

142 1618 357 1664 imprimere,
376 1617 435 1652 vel
454 1617 540 1652 alibi
557 1617 774 1663 impressum
789 1615 1058 1650 vaenumdareb
1076 1615 1217 1656 audeat,
1237 1615 1302 1649 sub
1321 1626 1436 1659 poena
1455 1615 1577 1648 decem
1595 1614 1822 1648 marcharum
1842 1613 1919 1647 auri

142 1672 241 1718 puri“
267 1672 338 1716 (Ex
366 1672 507 1705 Canisii
528 1671 695 1714 „Summa
717 1670 908 1705 Doctrinae
928 1669 1172 1704 Christianae“
1197 1668 1365 1703 Coloniae
1392 1668 1487 1714 apud
1505 1668 1710 1702 Maternum
1730 1667 1919 1702 Cholinum

142 1737 173 1761 a.
203 1726 294 1761 1566
322 1726 428 1766 edita,
455 1726 480 1760 f.
509 1725 621 1769 A6b).
663 1724 835 1759 Cholinus
861 1723 928 1758 hoc
955 1723 1122 1765 edictum,
1149 1723 1181 1757 si
1206 1734 1276 1756 non
1302 1722 1338 1756 in
1365 1721 1519 1756 editione
1551 1721 1681 1764 „Parvi
1709 1720 1921 1756 catechismi

145 1779 432 1814 Catholicorum“
463 1779 540 1824 ipso
567 1779 634 1813 hoc
661 1790 691 1814 a.
721 1778 807 1813 1561
833 1777 985 1821 Vulgata
1014 1776 1072 1820 (de
1100 1787 1170 1820 qua
1197 1776 1310 1817 infra,
1336 1787 1491 1810 monum.
1520 1775 1618 1818 389),
1645 1777 1741 1809 certe
1768 1786 1798 1809 a.
1829 1775 1920 1809 1564

143 1833 243 1879 typis
270 1832 464 1879 exscripsit
488 1832 525 1866 in
552 1832 690 1867 duabus
717 1831 932 1866 editionibus
963 1830 1092 1873 „Parvi
1119 1829 1326 1864 catechismi
1354 1829 1639 1863 Catholicorum“
1671 1828 1858 1870 Coloniae,
1884 1827 1920 1862 in

145 1887 184 1922 80
210 1889 246 1922 et
271 1888 307 1922 in
328 1887 397 1930 120,
423 1888 464 1921 ut
490 1886 623 1927 dicunt,
650 1898 671 1920 a
697 1897 735 1920 se
762 1885 924 1928 vulgatis
953 1884 993 1929 (f.
1012 1884 1237 1918 ΑΒΕ-1163.
1266 1883 1428 1917 Asa—A
1443 1883 1511 1926 5¹³).
1552 1883 1650 1916 Idem
1677 1884 1800 1916 exstat
1825 1882 1921 1927 apud

146 1943 370 1985 Reiffenbery
394 1941 416 1976 1.
445 1953 486 1983 c.,
513 1941 626 1975 Mant.
654 1952 687 1985 p.
717 1939 866 1974 18—19.
919 1937 973 1972 Cf.
1001 1938 1109 1972 etiam
1140 1937 1224 1972 Can.
1252 1937 1342 1982 Epp.
1370 1937 1396 1978 I,
1424 1937 1622 1971 751—754.

981 2067 1092 2110 511.

885 2162 1014 2210 CAN
1019 2162 1183 2210 ISIUS

494 2265 559 2307 P.
591 2263 854 2307 10ANN1
884 2262 984 2305 DE
1017 2260 1378 2305 VICTORIA
1412 2261 1467 2304 S.
1501 2261 1576 2314 J„

727 2345 859 2380 rectori
887 2343 1030 2388 collegii
1057 2343 1346 2378 vindobonensis.

402 2433 572 2481 Augusta
597 2431 876 2469 Vindelicorum
901 2441 948 2467 m.
975 2429 1149 2467 Ianuario
1177 2431 1275 2477 (post
1301 2428 1458 2465 medium
1470 2429 1501 2475 Ρ)
1529 2440 1562 2466 a.
1589 2428 1675 2466 1561.

272 2524 327 2558 Ex
352 2525 529 2558 Victoriae
555 2521 710 2568 epistula
737 2520 973 2566 autographa.
1026 2520 1109 2555 Ood.
1141 2519 1205 2563 „Gn
1232 2519 1296 2564 Ep.
1324 2519 1374 2553 11“
1406 2519 1431 2553 f.
1461 2519 1531 2554 122.

272 2597 325 2630 De
353 2596 492 2640 „Parvo
518 2594 725 2628 catechismo
756 2592 1036 2627 Catholicorzmff
1067 2592 1257 2634 recoquito.

274 2735 288 2750 ³
314 2728 471 2763 Saxonia
496 2730 542 2763 K.
640 2728 655 2748 ¹³
681 2725 918 2761 vaenumdari
942 2726 1011 2760 Ed.
1038 2726 1100 2759 col.

279 2864 290 2884 ¹
316 2863 408 2897 Vide
433 2872 544 2906 supra
569 2872 602 2905 p.
632 2861 662 2895 7.
692 2861 746 2895 16.
776 2859 829 2894 18.

277 2917 291 2937 ²
315 2916 468 2950 Ioannes
493 2913 709 2948 Franciscus
736 2912 1000 2948 Commendone
1028 2912 1087 2956 (de
1114 2922 1184 2955 quo
1206 2911 1293 2945 Gan.
1312 2910 1402 2955 Epp.
1421 2910 1465 2952 II,
1493 2908 1599 2953 772⁴)
1628 2909 1666 2943 P.
1694 2908 1926 2942 Lambertum

158 2970 256 3004 Α1101
270 2969 304 3004 S.
321 2969 354 3004 J.
369 2968 581 3004 Vindobona
598 2966 739 3002 itineris
753 2966 889 3001 socium
904 2967 941 3000 et
954 2965 1153 2999 adiutorem
1167 2976 1289 2999 secum
1304 2963 1506 2998 abduxerat
1521 2962 1670 3007 (Anton.
1686 2963 1817 2997 Soa-her
1831 2960 1865 2995 S.
1881 2961 1904 2996 J
1907 2989 1927 3004 .,

158 3023 320 3058 Historia
346 3022 559 3057 Provinciae
584 3020 755 3055 Austriae
791 3018 982 3054 Societatis
1007 3018 1095 3053 Jesu
1130 3018 1146 3052 Ι
1173 3017 1349 3062 [Viennae
1374 3016 1544 3051 Austriae
1573 3014 1677 3060 1740]
1713 3027 1747 3060 p.
1775 3015 1926 3049 93—94.

158 3078 210 3111 W.
238 3078 349 3112 Hartl
373 3077 446 3111 und
473 3075 519 3110 K.
547 3075 728 3119 Sokratus,
763 3072 972 3116 Nachtrage
1008 3083 1089 3106 zum
1125 3071 1259 3106 dritten
1284 3071 1407 3105 Bande
1441 3082 1513 3104 von
1540 3068 1675 3114 Joseph
1702 3069 1819 3103 Ritter
1857 3080 1929 3102 von

150 3130 383 3166 -Aschbacffs
420 3128 638 3164 Geschichte
677 3127 739 3162 der
777 3126 927 3161 Wiener
964 3124 1193 3160 Universitat
1230 3125 1257 3159 I.
1288 3124 1372 3166 Bd.‚
1417 3124 1448 3158 1.
1486 3123 1610 3157 Halfte
1648 3122 1772 3166 [Wien
1812 3121 1927 3166 1898],

160 3197 194 3231 p.
221 3183 390 3228 31—32).
507 3183 520 3203 ³
546 3182 638 3217 Vide
663 3192 773 3226 supra
800 3192 834 3225 p.
864 3179 918 3214 12.
948 3179 1001 3214 13.
