2093 3444
346 174 426 208 531.
463 173 629 208 Canisius
655 173 782 208 Iacobo
808 173 944 207 Lainio.
987 174 1081 218 Aug.
1108 174 1214 208 Vind.
1244 174 1296 207 15.
1325 173 1448 207 Martii
1476 173 1577 208 1561.
1796 175 1847 216 71

194 288 304 325 Nota:
344 291 383 324 In
422 291 629 335 apographo
665 290 810 334 quidem
844 290 966 324 italico
1003 291 1079 323 dies
1108 290 1161 324 12.
1189 289 1312 323 Martii
1347 289 1430 323 huic
1458 289 1634 334 epistulae
1672 290 1852 334 ascriptus

76 346 151 384 est;
178 344 242 378 sed
268 343 447 386 Polancus
476 345 531 377 15.
558 344 683 377 Martii
712 344 799 378 1561
830 343 973 378 Canisio
1001 342 1166 387 scripsit,
1203 342 1341 386 gratias
1371 342 1452 376 illas
1485 342 1655 384 „martedi
1682 344 1848 387 passato“

78 418 121 422 —
148 397 207 441 qui
244 397 320 431 dies
358 397 411 431 11,
438 397 561 430 Martii
598 398 675 430 erat
710 416 755 420 —
791 397 994 440 Augustam
1031 397 1163 430 missas
1201 408 1291 430 esse.
1343 395 1478 429 Diebus
1504 395 1634 429 Martis
1672 395 1852 429 tabellarii

76 450 210 495 publici
235 450 348 484 Roma
374 450 411 483 in
437 449 642 484 inferiorem
671 449 902 484 Germaniam
928 449 1107 495 proficisci
1134 449 1231 483 soliti
1258 461 1337 483 esse
1364 449 1535 483 videntur
1552 450 1572 483 ¹.

195 509 402 549 Notandum
428 511 505 554 est,
541 510 577 543 et
604 509 706 543 Pium
734 509 805 551 IV,
841 521 921 543 cum
961 510 1004 543 de
1031 509 1165 543 Canisii
1191 508 1372 543 laboribus
1399 520 1441 542 ac
1467 508 1509 542 de
1536 508 1713 542 fructibus
1740 508 1784 541 ab
1812 520 1852 541 co

77 562 239 597 collectis
266 562 395 597 certior
421 563 539 597 fac-tus
566 564 682 604 esset,
719 574 774 603 se,
811 562 979 606 quicquid
1016 562 1215 606 gratiarum
1243 574 1263 595 a
1289 573 1328 595 se
1354 563 1546 606 peteretur,
1575 561 1746 595 Societati
1772 573 1851 595 con-

77 627 262 650 cessurum
298 615 506 660 promisisse
544 616 593 659 (V.
621 628 731 660 supra
764 628 797 660 p.
825 616 907 659 61),
944 618 980 650 et
1006 616 1189 654 Lainium,
1226 627 1316 659 quas
1352 616 1489 659 gratias
1524 615 1597 659 peti
1633 615 1852 656 conveniret,

77 680 245 713 magnam
271 670 411 713 partem
438 681 483 703 ex
509 669 653 703 Canisio
679 669 847 703 didicisse
877 669 926 713 (v.
953 681 1062 714 supra
1088 681 1121 714 p.
1149 670 1180 703 3.
1208 669 1282 712 21).
1319 668 1435 711 Quare
1462 668 1569 702 etiam
1597 670 1755 702 Lainius
1780 667 1852 702 *li-

77 723 212 757 bellum
237 722 449 767 supplicem,
477 734 548 767 quo
576 734 596 757 a
622 722 686 756 Pio
714 722 774 757 IV.
802 734 863 756 eas
889 723 1054 767 petebat,
1090 723 1142 757 sic
1169 734 1320 769 exorsus
1346 724 1420 756 est:
1465 721 1698 763 „Beatissimo
1724 721 1852 755 Padre.

79 776 187 810 Come
213 788 276 821 per
302 776 323 809 l⁷
339 776 592 810 informatione
628 776 685 810 del
712 776 841 810 Dottor
868 776 1010 810 Canisio
1046 779 1083 810 et
1107 776 1129 810 1⁷
1146 776 1361 821 esperientia
1396 775 1578 814 uediamo‚
1614 775 1763 809 sarebbe
1790 786 1853 820 per

77 829 188 864 molto
213 830 363 863 seruitio
390 829 433 863 de
459 829 525 863 Dio
552 831 589 864 et
615 829 712 863 aiuto
740 829 774 863 di
800 829 910 863 molto
937 830 1064 870 anime,
1091 841 1130 863 se
1157 829 1276 863 alcuni
1307 829 1350 863 de
1376 829 1489 874 nosti-j
1518 828 1710 862 hauessino
1737 829 1782 862 da
1808 828 1851 862 V.

80 883 222 918 Santita
246 883 280 917 le
307 883 424 926 gratie
450 883 615 928 sequentj
643 883 679 916 in
714 882 790 916 foro
818 882 1059 917 conscientiae
1086 885 1123 916 et
1147 883 1253 916 uiuae
1288 882 1387 916 uocis
1426 882 1570 916 oraculo
1596 882 1757 915 tantuiii“
1791 881 1854 925 (ex

79 937 287 982 apographo
313 936 426 971 totius
452 936 575 977 libelli,
602 936 726 970 eodem
752 936 826 970 fere
853 938 1013 980 tempore
1040 936 1185 981 scripto,
1212 936 1305 980 quod
1332 938 1388 970 est
1412 935 1449 969 in
1476 936 1549 969 cod.
1580 935 1685 978 „Cau
1713 935 1745 968 X
1772 934 1848 969 Sa*

81 1002 116 1035 p.
146 989 363 1034 191-193).

199 1050 278 1084 Hae
303 1049 499 1084 facultates
525 1049 642 1092 magis
668 1048 898 1093 explicantur
924 1049 1057 1083 litteris
1084 1049 1197 1083 Roma
1223 1049 1279 1083 26.
1299 1049 1434 1094 Aprilis
1463 1049 1549 1082 1561
1581 1060 1601 1082 a
1629 1048 1783 1082 Polanco
1810 1047 1855 1081 ad

81 1103 264 1138 Canisium
283 1103 389 1137 datis.
425 1102 557 1136 Earum
576 1102 718 1146 aliquae
737 1104 862 1147 postea
880 1104 1047 1146 receptae
1071 1104 1157 1136 sunt
1182 1102 1217 1135 in
1245 1102 1433 1137 *libellum
1453 1104 1705 1147 „Ivlteultatzun
1722 1106 1855 1144 septen-

80 1155 315 1191 trionalium*
333 1156 370 1190 in
389 1169 422 1191 v.
442 1156 546 1190 Bulla
566 1155 705 1190 Coenae
722 1167 756 1190 n.
778 1156 808 1197 1,
826 1155 997 1190 Haeresis
1014 1168 1048 1190 n.
1068 1156 1100 1197 5,
1124 1156 1221 1190 Libri
1239 1156 1410 1201 prohibiti
1427 1168 1460 1190 n.
1483 1157 1498 1190 1
1530 1156 1631 1199 (Cod.
1655 1156 1700 1198 „L
1721 1154 1759 1189 E.
1780 1154 1854 1197 5²).

202 1227 368 1262 Canisius
394 1227 517 1261 Lainio
543 1226 731 1271 rescripsit
759 1227 812 1261 11.
840 1226 977 1271 Aprilis
1007 1227 1107 1261 1561.

908 1352 1029 1394 531.

535 1453 589 1500 P.
631 1452 983 1500 HURTADUS
1023 1453 1224 1499 PEREZ
1264 1452 1312 1499 S.
1353 1453 1400 1499 J.

786 1558 957 1600 nomine
990 1558 1149 1600 Canisii

671 1657 953 1700 ΙΑοοΒο
985 1655 1266 1709 nuum,

601 1739 806 1784 praeposito
834 1737 996 1783 generali
1023 1737 1214 1772 Societatis
1239 1737 1333 1771 Iesu.

565 1827 736 1874 Augusta
762 1825 1038 1862 Vindelicorum
1064 1824 1110 1861 15.
1138 1823 1264 1860 Martii
1289 1822 1375 1860 1561.

203 1910 261 1944 Ex
286 1910 509 1955 autographo
538 1910 610 1954 (2⁰;
638 1910 705 1953 3¹s2
732 1921 812 1955 pp.;
848 1909 884 1943 in
909 1921 942 1954 p.
970 1909 1002 1943 4.
1030 1909 1136 1942 inscr.
1174 1910 1210 1942 et
1244 1920 1329 1953 pars
1354 1908 1452 1952 sig.).
1504 1907 1588 1941 Cod.
1620 1906 1682 1949 „Gn
1709 1906 1774 1951 Ep.
1802 1905 1854 1939 11²

100 1965 106 1972 ¹
193 1970 256 1988 a,—
311 1965 326 1984 b

88 1966 114 1999 ἴ.
141 1964 184 1999 97
202 1963 368 2063 Ep?sgi;iila
393 2017 449 2051 usi
467 2018 571 2051 sunt:
599 2017 810 2061 Sacehimcs,
838 2016 922 2050 Can.
949 2028 984 2060 p.
1006 2015 1202 2050 175-178.
1232 2014 1429 2049 187—188.
1464 2015 1591 2058 Boero,
1619 2013 1704 2047 Can.
1723 2025 1757 2058 p.
1778 2012 1857 2046 224.

207 2099 346 2134 Cani-sii
371 2101 547 2133 contiones
574 2103 604 2132 ct
622 2098 811 2132 catecheses
820 2110 834 2140 ,·
860 2098 1067 2131 ‹ucditorum
1083 2098 1286 2140 frequentia
1313 2102 1342 2129 et
1362 2099 1503 2140 peace,-
1529 2097 1754 2139 (ul2·er.s*(w·1'z';
1779 2106 1859 2129 con-

86 2155 175 2187 versi
200 2154 248 2187 acl
272 2154 399 2196 ficlem;
426 2153 659 2194 confessiones
668 2164 682 2194 ;
708 2153 880 2184 exercitia
905 2152 1127 2194 spiritualia.
1163 2151 1329 2184 Hartacli
1353 2151 1526 2184 valetudo.
1565 2150 1719 2193 Colleffia
1745 2149 1858 2191 inyol-

83 2208 269 2251 stadiense,
298 2206 561 2250 vindobonense,
582 2216 768 2248 pragense.
821 2205 978 2238 Litterae
1004 2205 1279 2248 quaelrimestres
1312 2204 1518 2237 scribendae
1547 2208 1577 2237 et
1609 2203 1858 2236 emendandae.

88 2261 292 2304 Capitulum
311 2260 525 2303 cathedrale,
551 2270 594 2292 ne
615 2259 783 2293 canisius
800 2262 975 2301 avocetur,
1003 2260 1120 2291 instat.
1134 2280 1141 2283 -
1164 2258 1369 2291 Lutheram‘
1394 2258 1653 2290 contionatores
1675 2256 1861 2290 Canisium

87 2315 242 2347 andiunt
277 2317 307 2347 et
335 2313 478 2356 pudore
504 2312 731 2355 afficiuntur.
785 2312 996 2345 Carclinalis
1022 2312 1265 2355 Auyustanus.
1318 2312 1405 2344 Pius
1431 2311 1495 2344 IV.
1520 2311 1708 2353 facultates
1737 2320 1861 2356 sacras

89 2367 234 2401 Canisio
254 2368 436 2410 promisit.
475 2367 571 2408 Quas
596 2377 703 2409 quam
729 2365 970 2408 amplissimas
996 2376 1065 2397 esse
1091 2375 1222 2398 necesse
1248 2369 1317 2397 cst:
1342 2365 1397 2398 De
1422 2365 1599 2397 breviario
1626 2364 1861 2406 (lamoniam,

86 2421 189 2454 libris
214 2421 368 2464 cibisque
386 2419 595 2463 prohibitis,
621 2419 768 2452 ieiunio.
819 2418 1005 2451 Breviarii
1030 2422 1060 2451 et
1085 2419 1214 2451 ieiunii
1239 2419 1421 2461 neylectus.
1467 2418 1657 2460 Colleyimn
1680 2418 1862 2460 germani-

86 2485 176 2507 cum.
227 2474 383 2518 Requlae
408 2473 558 2506 rectoris
583 2476 613 2506 et
638 2473 783 2505 aeditui.
835 2471 874 2505 P.
899 2472 1077 2505 Victoriae
1095 2472 1300 2514 professio;
1318 2471 1549 2514 probationes
1575 2475 1655 2503 ante
1680 2481 1756 2503 eam
1781 2470 1861 2503 sub-

86 2528 233 2561 eundae.
284 2528 444 2560 Litterae
482 2526 624 2560 indicae
660 2525 918 2558 Mam'mz‘liano
946 2525 996 2559 II.
1035 2525 1265 2558 dedicandae.
1317 2525 1438 2558 Dubia
1476 2525 1517 2557 de
1556 2525 1741 2557 Sociorum
1772 2534 1860 2566 pro-

85 2583 238 2614 motione
263 2585 322 2613 etc.
372 2580 473 2613 Nova
500 2579 656 2622 eolleyia.
696 2579 830 2612 Gallia.
866 2579 1078 2621 Principum
1105 2582 1290 2611 conve-entus
1309 2578 1613 2621 namnburqensis.
1652 2577 1859 2611 Concilium.

91 2634 280 2677 Colleqium
307 2635 490 2677 Auyustae
515 2633 744 2666 condendum.
796 2633 964 2675 Fugyyeri.
1019 2631 1210 2674 Colleqium
1235 2635 1438 2664 treverense.

86 2778 306 2818 indulserat,
342 2778 436 2822 quod
462 2789 566 2811 nemo
592 2777 760 2821 deinceps
788 2788 808 2810 a
836 2776 1084 2811 communione
1110 2776 1263 2822 alicujus
1298 2776 1334 2809 in
1369 2778 1677 2810 sacramentorum
1713 2774 1862 2809 admini-

88 2831 281 2874 stratione,
317 2832 377 2865 vel
403 2830 627 2876 receptione,
664 2833 726 2864 aut
752 2829 833 2864 aliis
860 2830 1146 2874 quibuscumque
1173 2829 1326 2871 divinis,
1362 2829 1423 2863 vel
1458 2831 1562 2863 extra
1590 2856 1596 2863 .
1626 2856 1633 2863 .
1662 2857 1668 2863 .
1695 2830 1862 2862 teneatur

89 2885 289 2926 abstinere,
325 2884 385 2919 vel
419 2884 577 2928 aliquem
611 2883 747 2917 vitare“
791 2883 997 2926 (Sacrorum
1025 2882 1263 2917 conciliorum
1299 2882 1490 2924 Collectio,
1529 2882 1583 2917 ed.
1610 2883 1642 2921 I.
1666 2883 1711 2916 D.
1742 2883 1863 2915 Mansi

89 2938 228 2973 XXVII
256 2937 433 2982 [Venetiis
462 2936 578 2980 1784]‚
608 2936 728 2980 1192).

211 2993 222 3012 ¹
250 2990 452 3026 Cardinalis
483 2991 671 3024 Truchsess
696 2989 846 3024 Alberto
872 2989 927 3031 V..
955 2989 1134 3024 Bavariae
1168 2989 1269 3030 duci,
1304 2989 1418 3023 Roma
1453 2990 1483 3023 7.
1512 2988 1722 3023 Decembris
1749 2987 1861 3022 1560:

94 3044 199 3088 „Dise
233 3044 495 3088 gegenwirtige
530 3043 632 3077 woch
666 3043 737 3077 hab
772 3042 830 3077 ich
856 3042 897 3076 E.
924 3041 964 3077 L.
998 3043 1067 3088 bey
1103 3041 1166 3076 der
1190 3041 1465 3076 Niderlendisch
1501 3041 1657 3076 ordinari
1683 3043 1765 3086 post
1803 3052 1861 3075 arn

89 3098 344 3142 afftermontag
362 3125 370 3132 .
390 3124 398 3132 .
425 3096 658 3141 geschriben“
692 3095 793 3139 (Ant.
814 3097 992 3140 Steiclzele,
1019 3095 1154 3130 Archiv
1181 3096 1238 3129 fiir
1265 3095 1322 3129 die
1349 3094 1568 3130 Geschichte
1594 3094 1657 3128 des
1675 3094 1863 3129 Bisthums

90 3151 285 3195 Augsburg
310 3151 343 3185 ΙΙ
371 3150 583 3195 [Augsburg
611 3149 728 3194 1859]‚
755 3148 853 3194 230).
