2093 3444
542 177 709 220 Augusta
734 177 1004 212 vindelicorum
1034 179 1086 213 11.
1115 178 1282 213 Octobris
1310 180 1410 214 1561.
1781 184 1865 225 249

89 296 248 338 manda
281 296 323 338 al
356 296 546 349 Collegio
574 296 821 338 Viennense
855 298 954 350 quel
987 298 1172 340 Dottore
1205 299 1429 352 spagnolo,
1465 300 1630 342 dotto1.
1666 301 1708 342 al
1741 302 1868 354 quale

90 361 228 404 anche
260 361 607 414 maggiormente
649 362 766 404 saria
796 362 938 404 buono
982 365 1026 405 et
1066 362 1174 405 utile
1206 363 1248 405 al
1290 363 1411 406 detto
1455 365 1637 418 collegio
1681 365 1759 407 che
1791 381 1869 420 per

90 427 260 469 aiutare
300 426 331 467 il
362 428 547 469 Rettore
578 426 764 469 hauesse
797 427 960 481 special
1002 441 1105 470 cura
1139 430 1184 470 et
1225 428 1418 471 autorita
1452 464 1459 472 .
1494 430 1538 471 Jl
1571 430 1649 472 che
1686 430 1793 472 forsi
1825 432 1868 473 la

89 492 140 535 R.
175 492 228 534 V.
262 492 427 534 hauera
461 492 590 542 fattO,

209 557 380 606 Quanto
413 557 456 599 al
488 557 597 599 bene
630 556 878 599 vniuersale
921 557 963 599 di
996 560 1153 611 questa
1184 558 1408 612 prouincia
1450 559 1566 602 saria
1599 574 1700 602 cosa
1732 561 1868 604 molto

89 622 196 664 utile
229 622 307 664 6116
339 623 368 664 11
392 622 438 665 P.
473 624 623 664 nostro
647 622 919 665 Prouinciale
951 623 1127 665 hauessi
1159 623 1289 665 buoni
1312 625 1542 679 compagui
1575 640 1652 679 per
1681 625 1868 668 aiutarlo

88 687 131 729 in
166 687 464 742 corporalibus
497 691 542 730 et
573 687 871 742 spiritualibus
903 689 1092 743 negotijs
1126 692 1169 731 et
1202 689 1330 731 rebus
1365 724 1373 732 .
1406 690 1437 731 il
1470 691 1598 743 quale
1630 691 1870 733 moderassi

89 753 120 795 li
160 753 255 795 61101
295 753 427 807 61311111]
471 756 515 796 61
556 753 745 795 1613166116
787 768 867 795 0011
909 753 1131 796 authorita
1173 754 1287 796 della
1328 754 1378 797 R..
1413 755 1465 797 V.
1509 758 1554 798 et
1595 756 1799 808 guidasse
1840 757 1869 798 il

89 819 279 861 Patrone
312 821 357 861 et
388 819 432 860 la
464 832 564 860 case
598 833 678 860 6611
710 819 825 860 buon
859 819 1008 860 ordine
1040 819 1111 860 nel
1143 819 1391 872 mangiare,
1426 821 1549 872 bere,
1585 821 1792 873 dormire,
1826 825 1870 864 et

88 884 295 937 religiosa
326 884 598 926 recreatione
633 919 641 926 .
675 884 812 926 Molto
839 883 898 925 mi
929 883 1249 926 riccommando
1274 885 1361 926 alla
1384 885 1435 928 R.
1460 885 1512 928 V.
1547 886 1631 928 alle
1664 901 1739 928 sue
1773 901 1870 929 ora-

88 949 196 1004 tionj
231 952 275 992 et
307 949 502 1003 suffragij
537 963 658 991 come
691 949 823 991 fanno
856 949 1049 991 anchora
1081 950 1224 1003 questi
1247 950 1377 991 Padri
1409 953 1559 993 nostro
1582 951 1868 1002 Prouinciale‚

85 1015 119 1070 jl
152 1029 230 1057 suo
263 1015 439 1057 fratello
473 1017 614 1058 rettor
645 1014 951 1057 monachiense
984 1017 1029 1057 et
1060 1014 1090 1056 il
1124 1015 1272 1057 dottor
1295 1015 1546 1061 CuuilloniO.
1590 1017 1646 1059 Di
1667 1016 1871 1071 Augusta

93 1095 118 1122 a
154 1082 221 1122 11.
257 1080 297 1121 di
333 1080 517 1123 Ottobre
553 1081 679 1123 1561.

210 1157 295 1199 Per
327 1157 629 1199 commissione
662 1157 732 1198 del
764 1157 810 1200 P.
845 1159 995 1199 nostro
1028 1156 1301 1199 Prouinciale

1141 1239 1195 1282 Di
1228 1240 1280 1283 V.
1315 1240 1366 1283 R..
1401 1255 1526 1283 seruo
1559 1240 1602 1283 in
1636 1242 1808 1285 domino

1245 1305 1453 1348 Nicolaus
1489 1307 1704 1361 Lanoyus

208 1394 380 1437 Jhesus.
448 1394 503 1436 Al
547 1394 681 1436 molto
723 1394 979 1436 Reuerendo
1027 1394 1071 1436 in
1114 1393 1284 1437 Christo
1329 1395 1471 1437 Padre
1518 1396 1549 1437 il
1591 1396 1638 1439 P.
1675 1397 1868 1440 Maestro

90 1460 270 1503 ι16601110
294 1460 468 1514 Laynez
490 1459 747 1514 Praeposito
771 1461 976 1513 generale
1000 1460 1115 1502 della
1137 1460 1404 1514 Compagnia
1428 1460 1469 1502 di
1493 1460 1623 1503 Giesu
1648 1461 1692 1503 in
1714 1462 1867 1506 Roma.

89 1605 208 1649 gratia
235 1605 415 1640 eruditum
441 1605 543 1639 illum
571 1605 752 1640 doctorem
779 1605 995 1651 hispanum¹
1022 1618 1063 1640 eo
1088 1606 1198 1641 mitti.
1241 1606 1309 1648 Qui
1336 1606 1443 1641 etiam
1470 1608 1588 1651 magis
1614 1608 1870 1642 adiuvabitur2

90 1660 126 1692 61
151 1659 304 1703 collegio
331 1658 447 1693 eidem
472 1659 596 1693 utilior
621 1659 700 1701 erit,
727 1660 757 1694 si
783 1660 936 1694 rectoris
956 1659 1151 1694 adiuvandi
1177 1659 1373 1703 singularis
1400 1660 1432 1695 ei
1459 1661 1597 1695 curatio
1621 1661 1870 1695 commendata

89 1714 126 1747 et
151 1712 348 1747 auctoritas
375 1712 460 1747 data
486 1714 602 1747 erunt.
654 1712 751 1755 Quas
777 1714 932 1748 fortasse
959 1714 1001 1749 R.
1020 1713 1063 1748 V.
1092 1713 1123 1748 ei
1151 1713 1260 1748 dedit.

209 1766 309 1809 Quod
336 1767 380 1801 ad
406 1766 514 1801 huius
540 1766 749 1812 provinciae
776 1779 1001 1802 communem
1026 1767 1222 1802 utilitatem
1249 1767 1399 1809 attinet,
1425 1767 1532 1802 valde
1559 1768 1744 1813 expediet,
1774 1769 1869 1813 patri

88 1822 212 1855 nostro
238 1820 445 1866 praeposito
463 1820 678 1865 provinciali
704 1821 836 1855 boumn
862 1821 1010 1865 adiungi
1036 1822 1184 1864 socium,
1211 1833 1232 1855 a
1259 1833 1328 1865 quo
1354 1822 1390 1855 in
1416 1821 1571 1865 negotiis
1598 1824 1633 1856 et
1659 1823 1766 1856 rebus
1792 1825 1869 1856 tum

89 1874 335 1919 corporalibus
361 1876 438 1908 tum
464 1874 716 1920 spiritualibus
752 1875 963 1917 adiuvetur,
1001 1877 1037 1909 et
1063 1875 1125 1920 qui
1151 1875 1192 1910 R.
1211 1875 1255 1909 V.
1283 1875 1499 1909 auctoritate
1525 1875 1640 1920 ipsius
1665 1875 1868 1910 litterarum

88 1928 219 1962 studiis
255 1930 291 1962 et
315 1927 499 1962 laboribus
524 1928 732 1962 moderetur
767 1930 802 1962 et
837 1931 914 1962 tum
940 1930 1081 1974 patrem
1107 1928 1265 1963 familias
1300 1931 1377 1963 tum
1403 1929 1580 1963 familiam
1615 1929 1731 1974 ipsam
1765 1931 1870 1973 regat

89 1981 289 2023 efficiendo,
314 1984 356 2016 ut
381 1981 418 2015 in
443 1981 589 2024 edendo,
616 1982 780 2023 bibendo,
808 1981 1031 2022 dormiendo,
1059 1982 1189 2017 animis
1214 1982 1384 2026 religiose
1410 1982 1618 2017 relaxandis
1644 1983 1758 2017 bonus
1785 1983 1870 2017 ordo

88 2036 265 2069 servetur.
316 2035 358 2070 R.
376 2034 421 2069 V.
449 2035 617 2079 precibus
643 2037 680 2069 et
705 2035 929 2070 ora-tionibus
955 2035 1061 2070 valde
1087 2048 1144 2070 me
1171 2036 1400 2077 oommendo;
1427 2036 1595 2071 similiter
1619 2036 1656 2070 hi
1682 2038 1805 2082 patres
1830 2048 1870 2071 66

88 2089 360 2124 commendant:
386 2088 632 2134 praepositum
655 2091 819 2123 nostrum
838 2089 1097 2134 provincialem
1116 2090 1194 2124 dico
1221 2092 1257 2124 et
1281 2092 1459 2124 rectorem
1476 2090 1768 2124 monachiensem
1794 2090 1870 2124 61116

87 2142 238 2177 fratrem
265 2145 301 2177 et
327 2143 508 2177 doctorem
536 2142 791 2177 Ouvillonium.
841 2144 1009 2186 Augusta
1035 2143 1307 2178 Vindelicorum
1335 2144 1389 2178 11.
1417 2143 1584 2178 Octobris
1613 2144 1714 2178 1561.

210 2207 317 2242 Iussu
342 2208 458 2252 patris
484 2208 600 2242 nostri
625 2207 824 2253 praepositi
850 2208 1084 2253 provincialis
1332 2208 1373 2242 R.
1393 2209 1436 2243 V.
1464 2221 1593 2243 servus
1619 2209 1655 2242 in
1682 2208 1823 2243 domino

1385 2262 1557 2297 Nicolaus
1583 2262 1764 2307 Lanoyus.

210 2331 354 2366 Jhesus.
406 2331 611 2366 Admodum
637 2332 835 2367 reverendo
866 2332 903 2366 in
931 2332 1074 2367 Christo
1100 2333 1216 2378 patri.
1252 2332 1347 2378 patri
1380 2333 1554 2377 magistro
1582 2333 1709 2367 Iacobo
1735 2332 1870 2373 LainiO,

89 2385 296 2431 praeposito
322 2385 483 2429 generali
510 2385 702 2421 Societatis
728 2386 821 2428 Iesu,
849 2386 993 2421 Romae.

209 2466 321 2503 Nota:
347 2467 472 2502 Lainio
499 2468 662 2512 quidem,
689 2469 751 2513 qui
775 2471 863 2503 tunc
888 2468 925 2503 in
953 2468 1090 2511 Gallia,
1116 2480 1187 2503 non
1213 2469 1348 2503 Romae
1374 2469 1602 2510 morabatur,
1630 2468 1697 2503 hae
1722 2468 1867 2503 litterae

90 2534 111 2556 6
137 2521 270 2555 Lanoio
304 2521 500 2567 inscriptae
535 2524 639 2564 sunt;
675 2525 714 2556 at
738 2523 902 2568 proxime
937 2525 975 2557 et
999 2522 1114 2568 primo
1148 2522 1226 2557 1060
1254 2522 1470 2564 Sahneroni,
1508 2522 1569 2567 qui
1595 2523 1729 2556 Romae
1755 2522 1871 2556 Lainii

89 2574 266 2609 vicarium
292 2575 445 2619 agebat,
481 2587 543 2610 eas
568 2575 770 2610 destinatas
797 2587 877 2611 esse
903 2576 994 2611 haec
1019 2576 1144 2610 Lanoii
1171 2576 1302 2618 verba,
1340 2587 1432 2620 quae
1457 2576 1494 2610 in
1521 2577 1637 2621 priore
1664 2575 1869 2610 litterarum

91 2628 284 2663 earundem
310 2630 414 2674 parte
451 2628 578 2674 (supra
612 2642 645 2675 p.
674 2629 759 2673 244)
796 2629 986 2673 leguntur,
1023 2630 1235 2664 ostendunt:
1279 2629 1337 2672 „Jl
1364 2628 1524 2672 Collegio
1557 2631 1680 2663 nostro
1715 2629 1745 2663 si
1779 2631 1797 2662 6
1833 2629 1870 2662 111

89 2684 193 2727 parte
218 2683 358 2716 mutato
385 2684 422 2716 et
446 2683 623 2725 rinouato,
649 2683 815 2718 hauendo
841 2683 900 2718 noi
918 2683 1066 2718 schuole
1091 2695 1209 2718 nuoue
1229 2683 1319 2717 doue
1345 2685 1451 2717 staua
1469 2682 1553 2726 quel
1578 2683 1704 2717 arbore
1730 2682 1869 2725 grandi,

91 2735 374 2779 comingiandosi
401 2735 519 2780 quelle
544 2735 618 2770 alla
651 2748 736 2771 casa
761 2737 901 2782 piccola
928 2737 986 2772 del
1012 2739 1186 2778 cantone,
1222 2739 1259 2772 et
1284 2735 1575 2780 ext[endendo]si
1609 2736 1703 2769 insin
1730 2735 1765 2769 al
1791 2735 1869 2769 riuo

91 2789 271 2824 chiamato
298 2789 361 2823 der
387 2788 567 2831 Schiitter,
595 2801 679 2824 cosa
703 2791 790 2824 nota
815 2802 880 2835 per
906 2791 1114 2836 esperienza
1140 2790 1212 2825 alla
1238 2790 1280 2824 R.
1299 2789 1343 2824 V.
1370 2790 1400 2823 si
1427 2789 1555 2823 adesso
1581 2800 1667 2823 sene
1692 2788 1865 2823 ricorda.“

90 2842 418 2885 Ingolstadiensem
450 2842 551 2876 illam
586 2843 769 2885 arborem,
805 2843 1079 2885 domunculam,
1112 2844 1232 2878 rivum
1266 2854 1333 2877 nec
1358 2841 1506 2877 Lainius
1540 2853 1606 2876 nec
1632 2841 1871 2876 Ribadeneira

90 2907 157 2930 nec
182 2895 382 2930 Madridius
416 2907 533 2940 neque
569 2896 661 2931 alius
697 2909 743 2931 ex
769 2897 884 2932 Sociis
919 2897 1096 2938 romanis,
1132 2897 1176 2931 ad
1209 2907 1299 2940 quos
1324 2895 1480 2930 Lanoius
1514 2895 1581 2929 has
1606 2895 1749 2929 litteras
1785 2894 1870 2929 dare

91 2952 253 2995 poterat,
279 2950 442 2991 viderat,
474 2949 544 2984 nisi
571 2949 775 2993 Salmeron;
812 2951 873 2996 qui
900 2963 920 2985 a
949 2952 1002 2986 13.
1029 2950 1246 2985 Novembris
1275 2950 1365 2984 1549
1391 2949 1467 2983 fere
1493 2949 1538 2982 ad
1567 2948 1620 2983 10.
1648 2948 1871 2994 Septembris

93 3002 184 3037 1550
210 3002 425 3047 Ingolstadii
449 3002 570 3037 fuerat
597 3003 704 3048 (Can.
724 3003 813 3049 Epp.
832 3004 858 3046 Ι,
886 3004 982 3038 2962.
1010 3003 1078 3038 329
1092 3003 1115 3038 ³.
1143 3002 1241 3046 690).
1283 3001 1455 3036 Attamen
1481 3000 1606 3035 Lainio
1632 3000 1701 3035 hae
1726 3001 1870 3035 litterae

91 3055 294 3090 destinatae
320 3057 423 3090 erant
447 3056 605 3091 secundo
631 3056 720 3099 loco,
746 3057 826 3092 sive
851 3057 913 3098 ita,
945 3059 986 3091 ut
1011 3068 1092 3091 cum
1119 3056 1197 3101 ipso
1225 3054 1542 3090 communicandae
1569 3055 1700 3097 essent,
1726 3054 1758 3088 si
1784 3054 1867 3098 quid

213 3168 224 3188 ¹
250 3167 290 3202 P.
317 3167 584 3202 Ferdinandum
610 3167 711 3202 Jaen.
812 3167 826 3187 ‘·'
851 3166 940 3201 Vel:
967 3165 1153 3200 adiuvabit
1179 3165 1279 3199 illud.
