2093 3444
201 185 311 213 XLVI
663 167 725 201 ΙΙΙ.
762 166 923 201 Tabulae
950 166 1222 211 chronologicae
1249 166 1347 201 vitae
1374 166 1519 201 Canisii.

277 285 366 320 1562
558 284 662 319 Febr.
690 285 746 320 25.
841 283 898 325 lF.
926 283 987 318 IV.
1014 285 1049 318 in
1076 284 1164 318 aede
1191 284 1224 318 S.
1252 284 1396 318 Ioannis
1432 295 1477 318 ex
1512 284 1701 327 evangelio
1737 283 1806 318 diei
1832 283 1875 318 de
1901 294 1972 318 am-

842 329 843 387 }
920 338 1054 372 bitione
1078 337 1261 381 fugienda,
1288 336 1509 382 paenitentia
1534 338 1674 381 agenda
1700 337 1787 372 dicit
1816 337 1930 381 (618).

275 391 365 427 1562
560 391 662 426 Febr.
691 391 746 426 26.
842 391 899 438 F.
926 391 969 425 V.
997 390 1128 425 ibidem
1165 391 1365 424 contionem
1400 390 1659 425 catecheticam
1695 390 1738 425 de
1772 402 1836 435 spe
1869 392 1905 425 et
1930 390 1973 425 de

922 444 1080 478 oratione
1107 443 1282 478 dominica
1308 443 1418 478 habet
1445 443 1559 488 (627).

276 499 366 534 1562
559 497 662 532 Febr.
691 497 747 532 27.
842 492 843 495 ¹
863 497 900 532 F.
919 497 980 531 VI.
1007 497 1148 538 ibidem,
1176 497 1351 542 quomodo
1371 497 1494 531 Sancti
1519 497 1556 531 in
1582 500 1743 532 extremo
1761 496 1892 532 iudicio
1912 508 1972 542 ap-

921 550 1073 596 parituri
1099 550 1180 586 sint.
1208 550 1296 585 dicit
1324 550 1419 593 (618.
1446 550 1544 593 622).

277 606 366 641 1562
567 604 675 639 Mart.
704 605 734 638 1.
862 604 965 638 Nova
1001 604 1043 638 de
1078 604 1184 638 rebus
1220 603 1404 648 religionis
1430 603 1641 637 Tridentum
1675 604 1720 638 ad
1755 602 1972 638 cardinalem

922 657 1071 692 Hosium
1098 657 1212 692 mittit
1238 659 1292 699 ety
1329 659 1368 691 ut
1394 656 1634 691 catechismus
1664 668 1751 692 suus
1777 669 1798 691 a
1824 656 1973 692 concilio

922 711 1149 756 approbetur,
1176 710 1266 755 petit
1295 710 1409 753 (381).

275 767 366 802 1562
568 765 676 799 Mart.
706 765 735 799 1.
842 764 962 799 ³Dom.
991 764 1052 799 III.
1080 763 1260 808 Quadrag.
1287 775 1391 798 mane
1418 763 1454 797 in
1480 763 1633 798 ecclesia
1658 762 1875 804 cathedrali,
1902 774 1973 807 qua

842 807 843 842 Ῐ
920 818 1058 852 ratione
1093 817 1241 852 iurando
1277 820 1447 862 peccetur
1481 819 1518 851 et
1544 816 1604 861 [ex
1630 828 1685 851 ev.
1712 815 1795 860 diei]
1823 817 1865 850 de
1892 816 1972 850 dae-

459 907 460 923 *
921 871 1037 905 monis
1062 871 1224 916 potentia
1250 873 1286 904 et
1311 871 1346 904 in
1366 870 1528 905 homines
1548 869 1746 904 inimicitiis
1767 870 1864 910 dicit,
1892 871 1973 914 post

277 928 365 962 1562
921 925 1111 970 prandium
1136 925 1173 958 in
1198 923 1333 969 templo
1361 924 1394 958 S.
1414 924 1557 958 Ioannis
1584 924 1783 957 contionem
1810 922 1971 957 cateche-

921 978 1029 1012 ticam
1066 979 1109 1012 de
1145 978 1314 1018 caritate,
1351 977 1520 1020 decalogo
1557 977 1745 1014 universo.
1781 977 1973 1021 praecepto

921 1031 1034 1077 primo
1060 1031 1168 1066 habet
1198 1031 1292 1068 (619.
1321 1031 1400 1065 621.
1428 1031 1507 1065 624.
1536 1031 1632 1074 627).

276 1088 365 1123 1562
459 1099 460 1103 ’
566 1087 672 1121 Mart.
701 1086 732 1121 2.
861 1085 899 1119 F.
922 1085 990 1172 (111,
1027 1085 1112 1129 quid
1139 1084 1261 1119 Sancti
1296 1084 1331 1118 in
1368 1086 1529 1119 extremo
1564 1084 1693 1118 iudicio
1724 1082 1863 1127 gesturi
1888 1082 1972 1124 sint,

946 1139 955 1172 i
981 1139 1009 1172 it
1083 1140 1095 1172 1
1127 1166 1133 1172 .
1162 1138 1229 1171 622
1252 1165 1259 1172 .

276 1196 366 1230 1562
567 1194 674 1228 Mart.
704 1193 735 1227 3.
862 1192 898 1225 F.
927 1151 988 1226 Hi.
1025 1140 1074 1226 &ig
1102 1139 1139 1226 Ξ.
1170 1145 1311 1225 Ioannis
1346 1191 1545 1225 contionem
1579 1189 1838 1225 eatecheticam
1864 1188 1974 1223 habet

949 1246 1021 1279 θ’.
1061 1246 1093 1279 ’2
1141 1273 1147 1279 .

275 1303 365 1337 1562
567 1301 672 1335 Mart.
701 1301 733 1334 4.
863 1299 898 1333 F.
919 1246 1133 1333 lg'.ibi{le17ii
1158 1310 1176 1332 e
1202 1300 1378 1342 suggestu
1399 1297 1612 1332 traditiones
1631 1296 1897 1331 ecclesiasticas
1915 1295 1971 1329 de-

922 1353 1037 1387 fendit
1072 1354 1124 1389 et,
1161 1363 1230 1396 qua
1267 1352 1404 1386 ratione
1439 1351 1475 1385 in
1507 1353 1668 1385 extremo
1694 1349 1823 1384 iudicio
1850 1349 1973 1383 Sancti

921 1406 1049 1451 impios
1075 1405 1279 1440 accusaturi
1306 1406 1389 1445 sint,
1416 1405 1562 1450 exponit
1592 1403 1687 1447 (618.
1716 1403 1812 1445 622).

276 1464 365 1498 1562
568 1462 673 1496 Mart.
703 1462 734 1495 5.
861 1460 898 1494 F.
914 1460 958 1494 V.
985 1459 1185 1494 contionem
1213 1459 1472 1493 catecheticam
1499 1457 1630 1492 ibidem
1656 1457 1765 1491 habet
1793 1455 1907 1499 (627).

275 1518 364 1551 1562
568 1516 675 1550 Mart.
703 1516 734 1549 6.
862 1514 974 1548 RVI.
1002 1513 1133 1547 ibidem
1161 1513 1203 1546 de
1230 1511 1420 1556 evangelio
1447 1511 1515 1545 diei
1547 1513 1584 1545 et
1609 1511 1652 1545 de
1679 1509 1910 1544 daemonibus
1936 1508 1971 1542 in

460 1611 461 1620 ἵ
921 1569 1082 1601 extremo
1107 1566 1237 1600 iudicio
1264 1566 1443 1599 adfuturis
1470 1565 1696 1599 contionatur
1725 1563 1821 1607 (618.
1848 1562 1946 1604 622).

275 1625 365 1659 1562
566 1623 673 1657 Mart.
702 1624 733 1657 8.
861 1621 962 1655 Dom.
984 1621 1042 1655 IV.
1063 1619 1242 1664 Quadrag.
1264 1631 1368 1654 mane
1389 1619 1422 1653 in
1444 1617 1642 1653 cathedrali
1661 1616 1814 1652 ecclesia
1832 1615 1874 1650 de
1893 1626 1971 1660 pec-

921 1677 1000 1709 cato
1019 1673 1273 1718 blasphemiae⁷
1292 1684 1417 1711 sacrae
1437 1672 1505 1706 diei
1524 1672 1671 1713 ratione,
1695 1669 1883 1713 evangelio
1902 1668 1969 1703 diei

921 1728 1007 1762 dicit
1043 1729 1137 1772 [post
1169 1727 1357 1772 prandium
1393 1726 1428 1760 in
1454 1725 1589 1770 templo
1616 1724 1650 1759 S.
1678 1723 1820 1759 Ioannis
1846 1723 1888 1756 de
1915 1733 1970 1756 ca-

921 1781 1095 1816 techismo
1122 1778 1388 1824 contionatur'?]
1418 1780 1514 1822 (621.
1543 1779 1641 1821 628).

276 1839 365 1874 1562
460 1838 461 1844 ’
567 1837 673 1872 Mart.
702 1838 734 1872 9.
842 1835 898 1869 'R
923 1835 966 1869 ΙΙ.
994 1834 1038 1868 ad
1065 1834 1098 1868 S.
1127 1834 1267 1868 loannis
1293 1833 1335 1867 de
1363 1832 1551 1876 evangelio
1579 1832 1646 1865 diei
1675 1833 1719 1872 et,
1746 1830 1782 1864 in
1809 1831 1970 1863 extremo

920 1888 1050 1922 iudicio
1077 1888 1161 1932 quid
1189 1888 1231 1921 de
1250 1886 1412 1932 parvulis
1432 1898 1502 1920 non
1520 1884 1726 1919 iustificatis
1745 1885 1905 1917 futurum
1924 1882 1972 1916 sit

921 1944 956 1976 et
991 1941 1119 1986 quibus
1154 1942 1188 1975 in
1224 1941 1331 1975 rebus
1366 1939 1472 1974 electi
1505 1941 1541 1973 et
1570 1938 1711 1983 reprobi
1737 1936 1872 1971 similes
1898 1935 1972 1970 sint

920 1995 1043 2036 futuri,
1071 1994 1157 2029 dicit
1185 1994 1280 2038 (622.
1308 1993 1405 2036 633).

274 2054 365 2088 1562
553 2052 660 2086 Mart.
691 2052 744 2086 10.
861 2049 897 2083 F.
924 2049 988 2083 ΙΙΙ.
1024 2049 1067 2082 ad
1095 2048 1128 2083 S.
1156 2047 1300 2082 Ioannis
1327 2048 1419 2081 cont.
1447 2046 1582 2080 catech.
1609 2045 1719 2079 habet
1748 2042 1862 2087 (626).

276 2107 365 2142 1562
554 2105 660 2139 Mart.
692 2106 744 2139 11.
861 2103 898 2137 F.
920 2102 979 2136 IV.
1007 2113 1114 2146 quam
1141 2101 1282 2135 diverse
1308 2100 1389 2134 boni
1418 2102 1454 2134 et
1479 2099 1565 2133 mali
1591 2099 1627 2132 in
1654 2100 1814 2132 extremo
1840 2095 1970 2130 iudicio

920 2167 958 2190 se
984 2155 1141 2190 habituri
1167 2155 1250 2196 sint,
1275 2154 1407 2189 ibidem
1434 2153 1592 2187 ostendit
1621 2151 1716 2196 (618.
1743 2149 1841 2194 622).

277 2214 366 2249 1562
553 2213 661 2247 Mart.
691 2213 745 2246 12.
860 2209 897 2244 F.
925 2209 967 2244 V.
1004 2209 1047 2244 ad
1084 2208 1118 2243 S.
1146 2207 1288 2242 Ioannis
1326 2208 1526 2242 contionem
1566 2205 1826 2241 catecheticam
1860 2203 1970 2237 habet

963 2263 984 2297 2
1031 2290 1037 2296 .

276 2322 366 2357 1562
555 2320 662 2354 Mart.
694 2320 745 2353 13.
841 2319 844 2370 ᾗ
860 2316 898 2351 F.
917 2263 968 2350 {761
985 2263 1126 2357 issbiidem,
1153 2326 1223 2359 qua
1241 2314 1378 2349 ratione
1397 2313 1562 2347 Christus
1580 2314 1781 2347 extremum
1799 2309 1968 2344 iudicium

841 2375 843 2412 ξ
920 2370 1153 2404 instituturus
1178 2369 1236 2410 sit,
1264 2368 1351 2402 dicit
1379 2366 1474 2410 (618.
1502 2366 1599 2408 622).

275 2465 376 2502 1562
481 2463 552 2500 sub
588 2461 685 2499 med.
723 2461 823 2498 Mar·
861 2462 1041 2510 Dilinyae
1070 2458 1389 2507 Martyrolojsium
1417 2456 1463 2493 ab
1492 2457 1642 2492 Adamo
1667 2454 1869 2502 Walasser,
1898 2452 1967 2489 Ca-

603 2522 700 2558 tium
922 2521 1020 2557 ηῐεὶο
1050 2519 1265 2568 plurimam
1298 2518 1448 2553 ¹itte-ante
1485 2519 1518 2551 et
1552 2516 1741 2564 copiosum
1779 2513 1824 2549 de
1851 2511 1968 2548 Sanc-

921 2585 1044 2617 torum
1076 2578 1176 2615 vultu
1206 2576 1517 2614 commentarium
1544 2574 1705 2611 addente
1715 2602 1726 2621 7
1755 2573 1969 2621 qermanice

922 2640 1049 2676 editur
1078 2636 1199 2683 (791).

276 2733 366 2768 1562
556 2732 662 2765 Mart.
693 2731 745 2764 15.
861 2728 962 2762 Dom.
990 2725 1174 2761 Passionis
1201 2724 1367 2760 Canis-ius
1401 2734 1506 2756 mane
1540 2721 1576 2755 in
1610 2719 1742 2765 templo
1769 2717 1965 2754 cathedrali

921 2782 964 2815 de
990 2780 1085 2814 votis
1121 2779 1177 2823 [ea
1210 2778 1311 2812 licita
1337 2775 1448 2820 esse],
1484 2774 1579 2810 sacri
1612 2773 1784 2818 temporis
1817 2772 1965 2811 ratione,

921 2833 1110 2877 evangelio
1124 2832 1193 2866 diei
1209 2831 1295 2865 dicit
1308 2830 1403 2875 [post
1417 2829 1604 2874 prandium
1620 2828 1657 2861 in
1669 2825 1803 2871 templo
1817 2825 1850 2859 S.
1867 2825 1965 2859 Ioan-

920 2888 977 2922 nis
1003 2886 1261 2922 catechismum
1287 2882 1474 2928 exponitP]
1503 2882 1553 2925 (‘?)
1586 2880 1680 2925 (621.
1709 2879 1787 2914 641.
1815 2878 1912 2921 628).

275 2947 366 2981 1562
487 2957 532 2979 m.
559 2944 690 2978 Martio
719 2944 816 2988 (post
842 2918 1079 2976 ¹Fridericum
1117 2937 1330 2983 Staphylum
1373 2935 1493 2971 curiae
1534 2944 1701 2969 romanae
1743 2930 1967 2966 commendat

550 2997 706 3032 medium
718 2996 753 3040 2³)
923 2994 1037 3038 (396).

275 3053 365 3087 1562
553 3051 661 3085 Mart.
692 3050 744 3084 16.
859 3048 963 3082 Nova
998 3047 1041 3081 de
1075 3046 1182 3080 rebus
1216 3042 1420 3087 religionis,
1454 3041 1576 3075 theses
1607 3038 1884 3074 universitatum
1909 3038 1964 3071 tu-

918 3099 1104 3144 bingensis
1130 3101 1166 3133 et
1190 3094 1483 3140 ingolstadiensis
1510 3095 1577 3128 etc.
1595 3092 1804 3126 Tridentum
1831 3090 1874 3124 ad
1894 3089 1962 3124 Ho-

919 3155 1011 3188 sium
1036 3152 1149 3187 mittit
1177 3151 1291 3195 (392).
