2093 3444
197 213 280 254 554
727 210 805 244 736.
842 209 992 243 Ioannes
1019 209 1061 243 de
1087 208 1241 243 Polanco
1269 208 1420 243 Canisio.

196 327 383 378 Colonia,
418 341 528 380 quae
550 326 697 370 multis
719 326 856 368 modis
888 340 956 367 me
978 325 1059 368 sibi
1082 326 1326 368 deuinctum
1361 328 1482 368 tenet
1516 328 1559 367 et
1581 325 1701 367 cuius
1733 326 1956 379 patronis1

196 393 285 435 scio
317 393 502 434 multum
542 392 816 434 tribuendum
857 405 965 435 esse.
1028 391 1243 433 Faelicem
1277 390 1435 432 Christi
1466 390 1633 444 pueruli
1666 390 1956 433 Natiuitatem

196 458 318 500 vobis
352 460 396 499 et
427 457 550 498 nobis
583 456 705 511 cupio
730 456 995 509 contingere.
1049 456 1237 498 Tantum
1270 459 1392 498 orate
1424 469 1501 509 pro
1534 469 1602 497 me
1624 456 1761 497 Deum
1785 455 1955 498 Charis-

196 523 292 565 simi
324 523 514 565 Fratres.
577 521 776 575 Auguste
808 527 890 552 ——³
922 521 1172 563 Decembris
1208 522 1333 562 1:362.

1144 604 1303 645 Seruus
1335 602 1378 644 in
1411 602 1580 645 Christo
1613 617 1653 657 p.
1688 603 1894 646 Canisius.

313 696 352 730 P.
373 696 580 730 Leonardus
598 695 736 737 Kessel,
763 695 906 739 collegii
930 695 1143 730 coloniensis
1169 698 1295 736 rector,
1324 695 1429 729 huius
1456 695 1631 740 epistulae
1658 696 1864 741 apographo
1889 707 1955 730 sua

193 750 306 795 ipsius
332 761 439 783 manu
465 749 598 794 scripto
624 749 759 793 pariter
784 760 848 783 sua
875 760 982 782 manu
1007 748 1207 794 inscripsit:
1240 761 1293 794 „p.
1313 749 1478 783 Canisius
1504 749 1548 783 ad
1570 748 1798 783 Colonienseis
1824 749 1955 783 fratres

195 802 362 837 Calendis
387 802 627 836 Decembris.“
682 802 737 836 Ex
764 801 842 846 ipsa
867 803 987 836 autem
1014 801 1169 846 epistula
1203 804 1323 847 patet,
1359 814 1438 836 eam
1473 793 1634 846 proxime
1660 802 1780 836 datam
1806 813 1885 837 esse
1910 802 1954 836 ad

194 855 335 890 socium
362 855 518 900 aliquem
545 855 688 899 collegii
715 854 946 896 coloniensis,
982 855 1042 899 qui
1067 855 1185 900 patria
1212 857 1288 889 erat
1314 856 1562 898 noviomagus,
1597 855 1658 899 qui
1685 855 1728 890 de
1753 855 1956 898 theologica

193 909 368 944 facultate
393 909 644 943 universitatis
671 908 883 943 coloniensis
910 910 997 949 erat,
1023 908 1083 952 qui
1110 920 1189 942 cum
1217 908 1383 953 episcopo
1410 908 1670 952 osnaburgensi
1696 909 1738 942 de
1765 908 1955 943 Societatis

193 963 344 1006 collegio
367 962 586 997 instituendo
606 964 748 1005 egerat;
776 974 866 1006 quae
893 962 1009 996 omnia
1035 962 1070 995 in
1090 961 1285 996 Henricum
1303 961 1514 1006 Dionysium
1542 963 1586 1003 et,
1614 961 1682 996 nisi
1709 962 1813 996 valde
1842 962 1954 1003 fallor,

192 1016 227 1049 in
254 1016 349 1050 hunc
373 1015 490 1050 solum
516 1015 750 1057 conveniunt;
778 1017 886 1059 atque
912 1015 1019 1049 etiam
1038 1016 1185 1049 Hansen
1212 1015 1234 1048 l.
1262 1027 1291 1049 c.
1319 1015 1362 1049 ad
1381 1014 1592 1059 Dionysium
1619 1015 1808 1060 epistulam
1835 1015 1954 1049 datam

193 1080 271 1104 esse
309 1069 477 1103 affirmat.
529 1069 629 1111 Quod
668 1071 787 1103 autem
814 1068 943 1103 Kessel
978 1070 1014 1102 et
1048 1069 1083 1102 in
1119 1068 1196 1113 ipso
1232 1068 1438 1113 apographo
1472 1070 1508 1102 et
1541 1068 1576 1102 in
1612 1069 1688 1103 eius
1722 1068 1955 1113 inscriptione

196 1122 385 1165 „Calendis
409 1122 636 1156 Decembris“
667 1134 745 1156 eam
773 1122 893 1156 datam
920 1133 998 1156 esse
1025 1121 1168 1162 scribit,
1206 1121 1353 1163 calamo,
1389 1124 1429 1156 ut
1455 1121 1541 1155 mihi
1568 1121 1711 1166 quidem
1737 1122 1878 1156 omnino
1904 1122 1954 1156 vi-

192 1176 305 1217 detur,
331 1176 456 1221 lapsus
482 1178 538 1210 est
554 1175 721 1210 similiter
746 1187 788 1209 ac
805 1174 912 1220 paulo
930 1186 1049 1219 supra,
1077 1186 1157 1208 cum
1179 1174 1536 1220 „A1·chiepiscopus“,
1568 1176 1659 1217 „se“,
1691 1175 1950 1217 „Vermiensis·‘

191 1241 254 1274 pro
294 1229 553 1274 „Episcopiis“,
595 1230 690 1271 „te‘,
732 1227 992 1271 ,,Υὶ11“1111911515“ι
1034 1228 1188 1272 scripsit.
1248 1227 1339 1262 Nam
1378 1228 1543 1263 Canisius
1581 1228 1721 1263 concilii
1758 1229 1954 1263 sessionem

191 1282 391 1327 proximam
417 1282 453 1316 in
482 1283 535 1317 17.
562 1282 772 1316 Decembris
797 1284 1025 1326 prorogatam
1053 1293 1131 1315 esse
1157 1281 1297 1321 scribit;
1335 1281 1368 1315 id
1396 1281 1488 1326 quod
1515 1282 1546 1316 2.
1574 1280 1782 1316 Decembris
1818 1282 1952 1316 factum

191 1347 270 1370 esse
297 1337 457 1376 constat;
494 1335 549 1369 die
585 1335 678 1369 enim
705 1335 760 1369 25.
787 1334 1002 1368 Novembris
1028 1334 1094 1368 hoc
1120 1336 1261 1368 tantum
1288 1334 1472 1368 decretum
1504 1336 1582 1368 erat
1616 1335 1650 1369 111
1678 1335 1954 1379 congregatione

190 1389 365 1432 generali,
401 1391 441 1423 ut
466 1389 599 1429 sessio,
635 1400 726 1432 quae
753 1388 807 1422 26.
835 1387 1049 1421 Novembris
1075 1387 1198 1421 haberi
1226 1387 1415 1428 debuerat,
1452 1388 1655 1422 differretur
1690 1388 1759 1429 ita,
1795 1390 1835 1422 ut
1860 1388 1954 1422 intra

191 1442 212 1477 8
239 1442 325 1484 dies,
352 1454 421 1487 quo
448 1442 504 1476 die
530 1442 693 1476 habenda
720 1443 824 1481 essct,
860 1443 1082 1475 statueretur
1110 1442 1329 1483 (Massarelli
1353 1441 1447 1475 Acta
1472 1441 1493 1475 l.
1522 1453 1551 1475 c.
1579 1442 1622 1482 ΙΙ,
1652 1442 1728 1476 179.
1759 1441 1954 1476 186—187.

190 1495 376 1541 Epistulae
394 1497 569 1530 Lam-acu·
593 1494 744 1530 oratoris
770 1494 856 1538 galli
875 1494 1044 1528 Tridento
1063 1494 1119 1528 26.
1139 1494 1228 1528 Nov.
1251 1497 1287 1529 et
1304 1495 1335 1528 2.
1356 1494 1441 1529 Dec.
1463 1495 1552 1529 1562
1572 1495 1688 1536 datae,
1715 1496 1766 1529 Le
1783 1495 1863 1528 Plat
1881 1495 1903 1530 l.
1923 1506 1952 1529 c.

191 1548 233 1590 V,
261 1550 340 1583 569.
368 1548 465 1592 581).
517 1551 569 1582 Ac
596 1560 676 1582 cum
702 1560 746 1581 ex
773 1548 834 1588 iis,
872 1559 962 1591 quae
990 1547 1282 1592 inscriptionibus
1309 1547 1545 1592 epistularum
1573 1547 1707 1582 Canisii
1733 1548 1776 1582 ad
1803 1548 1952 1582 Hosium

191 1601 356 1636 datarum
375 1602 545 1636 adnotata
563 1603 648 1636 sunt
667 1601 792 1646 (supra
811 1613 844 1646 p.
865 1601 943 1635 384.
964 1601 1042 1635 394.
1061 1601 1142 1636 409.
1157 1601 1236 1635 489.
1253 1602 1320 1635 517
1337 1601 1434 1644 ete),
1453 1613 1514 1636 eas
1532 1602 1607 1635 fere
1626 1601 1811 1646 quaternis
1829 1602 1954 1636 diebus

189 1656 356 1699 Augusta
373 1655 582 1689 Tridentum
601 1654 751 1699 perferri
770 1654 1000 1688 consuevisse
1027 1656 1161 1699 pateat,
1189 1654 1353 1689 Canisius
1380 1655 1422 1688 de
1440 1655 1599 1689 sessione
1618 1655 1653 1688 in
1674 1655 1727 1689 17.
1746 1654 1954 1689 Decembris

187 1711 380 1754 prorogata
407 1709 469 1742 vix
496 1711 578 1742 ante
605 1709 636 1742 ἱ).
664 1707 722 1742 vel
749 1708 780 1742 6.
808 1707 1017 1742 Decembris
1044 1708 1175 1742 certior
1210 1708 1329 1742 factus
1356 1710 1421 1742 est.
1473 1708 1527 1742 Ex
1554 1708 1668 1742 altera
1703 1710 1822 1742 autem
1853 1710 1955 1753 parte

188 1764 351 1796 extrema
385 1761 564 1807 epistulae
590 1773 674 1806 pars
701 1761 876 1803 ostendit,
914 1772 992 1795 eam
1028 1772 1129 1794 sacro
1156 1761 1346 1795 Adventus
1380 1763 1539 1806 tempore
1568 1761 1639 1805 (29.
1667 1761 1879 1796 Novembris
1909 1762 1951 1796 ad

187 1816 244 1850 24.
270 1814 496 1858 Decembris)
525 1815 642 1849 datam
672 1826 760 1855 esse,
789 1817 825 1848 et
851 1826 930 1848 cum
958 1814 1145 1848 concilium
1173 1815 1208 1848 in
1235 1814 1513 1858 congregatione
1540 1815 1698 1858 generali
1729 1815 1781 1849 16.
1807 1815 1952 1849 Decem-

187 1868 261 1903 bris
287 1869 412 1903 habita
438 1868 659 1909 decreverit,
696 1869 735 1901 ut
760 1867 892 1908 sessio,
930 1878 1021 1911 quae
1048 1867 1218 1912 postridie
1255 1867 1377 1902 haberi
1404 1868 1569 1909 deberet,
1609 1870 1882 1913 „prorogaretur
1908 1868 1952 1902 ad

187 1922 280 1956 diem
307 1922 399 1956 infra
427 1922 469 1956 15
496 1922 631 1955 dierum
667 1921 824 1966 spatium
860 1932 880 1955 a
912 1932 940 1955 s.
968 1921 1104 1964 synodo
1131 1920 1405 1955 declarandum‘
1438 1922 1661 1964 (Mass-carelli
1685 1922 1777 1955 Acta
1802 1921 1823 1955 l.
1852 1933 1880 1956 c.
1908 1921 1952 1963 II,

187 1975 266 2010 207.
303 1976 449 2009 Maeotii
474 1974 635 2009 Diarium
661 1974 683 2008 l.
712 1986 740 2009 c.
768 1974 810 2015 ΙΙ,
838 1973 898 2017 31)
928 1986 1042 2018 neque
1069 1973 1175 2008 huius
1201 1974 1335 2008 decreti
1364 1974 1529 2009 Canisius
1557 1975 1590 2008 in
1617 1974 1674 2008 his
1700 1974 1831 2009 litteris
1857 1986 1950 2009 men-

186 2029 320 2063 tionem
347 2028 475 2070 faciat,
512 2040 591 2062 eum
618 2029 712 2062 inter
737 2029 769 2062 5.
797 2030 832 2062 et
862 2028 914 2062 19.
942 2027 1150 2062 Decembris
1175 2027 1366 2072 scripsisse
1392 2039 1539 2069 censeo;
1575 2039 1616 2062 ac
1642 2028 1797 2062 fortasse
1824 2027 1953 2063 Kessel

187 2082 318 2117 mentis
355 2082 508 2126 quadam
548 2082 762 2126 evagatione
804 2080 992 2124 „Calendis
1028 2080 1256 2115 Dece111bris“
1295 2081 1413 2126 posuit
1452 2093 1514 2126 pro
1554 2081 1695 2124 „Idibus
1721 2080 1948 2115 Decembris“

192 2136 264 2180 (13.
291 2135 530 2180 Decembris).

1007 2206 1134 2248 7315.

603 2299 665 2340 P.
698 2297 1017 2341 IOANNES
1050 2297 1148 2339 DE
1183 2296 1541 2349 POLANCQ

794 2379 1012 2414 secretarius
1038 2378 1229 2413 Societatis
1255 2378 1347 2420 Iesu,

531 2463 701 2505 nomine
734 2461 879 2504 Iacobi
911 2461 1063 2511 Lainii,
1096 2460 1334 2516 praepositi
1367 2460 1596 2514 generalis,

931 2555 1204 2602 CANISIO.

772 2662 941 2699 Tridento
968 2663 1000 2698 8.
1027 2661 1234 2698 Decembris
1261 2661 1358 2698 1562.

305 2747 361 2781 Ex
393 2745 598 2791 apographo
634 2745 793 2779 eiusdem
828 2745 1019 2790 temporis;
1054 2745 1091 2779 111
1117 2744 1279 2788 margine
1306 2744 1429 2778 eadem
1454 2755 1563 2778 manu
1589 2745 1769 2778 notatum:
1812 2743 1947 2786 „Padre

188 2801 365 2836 Canisiffl.
418 2799 501 2834 Cod.
532 2798 595 2841 „V.
622 2799 662 2833 P.
690 2799 752 2832 62⁴⁴
784 2798 808 2832 f.
837 2799 1031 2833 {nb—922.

307 2878 404 2912 Socii
428 2887 658 2910 monac-enses.
711 2876 924 2920 Inyolstadic‘
951 2876 1049 2910 Socii
1082 2877 1122 2908 in
1148 2875 1362 2918 disputando
1398 2875 1583 2908 modestiae
1606 2874 1694 2916 fines
1719 2876 1946 2908 excesserunt.

190 2931 410 2974 Curandum,
439 2936 475 2964 ut
503 2930 688 2964 Clenclcms
713 2934 744 2963 et
769 2929 975 2973 Staphylus,
1010 2930 1255 2962 (tm-toritatem
1274 2928 1499 2971 pontificiam
1523 2928 1682 2960 minuere
1707 2931 1888 2966 conantes,
1924 2937 1946 2959 (ι

305 3036 317 3049 ³
343 3029 442 3062 Kess.
463 3040 667 3072 petperam,
696 3033 732 3062 nt
758 3030 901 3062 omnino
929 3029 1084 3062 ridetur:
1110 3028 1274 3071 Auguste
1294 3026 1460 3062 Calendis
1471 3039 1485 3069 ,·
1510 3028 1604 3071 vide,
1630 3037 1720 3070 quae
1743 3026 1806 3060 sub
1832 3027 1945 3068 ipsam

185 3082 278 3115 hanc
303 3082 489 3125 epistulam
514 3083 694 3115 (limentur.

451 3149 476 3173 1³.-

308 3182 318 3202 ¹
345 3180 404 3215 SS.
431 3179 591 3225 Regibus
617 3180 753 3224 Magis,
789 3178 943 3214 Gereoni
969 3190 1048 3213 cum
1075 3179 1200 3220 sociis,
1237 3178 1390 3213 Ursulae
1417 3189 1497 3213 cum
1523 3177 1649 3218 sociis,
1682 3175 1850 3211 severino
1877 3178 1943 3210 etc.
