2093 3444
239 163 323 203 242
456 159 535 193 604.
573 158 703 192 Petrus
730 157 772 191 de
799 155 1039 191 Ribadeneira
1066 154 1220 190 Canisio.
1263 154 1376 189 Roma
1406 155 1459 190 11.
1487 154 1654 189 Octobris
1685 155 1787 190 1561.

236 292 363 321 senso
397 277 465 319 del
498 276 709 330 capitolo,
753 288 882 317 senza
914 273 1075 327 ilquale
1106 287 1193 315 non
1225 273 1263 315 si
1294 272 1407 315 faria
1445 273 1564 315 nulla
1581 275 1608 316 1.
1673 273 1765 323 Qua
1796 287 1902 328 pare
1934 274 2012 316 che

237 343 303 387 .V.
336 343 388 385 R.
423 341 601 384 doueria
633 341 737 382 dare
770 339 888 383 aiuto
922 339 964 381 al
998 339 1118 381 detto
1151 338 1403 392 Preposito,
1448 341 1492 381 et
1533 338 1605 380 dal
1639 341 1768 380 canto
1801 353 1878 381 suo
1911 353 2012 393 pro-

237 423 365 451 curar
397 409 550 461 questo
584 420 817 452 consenso;
860 404 1018 459 perche
1060 403 1298 446 hauendosi
1332 403 1474 456 quello
1516 404 1560 446 la
1593 417 1694 446 cosa
1732 418 1818 445 non
1849 404 2013 446 hauera

237 473 450 516 difficulta
490 472 658 514 alcuna.
725 470 915 513 Giouara
956 469 1093 511 anche
1134 469 1165 510 il
1206 468 1552 511 consentimento
1595 468 1663 510 del
1701 468 1884 520 Senato,
1927 483 2013 512 non

236 538 395 592 perche
436 537 501 579 sia
533 536 802 584 necessario,
845 549 916 577 ma
956 534 1117 589 perche
1157 548 1243 576 non
1283 533 1396 575 faeci
1436 548 1609 575 rumore
1651 534 1808 589 doppoi
1840 537 2012 577 contra-

236 603 416 645 dicendo
449 603 565 644 eto.2
628 601 797 651 Quanto
840 600 882 642 al
914 599 1172 642 transferire
1212 599 1257 641 la
1288 613 1389 641 casa
1432 598 1473 640 di
1505 599 1736 653 probation
1768 599 1810 641 di
1843 599 2012 642 Vienna

237 671 262 711 a
293 669 460 722 Praga,
505 667 546 709 di
579 681 665 720 qua
706 680 760 708 ne
801 669 824 707 e
857 668 975 708 stato
1014 664 1166 707 scritto
1209 666 1234 706 a
1267 664 1322 707 N.
1356 664 1403 707 P.
1439 664 1652 706 Generale
1694 666 1720 706 a
1752 664 1936 707 Francia
1968 668 2012 708 et

236 734 497 788 aspettiamo
531 747 609 775 sua
641 730 896 773 risolutione
927 729 1087 784 perche
1122 731 1144 771 e
1176 729 1352 782 negotio
1386 728 1464 771 che
1497 729 1691 783 depende
1724 729 1793 771 del
1825 744 1901 772 suo
1933 744 2011 785 pa-

235 813 344 842 rere.
410 799 494 840 Fra
527 800 680 851 questo
713 810 857 838 mezzo
893 796 958 838 .V.
992 795 1042 837 R.
1078 809 1163 837 non
1204 794 1351 836 innoui
1384 809 1485 836 cosa
1519 795 1687 838 alcuna.
1750 795 1816 837 De
1848 797 2012 851 colleyio

235 865 438 920 prayensi
478 864 687 919 quaedam
731 867 876 905 monet.
940 860 996 904 N.
1031 860 1077 902 P.
1112 860 1321 902 Vicario3
1363 859 1419 901 ha
1451 859 1564 901 uisto
1607 860 1705 913 quel
1747 861 1825 902 che
1859 861 1924 904 .V.
1958 860 2011 904 R.

236 930 377 972 scriue
409 929 581 971 intorno
615 927 689 970 alli
722 926 920 979 Concilij,
965 926 1043 967 che
1076 925 1120 967 in
1152 925 1327 967 Colonia
1369 925 1398 966 li
1432 925 1569 967 nostri
1605 925 1841 979 disegnano
1875 929 2011 968 stam-

235 1009 341 1050 pare
374 993 605 1044 emendati,
642 996 686 1035 et
708 991 938 1046 ampliati4
970 994 1014 1033 et
1047 991 1140 1032 dice
1168 991 1246 1032 che
1268 992 1460 1033 trattara
1493 990 1535 1032 di
1558 993 1711 1043 questo
1745 1004 1824 1033 con
1858 991 2011 1034 alcune

236 1074 420 1115 persone
461 1059 658 1101 litterate
692 1060 736 1100 et
776 1056 1040 1111 intelligenti
1073 1056 1144 1109 qui
1177 1056 1220 1097 in
1253 1056 1413 1106 Roma,
1457 1058 1502 1098 et
1544 1056 1621 1098 0110
1654 1070 1740 1098 11011
1776 1057 2011 1099 manchera

236 1125 278 1167 di
311 1126 389 1167 dar
422 1125 446 1166 l'
472 1125 594 1166 auiso
628 1126 671 1166 et
704 1122 912 1176 consiglio
946 1122 1023 1164 0116
1057 1122 1111 1164 da
1148 1121 1207 1163 lui
1240 1121 1274 1163 si
1308 1122 1485 1164 ricerca.
1551 1121 1731 1164 Stefano
1763 1121 1934 1163 Liberio
1967 1124 2012 1164 et

237 1190 543 1244 Sigismundo5
574 1203 659 1231 non
692 1202 797 1230 sono
831 1187 1022 1229 anchora
1055 1187 1251 1230 arriuati.
1314 1186 1414 1228 Non
1445 1186 1503 1227 mi
1536 1189 1655 1228 resta
1687 1187 1801 1229 altro
1834 1186 1912 1228 che
1946 1186 2012 1228 dir

235 1256 280 1298 in
321 1258 497 1309 questa,
541 1268 587 1296 se
627 1268 713 1295 non
752 1253 829 1295 che
870 1252 974 1295 tutti
1017 1252 1054 1294 01
1096 1252 1469 1294 raccomendiamo
1511 1254 1593 1294 etc.
1658 1251 1699 1293 di
1731 1251 1870 1294 Roma
1911 1266 1937 1294 a
1969 1252 2011 1293 di

238 1323 320 1364 .11.
357 1321 394 1362 d’
420 1321 591 1363 ottobre
628 1321 753 1361 1561.

356 1411 466 1447 Nota:
495 1411 660 1446 Canisius
687 1411 874 1455 rescripsit
901 1410 956 1445 26.
986 1410 1153 1444 Octobris
1182 1410 1282 1444 1561.

236 1582 399 1616 studeret
426 1591 659 1621 consensum,
692 1579 769 1613 sine
796 1590 864 1623 quo
891 1578 980 1612 nihil
1006 1578 1211 1612 efficeretur
1226 1578 1246 1611 ¹.
1298 1577 1371 1612 Nos
1397 1579 1517 1611 autem
1545 1588 1753 1618 censemus,
1779 1577 1821 1612 R.
1840 1576 1884 1612 V.
1911 1589 2010 1623 prae-

236 1636 352 1681 posito
378 1634 429 1668 illi
453 1646 555 1680 opem
574 1633 668 1667 ferre
695 1635 813 1677 atque,
841 1635 1015 1676 quantum
1042 1644 1087 1666 ex
1113 1631 1192 1677 ipsa
1219 1634 1284 1673 est,
1311 1631 1501 1665 consensui
1527 1630 1588 1665 isti
1613 1631 1838 1675 impetrando
1865 1643 2010 1677 operam

236 1689 320 1723 dare
348 1688 496 1728 debere;
531 1687 598 1721 1100
626 1687 719 1720 enim
755 1687 947 1731 impetrato
982 1685 1081 1719 nulla
1108 1685 1249 1719 omnino
1285 1684 1321 1718 in
1347 1685 1418 1719 ista
1449 1696 1487 1718 re
1514 1684 1583 1718 erit
1608 1684 1816 1719 difficultas.
1866 1685 2011 1720 Iuvabit

237 1742 344 1776 etiam
373 1742 531 1777 efficere.
560 1744 600 1774 ut
625 1743 773 1774 senatus
800 1751 1013 1774 consensum
1041 1739 1231 1784 praebeat,
1258 1750 1327 1772 non
1355 1738 1448 1782 qnod
1475 1738 1506 1772 is
1532 1738 1758 1772 necessarius
1783 1738 1851 1779 sit,
1878 1739 1940 1772 sed
1966 1750 2010 1773 ne

235 1797 422 1830 senatores
458 1797 582 1840 postea
609 1793 893 1834 tumultuentur,
933 1792 1208 1827 contradicendo
1245 1792 1339 1826 etos-².
1391 1790 1490 1832 Quod
1526 1791 1570 1825 ad
1609 1791 1751 1825 domum
1790 1791 2011 1836 probationis

235 1849 450 1883 Vindobona
472 1848 629 1891 Pragam
656 1846 945 1882 transferendam
972 1846 1113 1888 attinet,
1139 1845 1222 1880 hinc
1250 1846 1284 1879 in
1304 1845 1460 1880 Galliam
1486 1844 1530 1879 ad
1558 1847 1696 1890 patrem
1722 1846 1884 1879 nostrum
1910 1856 2010 1890 prae-

236 1902 392 1948 positum
419 1901 627 1945 generalem
654 1912 695 1934 ea
722 1901 764 1934 de
801 1913 838 1934 re
864 1900 1076 1945 scripsimus
1104 1901 1160 1940 et,
1196 1899 1281 1943 quid
1309 1899 1385 1944 ipse
1412 1898 1629 1939 constituat,
1665 1899 1939 1943 exspectamus3
1975 1898 2010 1932 id

237 1956 329 1990 enini
356 1955 493 1999 negotii
529 1967 573 1989 ex
600 1954 713 1999 ipsius
748 1953 880 1988 iudicio
906 1954 1057 1998 pendet;
1093 1964 1185 1987 neve
1220 1953 1363 1986 interim
1390 1951 1431 1986 R.
1450 1951 1494 1986 V.
1522 1951 1713 1996 quicquam
1750 1951 1833 1985 novi
1859 1953 2011 1986 statuat.

239 2011 292 2044 De
319 2010 460 2053 collessio
490 2010 664 2053 pragensi
689 2009 861 2052 quaedam
897 2012 1021 2041 monet.
1071 2006 1182 2041 Pater
1208 2009 1331 2040 noster
1357 2005 1541 2040 vicarius³
1576 2005 1682 2049 legit,
1718 2016 1810 2049 quae
1836 2004 1877 2039 R.
1897 2005 1940 2040 V.
1967 2005 2011 2039 de

236 2062 397 2097 conciliis
433 2062 598 2107 scripsit,
638 2073 730 2106 quae
766 2061 933 2095 Coloniae
969 2060 1084 2095 nostri
1121 2059 1309 2094 emendata
1348 2062 1383 2093 et
1418 2058 1638 2104 amplificata
1672 2059 1771 2103 typis
1806 2059 2010 2093 exscribere

235 2116 481 2160 cogitarent⁴;
509 2118 617 2159 atque
644 2115 721 2160 ipse
739 2114 841 2155 dixit,
868 2126 907 2149 se
926 2126 967 2149 ea
987 2114 1029 2148 de
1055 2126 1093 2147 re
1119 2113 1177 2147 hic
1195 2112 1330 2148 Romae
1356 2124 1435 2147 cum
1455 2112 1658 2147 hominibus
1683 2112 1822 2156 aliquot
1838 2111 2011 2146 litteratis

236 2172 273 2204 et
298 2169 594 2212 intellegentibus
620 2171 783 2203 acturum
812 2180 891 2202 esse
918 2170 955 2202 et
980 2167 1077 2201 cordi
1103 2167 1172 2201 sibi
1198 2167 1295 2205 fore,
1322 2168 1372 2208 ut,
1399 2168 1505 2212 prout
1531 2166 1726 2211 petissetiS,
1753 2177 1818 2200 vos
1845 2165 2011 2200 edoceret

235 2224 409 2267 vobisque
428 2222 576 2258 consilia
595 2222 706 2256 daret.
747 2221 952 2266 Stephanus
972 2220 1134 2255 Liberius
1153 2222 1189 2254 et
1208 2219 1460 2264 Sigismundus
1473 2220 1485 2239 ⁵
1511 2219 1667 2253 nondum
1685 2219 1756 2253 huc
1774 2219 2009 2253 advenerunt.

235 2277 362 2321 Neque
381 2276 488 2314 aliud.
508 2276 601 2320 quod
620 2276 656 2309 in
675 2275 730 2309 his
748 2275 882 2309 litteris
900 2274 1066 2314 scribam,
1086 2276 1260 2319 superest,
1279 2273 1348 2307 nisi
1366 2285 1432 2308 nos
1449 2284 1572 2307 omnes
1590 2284 1655 2307 nos
1674 2272 1922 2307 commendare
1940 2274 2009 2307 etc.

236 2329 350 2364 Roma
379 2330 433 2364 ll.
461 2329 629 2364 Octobris
658 2329 758 2363 1561.

360 2486 369 2505 ¹
397 2485 657 2519 Monasterium
684 2483 750 2518 hoc
786 2483 948 2518 canonici
987 2483 1161 2518 ecclesiae
1189 2482 1407 2517 cathedralis
1442 2484 1667 2525 augustanae
1695 2481 1793 2527 (cum
1819 2481 2009 2517 Walthero

235 2538 418 2584 episcopo)
447 2550 478 2572 a.
509 2538 598 2572 1135
626 2537 869 2572 fundaverant
895 2539 931 2571 et
957 2536 1138 2571 canonicis
1164 2536 1391 2580 regularibus
1417 2535 1552 2570 ordinis
1580 2534 1613 2570 S.
1633 2535 1828 2579 Augustini
1854 2535 2009 2570 tradide-

236 2594 328 2633 rant,
361 2595 421 2634 „vt
446 2591 638 2636 quidquid“
674 2591 740 2634 (ita
766 2591 802 2624 in
829 2590 1024 2635 diplomate
1050 2589 1272 2624 fundationis
1299 2589 1444 2633 dicitur)
1478 2589 1541 2631 ⁷,ab
1576 2589 1666 2634 ipsis
1691 2589 1727 2623 in
1762 2589 1818 2623 dei
1843 2588 2010 2623 laudibus

238 2645 357 2680 minus
384 2647 447 2679 aut
472 2644 718 2688 negligentius
743 2644 866 2685 fieret,
903 2655 1010 2687 quam
1037 2643 1201 2684 deberet,
1237 2642 1304 2677 hoc
1329 2642 1480 2677 istorum
1515 2642 1584 2688 piis
1610 2642 1740 2677 studiis
1765 2644 1802 2676 et
1827 2642 2009 2676 laboribus

237 2698 498 2743 quodammodo
524 2697 772 2743 suppleretur“
807 2697 972 2741 (Βναιιη,
999 2696 1168 2731 Bischofe
1194 2696 1237 2738 ΙΙ,
1265 2696 1378 2739 89ὓῦ).
1428 2695 1628 2730 Cardinalis
1654 2698 1775 2730 autem
1802 2695 1887 2730 Otto
1914 2695 2008 2740 capi-

236 2751 312 2786 tulo
339 2763 404 2786 suo
430 2750 630 2785 cathedrali
656 2750 880 2785 sollemniter
904 2750 1138 2795 promiserat,
1174 2761 1213 2784 se
1239 2749 1431 2791 ecclesias,
1469 2748 1642 2783 beneficia
1668 2748 1914 2783 ecclesiastica
1939 2750 2008 2782 etc.

236 2805 313 2839 sine
348 2804 498 2850 capituli
536 2815 713 2839 consensu
748 2804 786 2837 in
819 2803 909 2838 alios
944 2815 1014 2838 non
1049 2802 1312 2837 translaturum
1346 2804 1414 2837 etc.
1444 2802 1590 2846 (Brazm
1614 2802 1637 2836 1.
1665 2813 1694 2836 0.
1721 2802 1792 2843 ΙΙΙ,
1820 2801 1898 2836 367.
1928 2801 2008 2837 155.

357 2911 370 2931 ²
395 2912 637 2945 Ribadeneira
665 2910 719 2945 18.
739 2909 905 2944 Octobris
934 2910 1021 2944 1561
1045 2908 1186 2944 Canisio
1213 2908 1401 2954 *scripsit,
1432 2920 1515 2954 „per
1541 2907 1602 2953 piu
1627 2908 1784 2942 fermeza
1810 2910 1847 2942 et
1872 2919 2006 2942 amore-

235 2963 379 2998 uoleza“
408 2963 505 2998 hunc
531 2975 744 2998 consensum
771 2963 897 2997 utilem
923 2963 1011 2997 fore.

358 3017 371 3037 ³
396 3017 604 3062 Alphonsus
630 3016 824 3051 Salmerou.
972 3018 983 3036 ⁴
1011 3015 1064 3050 Cf.
1092 3026 1201 3060 supra
1226 3027 1260 3061 p.
1288 3014 1487 3049 231—232.

359 3071 373 3090 ⁵
398 3070 636 3104 Dominatius.
