2093 3444
249 188 332 230 776
730 187 885 220 Monum.
917 187 1121 231 (litteraria)
1152 187 1230 222 389.
1261 188 1379 231 (Anno
1408 190 1526 234 1561.)

246 313 351 345 opus,
387 312 430 334 ne
458 304 554 335 esset
580 302 764 336 difficilius
791 303 1079 337 adolescentibus
1107 303 1349 337 Christianam
1377 304 1573 339 doctrinam
1604 308 1774 341 mandare
1808 309 2010 351 memoriae,

244 354 426 397 aliquanto
453 355 578 389 deinde
604 355 888 400 compendiosius
914 368 984 390 non
1019 356 1133 390 solum
1166 357 1201 390 in
1228 357 1394 398 Austria‚
1430 359 1667 393 uerumetiam
1704 362 1737 394 in
1773 361 1854 406 alijs
1889 363 2011 405 regnis

244 408 299 441 est
334 418 556 450 expressum.
585 436 591 442 .
620 436 627 443 .
675 409 750 442 Iam
786 410 965 453 postremo
1001 410 1045 443 ab
1081 411 1205 443 autore
1241 421 1305 443 suo
1342 410 1549 445 Reuerendo
1586 412 1693 447 Patre
1729 414 1835 448 Petro
1868 414 2010 450 Canisio

244 460 277 493 S.
305 459 521 504 Theologiae
547 461 588 495 D.
617 464 653 495 et
679 461 869 496 Societatis
894 461 1022 503 IESV,
1051 475 1112 507 per
1139 462 1386 504 Germaniam,
1428 466 1463 497 et
1489 464 1670 500 Boemiam
1696 468 1899 512 praeposito
1928 468 2010 502 Pro—

242 513 387 547 uinciali
414 515 654 557 recognitum,
691 515 918 556 concinnius,
957 518 992 549 et
1020 516 1123 560 paulo
1150 517 1220 550 iam
1247 516 1389 550 auctius
1424 528 1465 551 ac
1500 519 1598 562 prius
1632 520 1723 553 idem
1753 519 2010 565 Compendium

242 566 354 611 Typis
381 578 555 602 excusum
582 570 646 602 est.
700 568 777 610 Qua
803 568 845 602 de
872 580 981 603 causa
1007 581 1077 603 non
1104 569 1392 604 existimauimus
1418 571 1547 615 potiori
1574 573 1760 616 cuiquam“
1790 573 1876 607 illud
1916 575 2010 609 dedi-

241 620 394 653 candum
421 632 520 661 esse,
560 633 685 665 „quam
713 622 776 655 tibi
803 623 952 666 patrono
978 623 1135 656 omnium
1161 623 1404 657 studiosorum
1431 624 1625 667 singulari,
1660 628 1737 659 tum
1772 627 1864 670 quod
1900 629 1939 661 tu
1976 631 2010 662 et

241 672 397 707 Illustris
425 685 466 708 ac
494 673 697 709 Generosus
724 686 854 719 parens
880 677 964 709 tuus
991 675 1165 719 singulari
1193 676 1442 710 beneuolentia
1467 677 1656 712 Doctorem
1686 678 1867 713 Canisium
1893 681 2009 714 uirum

241 737 382 760 summa
408 727 609 769 doctrinae,
636 728 733 762 uitae
759 729 980 769 innocentia,
1009 740 1051 762 ac
1076 728 1285 772 integritate
1312 730 1562 774 conspicuum,
1589 731 1669 765 fidei
1696 735 2010 777 propugnatorem.

243 778 527 824 Germaniaeque
563 781 865 816 studiosissimum
902 782 1176 826 prosequimini,
1213 783 1361 827 ipseque
1396 783 1555 817 uicissim
1591 796 1657 818 uos
1682 788 1807 819 mutua
1833 786 2010 821 charitate

241 833 502 877 complectitur.
552 834 643 868 Tum
669 835 762 878 quod
789 835 824 868 in
851 837 887 868 te
913 847 1013 880 spem
1040 835 1178 880 patriae
1204 837 1246 869 ob
1273 836 1439 879 ingentes
1465 836 1649 878 fortunae,
1686 839 1865 883 animique
1900 839 2009 881 dotes,

241 886 297 920 uel
325 887 443 930 quiuis
470 887 574 921 facile
600 890 790 931 agnoscat,
820 888 992 933 positam,
1030 889 1292 933 plurimumque
1318 892 1354 923 te
1381 890 1424 923 ab
1450 890 1594 924 ineunte
1621 892 1738 925 aetate
1765 892 1908 937 optimis
1934 894 2009 937 qui-

239 939 378 984 busque
404 943 501 974 recte
527 941 667 975 institui
694 941 889 976 retulerit.“
928 942 1073 984 Deinde,
1101 945 1274 986 quantum
1300 954 1408 987 super
1434 943 1621 986 gentilium
1646 944 1907 990 philosophiam
1926 946 2008 980 fidei

240 993 458 1028 christianae
485 994 648 1029 doctrina
675 995 870 1036 immineat,
898 995 1173 1037 demonstratur,
1202 998 1237 1029 et
1263 997 1415 1030 Ioannes
1441 997 1652 1031 adulescens
1679 998 1911 1033 vehementer
1936 1011 2008 1034 mo-

240 1049 363 1088 netur,
400 1049 439 1081 ut
465 1048 613 1082 eandem
640 1049 773 1093 patris,
804 1048 958 1091 7,Christi
985 1049 1162 1083 athletae“
1193 1049 1309 1091 illius,
1342 1050 1506 1094 exemplo
1533 1052 1569 1084 et
1593 1051 1715 1085 verbis
1742 1054 1777 1085 et
1802 1052 1910 1086 factis
1937 1052 2007 1087 ala-

241 1100 347 1134 criter
374 1100 594 1145 profiteatur.
639 1101 775 1143 Quibus
802 1102 922 1136 verbis
948 1102 1015 1136 hoc
1042 1103 1212 1136 adnotare
1240 1103 1391 1137 iuverit:
1421 1102 1547 1138 Comes
1573 1104 1616 1138 de
1643 1103 1753 1145 Luna,
1781 1105 1936 1150 Philippi
1964 1106 2008 1140 Il.

239 1154 334 1198 apud
371 1154 634 1188 Ferdinandum
673 1155 699 1189 Ι.
738 1157 875 1195 orator,
923 1156 990 1189 sub
1029 1156 1094 1189 hoc
1132 1159 1275 1201 tempus
1313 1157 1390 1200 regi
1428 1157 1586 1199 rettulit,
1635 1157 1889 1192 Trautsonium
1926 1159 2007 1204 plus

239 1218 346 1250 quam
372 1207 530 1251 reliquos
557 1208 781 1242 consiliarios
807 1220 930 1242 omnes
957 1209 1049 1253 apud
1077 1221 1259 1243 caesarem
1285 1210 1408 1244 valere
1438 1210 1680 1254 (Fuensanta,
1717 1211 1904 1245 Coleccion
1940 1214 2007 1246 etc.

241 1260 402 1301 XCVIII,
430 1261 527 1304 310).

357 1314 513 1348 Dubium
548 1326 626 1349 esse
663 1315 725 1348 vix
761 1317 899 1360 potest,
935 1315 1019 1359 quin
1048 1315 1238 1359 collegium
1271 1316 1556 1357 vindobonense,
1593 1317 1687 1351 sicut
1721 1329 1751 1351 a.
1782 1318 1871 1352 1559
1900 1318 2006 1362 (Ccm.

238 1366 327 1412 Epp.
354 1367 406 1409 II,
434 1367 538 1411 892),
573 1368 624 1402 ita
659 1380 690 1402 a.
720 1369 806 1402 1561
841 1368 935 1402 hunc
971 1369 1228 1403 catechismum
1264 1369 1299 1403 in
1326 1370 1402 1404 suis
1429 1370 1575 1404 aedibus
1602 1382 1739 1415 suaque
1765 1371 2007 1416 typographia

238 1420 444 1461 excuderit;
471 1421 516 1455 cf.
543 1432 652 1466 supra
679 1434 711 1466 p.
740 1422 796 1455 26.

357 1474 501 1508 Librum
537 1475 611 1508 vidi
647 1475 681 1508 in
717 1475 933 1509 bibliotheca
969 1476 1178 1510 monasterii
1214 1476 1297 1510 Sion
1327 1476 1535 1519 (Strahov),
1576 1477 1709 1511 ordinis
1743 1479 2005 1522 praemonstra-

236 1527 361 1569 tensis,
388 1539 498 1572 prope
524 1527 679 1571 Pragam
708 1528 777 1569 siti,
806 1528 927 1563 BBX.
956 1529 1012 1563 53.

356 1581 557 1615 EdItionem
584 1584 781 1626 posuerunt
808 1583 1061 1626 Sonmnerroyel
1087 1581 1109 1616 l.
1138 1594 1166 1617 c.
1194 1583 1246 1622 H,
1274 1583 1342 1617 635
1370 1585 1405 1617 et
1430 1585 1555 1628 alitor,
1581 1583 1839 1618 Katechismen
1864 1596 1897 1629 p.
1927 1584 2003 1618 123.

359 1678 396 1719 2.
432 1677 477 1720 P.
511 1678 766 1719 Leonamnis
799 1679 945 1721 Kessel
979 1679 1018 1721 S.
1053 1679 1107 1729 J..
1141 1681 1286 1720 rector
1318 1678 1489 1732 collegii
1521 1679 1790 1729 coloniensis,
1830 1679 2004 1722 Colonia

238 1742 305 1783 29.
340 1741 437 1783 Iulii
472 1744 580 1784 1561
625 1743 897 1796 Moguntiam
939 1744 994 1785 ad
1034 1743 1080 1786 P.
1115 1743 1320 1786 Ioannem
1362 1744 1566 1786 Rethium
1608 1744 1801 1798 scripsit:
1854 1745 2004 1793 „Cate-

237 1806 422 1849 chismus
456 1823 494 1861 p.
530 1807 688 1850 Canisii
730 1808 815 1850 iam
856 1808 1117 1863 imprimitur
1159 1809 1297 1851 denuo
1340 1824 1365 1851 a
1397 1810 1597 1852 Materno
1640 1824 1665 1851 a
1698 1809 1867 1852 Canisio
1909 1824 2003 1852 cor-

234 1874 392 1915 rectus.
462 1872 598 1922 Quam
639 1873 822 1927 primum
865 1888 1074 1915 excussus
1117 1872 1215 1928 [sic]
1259 1874 1412 1925 fuerit,
1454 1875 1678 1917 mittemus
1719 1874 1797 1916 tibi
1838 1875 2004 1928 aliquot

236 1937 503 1991 exemplaria
544 1942 589 1981 et
629 1953 760 1980 unum
802 1939 911 1980 bene
953 1939 1137 1993 ligatum
1179 1953 1256 1993 pro
1298 1940 1659 1981 reverendissimo
1700 1940 2001 1993 Moguntino1.

234 2002 325 2044 Iam
358 2003 496 2045 maior
528 2004 816 2046 catechismus
849 2004 980 2047 etiam
1014 2019 1039 2046 a
1072 2019 1111 2058 p.
1137 2004 1306 2046 Canisio
1341 2005 1585 2058 corrigitur,
1620 2007 1669 2047 ut
1699 2005 1997 2059 imprimatur“

235 2067 432 2120 (Hanseoz
464 2069 491 2111 l.
526 2083 560 2112 0.
595 2084 635 2123 p.
670 2069 807 2122 4115).
852 2069 1199 2124 Descriptionem
1231 2070 1411 2112 minoris
1443 2070 1557 2112 illius
1591 2070 1843 2112 catechismi
1875 2085 2000 2125 pono,

235 2147 260 2175 a
302 2134 541 2176 reverendo
585 2135 631 2177 P.
678 2135 864 2177 Heme'co
913 2136 1061 2177 Cherot
1105 2135 1146 2178 S.
1191 2135 1232 2179 J.
1287 2135 1391 2177 mihi
1445 2135 1643 2177 missam:
1705 2135 1960 2186 „PARVVS
1997 2134 1999 2191 ζ

235 2198 536 2241 GATECHIS-
554 2197 556 2254 l
574 2200 690 2242 MVS
710 2200 1176 2251 CATHOLICORVM,
1196 2198 1198 2255 1
1216 2200 1378 2242 NVNC
1402 2200 1635 2242 PRIMVM
1658 2200 2002 2243 INTEGRITA-

237 2299 239 2302 ,
275 2263 306 2306 ti
342 2279 430 2306 suae
462 2265 714 2316 restitutus,
759 2268 803 2307 et
835 2265 982 2318 singu·
1019 2264 1020 2320 ᾗ
1056 2265 1136 2307 lari
1179 2266 1447 2309 authoritate
1480 2266 1574 2308 Sac,
1612 2264 1614 2319 l
1650 2266 1754 2308 Oaes.
1789 2266 1958 2309 Maiest.
1997 2264 1998 2321 l

234 2328 387 2372 editus.
437 2328 440 2383 Ῑ
487 2330 801 2373 CONSILIVM
845 2331 918 2372 ET
962 2330 1155 2373 DIPLO-
1203 2328 1205 2386 1
1253 2345 1324 2373 ma
1365 2331 1470 2373 Caes.
1513 2330 1616 2374 Mai.
1661 2331 1773 2384 quod
1819 2331 2002 2374 accessit

233 2393 386 2435 minori
422 2392 424 2449 1
460 2395 580 2446 huic,
624 2399 668 2439 et
710 2409 836 2449 quem
877 2397 1005 2450 paulo
1047 2398 1147 2450 post
1189 2395 1398 2447 dabimus,
1436 2394 1438 2451 l
1474 2396 1626 2438 maiori
1669 2410 1836 2449 quoque
1875 2397 2000 2439 Cate-

234 2458 417 2510 chismo‚
462 2457 464 2514 J
500 2460 698 2513 sequenti
736 2475 837 2502 mox
875 2461 1036 2514 pagina
1072 2458 1073 2515 l
1111 2461 1372 2504 declaratur.
1411 2458 1413 2516 1
1450 2461 1673 2509 Coloniae.
1748 2461 1876 2515 Apud
1907 2462 2001 2504 Ma-

232 2527 403 2566 ternum
427 2524 651 2567 Cholinum
676 2523 679 2580 1
705 2526 761 2568 Μ.
786 2526 837 2568 D.
861 2526 997 2568 LXI.“
1037 2526 1089 2568 80
1110 2526 1234 2575 min.;
1270 2528 1324 2568 90
1347 2540 1417 2580 pp.
1448 2526 1638 2567 numeris
1670 2540 1755 2568 non
1787 2526 1998 2579 signatae.

233 2588 426 2631 Titulum
458 2590 655 2643 sequitur
686 2591 901 2645 praefatio
935 2591 1140 2644 (‚,Petrvs
1173 2591 1299 2633 Cani·
1336 2590 1337 2644 l
1373 2591 1462 2633 sivs
1494 2591 1723 2644 theologus
1756 2591 1999 2634 Christiano

233 2654 405 2697 Lectori
446 2655 487 2698 S.
530 2655 580 2698 D.
620 2656 666 2698 P.
731 2656 949 2710 Exiguum
991 2659 1059 2698 est
1100 2670 1207 2711 opus
1248 2656 1329 2698 hoc
1362 2691 1370 2700 .
1408 2692 1416 2699 .
1451 2691 1459 2699 .
1500 2656 1557 2700 M.
1591 2657 1643 2698 D.
1676 2656 1786 2700 LXI.
1849 2657 1999 2698 Mense

233 2719 408 2773 Maio“)‚
452 2719 604 2762 deinde
652 2720 876 2775 „Diploma
908 2721 1027 2764 Caes.
1066 2721 1313 2764 Maiestatis
1357 2756 1364 2764 .
1408 2721 1475 2763 die
1517 2721 1682 2763 decima
1722 2721 1881 2763 mensis
1914 2722 1999 2763 De-

234 2785 441 2826 cembris“
483 2786 595 2827 1560
628 2786 790 2829 datum.

356 2882 559 2927 „Diploma“
590 2883 688 2924 illud,
716 2883 925 2917 Vindobona
954 2884 1006 2918 10.
1034 2883 1243 2919 Decembris
1271 2884 1361 2919 1560
1389 2884 1521 2926 datum,
1549 2896 1617 2928 quo
1643 2884 1889 2918 Ferdinandus
1907 2884 1932 2917 I.
1960 2895 1998 2918 se

239 2936 467 2976 „catechismi
492 2936 656 2970 maioris“
689 2936 887 2980 (Summae)
916 2948 936 2971 a
964 2937 1106 2972 Canisio
1132 2949 1196 2972 suo
1222 2938 1322 2972 iussu
1349 2937 1543 2982 conscripti
1569 2940 1605 2971 et
1631 2937 1674 2972 ab
1701 2937 1824 2971 eodem
1865 2937 1998 2979 „denuo

233 2989 424 3031 recogniti“
456 2992 564 3033 atque
591 2989 698 3023 etiarn
729 2989 956 3032 „catechismi
984 2990 1150 3024 minoris“
1181 2991 1259 3025 sive
1289 2990 1541 3035 „cclnpendii“,
1576 2990 1612 3024 in
1646 2990 1740 3035 quod
1765 2989 1878 3024 maior
1903 2992 1998 3024 cate·

235 3040 392 3076 chismus
418 3042 519 3076 iussu
545 3054 609 3076 suo
639 3043 845 3085 „redactus“
877 3045 985 3085 esset,
1011 3043 1202 3078 editionem
1221 3044 1384 3078 Materno
1405 3043 1553 3078 Cholino
1583 3043 1857 3086 „demandasse“
1890 3042 1998 3077 edicit

358 3164 367 3183 ¹
393 3163 540 3197 Daniele
568 3164 732 3198 Brendel.
