2093 3444
238 180 318 214 599.
356 177 522 212 Canisius
548 178 655 223 Alph.
683 178 892 213 Salmeroni.
936 179 1031 223 Aug.
1057 179 1163 213 Vind.
1192 180 1247 213 25.
1277 179 1498 224 Septembris
1528 181 1629 216 1561.
1737 185 1819 225 231

46 296 295 352 germanico
329 296 443 338 oltra
474 295 503 336 il
537 309 730 348 gouerno
765 296 879 338 della
905 296 1128 351 prouincia
1161 296 1204 338 di
1227 297 1425 339 Toscana
1459 301 1501 340 et
1534 299 1577 340 la
1608 301 1824 354 patientia

39 363 158 406 delle
190 361 274 403 mie
307 360 526 410 infirmita,
562 360 652 410 Que
685 361 826 403 scriuo
861 376 886 403 a
918 362 970 404 V.
999 361 1264 404 Reuerentia
1297 362 1415 404 accio
1448 363 1626 406 intenda
1659 370 1821 419 quanto

44 427 225 481 bisogno
259 427 313 469 ho
347 426 458 468 delle
491 440 567 467 sue
601 426 787 468 orationi
822 462 829 469 .
864 427 1025 480 lequali
1047 427 1260 469 domando
1294 442 1371 482 per
1401 428 1637 471 elemosina
1670 434 1714 473 et
1745 446 1823 486 per

45 492 248 547 giusticia
278 491 437 547 perche
469 491 510 533 io
544 491 911 534 ordinariamente
944 507 1029 534 non
1061 493 1244 534 mancho
1278 494 1390 535 nelle
1425 494 1508 536 mie
1541 495 1747 539 faccende
1781 497 1823 540 di

44 558 114 601 far
145 558 186 600 lo
219 572 297 612 per
328 557 380 599 V.
415 556 681 599 Reuerentia
714 560 759 599 et
799 572 877 612 per
908 558 952 599 la
984 572 1063 599 sua
1101 558 1324 612 prouincia
1358 594 1366 602 .
1401 560 1482 602 Dio
1516 560 1569 603 N.
1606 562 1646 603 S.
1682 562 1719 604 ci
1753 562 1823 605 dia

45 623 190 677 gratia
223 623 264 664 di
296 622 497 664 intender
539 624 583 664 et
624 622 693 664 far
733 637 905 677 sempre
938 637 1017 665 sua
1049 623 1300 666 santissima
1341 625 1532 668 uolonta.
1596 626 1651 668 Di
1683 627 1822 670 Roma

44 689 75 731 11
108 690 177 732 25.
212 689 253 730 di
289 688 526 731 settembre
562 689 689 730 1561.

48 834 139 878 quod
157 833 233 875 tibi,
256 833 453 867 reverende
471 835 584 878 pater,
613 845 652 867 eo
672 833 819 867 consilio
838 833 966 875 scribo,
993 837 1043 873 ut,
1063 836 1283 879 quantopere
1302 835 1524 871 orationibus
1541 836 1614 871 tuis
1632 837 1824 881 indigeam,

46 887 256 931 intellegas;
294 898 384 932 quas
420 889 456 921 et
481 899 544 932 pro
572 886 723 921 caritate
758 889 795 921 et
820 899 883 932 pro
918 887 995 921 iure
1023 899 1100 922 meo
1126 891 1228 933 pem,
1266 889 1349 933 quia
1376 901 1441 933 ego
1474 890 1568 924 inter
1599 892 1653 924 tot
1678 893 1825 935 negotia

47 953 108 986 pro
142 941 349 976 reverentia
374 942 498 975 vestra
533 942 568 974 et
600 952 663 985 pro
698 940 812 985 ipsius
847 941 1033 986 provincia
1059 941 1173 976 Deum
1209 954 1311 976 orare
1346 943 1421 977 fere
1456 955 1651 988 numquam
1687 945 1823 980 omitto.

46 994 144 1029 Deus
181 997 217 1029 et
248 995 413 1029 dominus
447 996 569 1028 noster
604 994 759 1038 gratiam
796 995 897 1029 nobis
933 995 1012 1035 det,
1052 1006 1122 1038 qua
1158 995 1272 1040 ipsius
1306 997 1573 1032 sanctissimam
1599 999 1824 1034 voluntatem

46 1059 188 1094 semper
214 1050 249 1083 et
274 1048 529 1092 intellegamus
556 1050 592 1082 et
618 1060 870 1092 exsequamur.
922 1048 1035 1082 Roma
1061 1049 1116 1083 25.
1145 1048 1366 1093 Septembris
1395 1051 1497 1086 1561.

164 1129 275 1166 Nota:
311 1130 587 1165 Ribadeneiram
613 1130 703 1164 11300
738 1130 929 1176 scripsisse
957 1143 1002 1165 ex
1027 1131 1072 1165 iis
1098 1131 1341 1175 intellegitur,
1378 1144 1469 1176 quae
1495 1136 1620 1168 auctor
1647 1134 1824 1179 epistulae

44 1182 82 1217 in
107 1186 271 1218 extrema
297 1184 373 1218 eius
391 1186 494 1229 parte
513 1185 556 1218 de
582 1184 788 1229 provinciae
806 1186 932 1219 tuscae
951 1184 985 1219 S.
1005 1185 1036 1219 J.
1056 1185 1365 1220 administratione
1392 1186 1459 1221 sibi
1485 1187 1652 1232 imposita
1678 1189 1822 1230 scribit3

44 1237 90 1272 cf.
117 1249 227 1283 supra
252 1250 286 1283 p.
315 1238 410 1272 121¹.

166 1291 331 1326 Canisius
358 1291 556 1326 Sahneroni
582 1291 770 1337 rescripsit
798 1292 851 1326 12.
879 1291 1045 1327 Octobris
1074 1293 1163 1327 1561
1178 1306 1184 1333 ;
1211 1294 1400 1339 rescripsit
1426 1294 1534 1328 etiam
1562 1295 1696 1330 Canisii
1722 1296 1823 1331 iussu

45 1344 202 1380 Lanoius
230 1346 284 1380 11.
312 1345 479 1380 Octobris
507 1346 609 1380 1561.

870 1435 1002 1477 599.

497 1530 552 1576 P.
593 1529 946 1576 HURTADUS
985 1530 1187 1577 PEREZ
1228 1530 1275 1577 S.
1317 1531 1364 1578 J.

749 1629 921 1671 nomine
955 1629 1114 1671 Canisii

494 1722 894 1766 ALPHONSO
930 1723 1375 1777 SALMERONI,

602 1804 738 1839 vicario
765 1804 928 1848 generali
955 1805 1148 1840 Societatis
1174 1806 1268 1840 lesu.

473 1890 643 1939 Augusta
669 1890 943 1927 Vindelicorum
970 1891 1026 1928 25.
1055 1892 1280 1939 Septembris
1306 1892 1394 1929 1561.

163 1973 219 2008 Ex
245 1973 469 2019 autographo
499 1973 571 2019 (2ος
602 1975 617 2008 1
646 1986 700 2019 p.;
726 1974 762 2008 in
789 1986 822 2019 p.
849 1975 882 2009 4.
909 1974 1016 2009 inscr.
1045 1977 1082 2009 et
1106 1975 1308 2020 particulae
1333 1975 1431 2020 sig).
1484 1976 1567 2011 Cod.
1600 1977 1661 2019 „Gn
1680 1978 1745 2023 Ep.
1765 1979 1817 2013 Π“

43 2026 68 2061 f.
99 2027 199 2062 117⁸.
228 2028 327 2062 12012.

163 2105 259 2138 Peter
285 2116 329 2138 eac
353 2106 590 2139 Hussitarum
625 2106 810 2139 erroribus
845 2107 893 2140 ad
917 2108 1019 2149 fidem
1053 2108 1262 2141 catholicam
1296 2110 1385 2141 mire
1420 2119 1606 2143 conversus
1640 2115 1670 2143 et
1697 2110 1824 2144 Soc-ius

44 2158 191 2202 quidam
217 2160 255 2192 in
273 2159 420 2192 Italiam
445 2161 638 2193 mittuntur
664 2170 742 2192 cnm
767 2165 910 2194 senatus
935 2163 1130 2204 (mscfflcstani
1156 2165 1186 2194 et
1207 2161 1348 2195 Ccmisii
1373 2162 1510 2196 litteris.
1551 2164 1621 2196 Hic
1647 2164 1823 2207 discipulo

43 2213 186 2246 cuidam
212 2213 348 2255 colleffl'i
369 2214 569 2256 germanici
594 2214 709 2246 locum
734 2215 886 2257 quaerit.

844 2303 1017 2346 ι11105115.

431 2386 527 2428 Pax
559 2386 720 2429 Christi
751 2387 976 2430 nobiscum
1007 2387 1058 2431 R.
1092 2387 1136 2429 in
1170 2387 1340 2430 Christo
1375 2389 1434 2431 .P.

161 2469 310 2522 Hoggi
342 2483 421 2511 son
453 2469 604 2512 venuti
637 2484 723 2523 qua
755 2470 811 2512 da
832 2470 977 2524 Praga
1005 2470 1225 2524 Stephano
1248 2471 1418 2513 Liberio
1446 2471 1622 2514 fratello
1655 2475 1818 2525 nostro,

43 2535 88 2575 et
120 2533 396 2588 Sigismundo
419 2535 634 2589 Pingense
652 2537 680 2586 1,
713 2535 744 2577 il
776 2536 879 2589 qual
911 2536 1047 2578 anche
1080 2550 1165 2578 non
1198 2538 1220 2578 e
1252 2537 1446 2589 lontano,
1481 2551 1602 2580 come
1635 2552 1676 2582 v.
1709 2553 1744 2582 r.
1777 2539 1821 2581 13

41 2599 201 2652 meglio
241 2599 493 2652 intendem,
537 2601 604 2643 chi
637 2601 703 2643 sia
745 2604 898 2655 questo
940 2603 1068 2656 puto,
1112 2602 1284 2655 quando
1325 2602 1386 2644 lui
1428 2605 1473 2646 et
1503 2603 1562 2646 M.
1597 2603 1820 2658 Stephano

42 2667 301 2708 raccontara
340 2665 384 2707 13
424 2665 623 2708 mirabile
665 2681 744 2708 sua
786 2666 1092 2718 conuersione‚
1136 2667 1181 2709 la
1222 2668 1324 2721 qual
1364 2682 1411 2710 se
1453 2668 1536 2709 ben
1575 2668 1639 2710 sia
1678 2669 1820 2723 prima

42 2729 217 2781 scritta,
261 2729 405 2784 uoglio
439 2731 513 2784 qui
543 2731 825 2775 brenemente
856 2733 996 2775 trarla
1030 2768 1039 2775 .
1073 2733 1255 2775 essendo
1290 2732 1565 2786 Sigismundo
1598 2733 1732 2786 figliol
1766 2734 1819 2776 de

160 2873 274 2908 Iesus.
325 2873 405 2907 Pax
431 2872 567 2908 Christi
601 2874 787 2909 nobiscum
822 2875 864 2909 R.
900 2875 937 2909 in
970 2875 1112 2910 Christo
1138 2875 1178 2910 P.
1229 2875 1345 2910 Hodie
1380 2876 1501 2919 Praga
1535 2876 1606 2910 huc
1640 2879 1820 2911 venerunt

42 2924 247 2971 Stephanus
272 2925 437 2961 Liberius
472 2927 586 2961 frater
619 2929 742 2962 noster
776 2930 812 2963 et
843 2928 1097 2972 Sigismundus
1124 2929 1316 2973 Pingensis
1332 2930 1351 2971 ¹,
1388 2929 1448 2973 qui
1482 2941 1526 2963 ne
1561 2929 1639 2974 ipse
1674 2929 1819 2973 quidem

40 2978 149 3023 longe
175 2991 196 3014 a
219 2979 323 3014 nobis
349 2982 415 3014 est.
467 2979 535 3022 Qui
560 2992 649 3026 puer
675 2981 793 3026 qualis
818 2982 886 3024 sit,
922 2982 964 3016 R.
985 2982 1027 3017 V.
1054 2982 1137 3017 istic
1162 2982 1292 3016 melius
1318 2982 1525 3026 intelleget,
1562 2994 1643 3016 cum
1668 2983 1746 3028 ipse
1781 2987 1818 3018 et

41 3031 91 3068 M.
118 3032 324 3078 Stephanus
356 3033 556 3068 mirabilem
582 3034 698 3079 ipsius
723 3035 994 3070 conversionem
1019 3036 1238 3077 narrabunt3
1271 3036 1314 3069 de
1341 3047 1412 3080 qua
1436 3035 1523 3070 licet
1548 3038 1655 3070 antea
1681 3036 1726 3070 ad
1751 3048 1818 3072 vos

162 3169 174 3189 ¹
201 3167 453 3212 Sigismundus
478 3168 706 3205 Dominatius
732 3170 811 3205 sive
837 3171 880 3205 de
905 3170 1069 3212 Pisnicz;
1095 3170 1178 3205 vide
1204 3182 1313 3216 supra
1339 3183 1372 3216 p.
1402 3171 1480 3206 187.
