2093 3444
594 181 761 225 Augusta
787 180 1056 215 Vindelicorum
1083 181 1114 215 3.
1142 180 1229 215 Maii
1258 181 1360 215 1561.
1790 185 1872 226 129

91 299 232 342 Prayae
266 298 458 331 condenda.
511 298 638 331 Socim
667 300 868 341 praeposite?
898 299 1143 341 provincialis.
1197 299 1420 331 Procurator
1445 299 1596 332 Romam
1630 310 1699 332 ozon
1739 301 1874 333 missus.

91 352 190 386 Socii
224 352 272 384 ad
297 352 424 384 ultima
457 355 537 385 cota-
570 352 790 385 (tdmittmzdv'.
844 350 1052 395 „Vzsssz‘tateffl
1088 352 1327 394 colleqz'orum.
1384 352 1588 395 Cyprianus
1623 364 1666 385 ezr
1701 354 1877 386 codicibus

90 406 266 439 vaticanis
291 410 322 438 et
349 405 475 439 sirleti
499 405 751 439 emendandus.

981 487 987 503 V

970 503 998 540 Τ

336 570 431 612 Pax
463 569 622 611 Christi
659 569 882 612 nobiscum
916 570 1162 612 Admodum
1195 570 1451 612 Reuerende
1483 571 1627 614 Pater.

211 652 470 706 Priusquam
504 653 556 694 de
588 652 859 708 profectione
891 666 1002 703 mea,
1037 667 1167 706 quam
1190 652 1255 694 his
1285 652 1434 694 diebus
1468 654 1523 695 ad
1545 654 1878 698 Monachienses

91 721 137 762 et
177 718 558 771 Jngolstadienses
598 718 791 769 institui,
839 718 1002 771 aliquid
1044 718 1206 768 dicam,
1250 718 1521 772 respondebo
1564 720 1704 763 literis
1750 723 1791 762 5⁰
1833 724 1878 765 et

95 785 164 825 12⁰
195 782 359 838 Aprilis
392 784 447 826 ad
479 798 549 826 me
582 784 696 827 datis
714 785 742 825 1.
808 783 1114 826 Gratissimum
1146 783 1270 825 nobis
1310 784 1394 826 fuit
1424 784 1692 839 intelligere,
1735 787 1878 830 Reue-

90 849 273 891 rendum
304 849 352 893 P.
386 849 595 892 Natalem
635 849 680 891 in
712 849 927 904 Hispania
968 849 1107 891 nostri
1145 849 1416 900 meminisse,
1460 853 1504 893 et
1546 851 1598 893 de
1632 852 1878 895 adiuuanda

93 914 352 957 Germanica
373 929 516 958 messe
539 915 716 969 eiusque
749 915 960 968 augendis
993 915 1204 969 operarijs
1238 915 1433 968 cogitare
1448 917 1477 959 2.
1525 917 1621 970 Ego
1653 919 1794 971 magis
1827 933 1879 962 ac

90 980 232 1034 magis
265 981 488 1035 experior,
533 984 699 1034 quanta
731 981 775 1022 in
807 981 875 1022 his
907 981 1110 1034 Collegijs
1143 994 1229 1022 non
1261 995 1428 1032 rerum,
1473 982 1549 1023 sed
1591 997 1876 1037 personarum

90 1046 272 1100 penuria
303 1046 461 1100 ubique
493 1047 738 1096 laboretur,
773 1046 1039 1100 Jngolstadij
1079 1046 1340 1100 praesertim
1380 1050 1512 1100 atque
1544 1048 1728 1102 Pragae.
1763 1051 1877 1093 Jnde

90 1112 162 1163 fit,
207 1114 256 1154 ut
299 1112 439 1155 nostri
483 1112 556 1166 qui
597 1112 724 1154 modo
768 1113 951 1162 adsunt,
997 1111 1187 1166 impares
1230 1111 1322 1154 fere
1363 1113 1528 1155 uiribus
1573 1114 1661 1156 suis
1706 1115 1878 1158 labores

91 1177 320 1228 sustinere,
355 1180 400 1220 et
432 1178 616 1232 exiguos
647 1178 691 1220 in
725 1177 880 1232 studijs
912 1177 1001 1219 suis
1034 1177 1260 1231 profectus
1293 1178 1439 1220 facere
1473 1183 1700 1232 cogantur.
1755 1182 1877 1224 Adeo

91 1256 195 1296 egre
229 1243 473 1286 consistunt
503 1243 547 1285 in
580 1243 646 1285 his
679 1244 854 1285 scholae
887 1243 1122 1293 laboribus,
1157 1243 1378 1297 uarijsque
1410 1244 1539 1294 curis,
1574 1259 1681 1298 quas
1714 1250 1879 1300 augent

92 1307 224 1350 etiam
259 1309 412 1363 exterj.
478 1309 687 1351 Videmus
719 1309 826 1350 nihil
859 1308 1108 1351 defuturum
1143 1309 1198 1350 ad
1231 1309 1467 1352 multorum
1499 1310 1543 1351 in
1583 1310 1648 1352 his
1682 1313 1878 1366 collegijs

91 1374 479 1417 sustentationem:
527 1375 603 1416 sed
644 1375 750 1416 illud
793 1374 917 1427 angit
959 1373 1251 1428 potissimum,
1296 1375 1409 1428 quod
1452 1375 1505 1417 ob
1546 1376 1735 1430 inopiam
1778 1392 1878 1432 per-

92 1453 319 1489 sonarum,
366 1442 411 1482 et
454 1440 671 1483 rationem
714 1440 1055 1482 ministeriorum
1100 1453 1185 1481 non
1234 1440 1397 1495 optime
1441 1441 1581 1484 nostri
1624 1444 1877 1496 procedant,

93 1505 195 1558 quin
226 1506 425 1559 grauiter
447 1506 580 1549 etiam
611 1505 919 1560 impediantur,
952 1508 1045 1547 tum
1068 1505 1112 1547 in
1135 1505 1447 1560 spiritualibus,
1482 1510 1572 1550 tum
1597 1507 1638 1549 in
1670 1509 1879 1565 literarijs

92 1571 262 1625 studijs.
326 1572 490 1625 Jtaque
524 1585 661 1625 graue
702 1586 858 1613 munus
891 1571 1128 1613 Rectorum
1161 1573 1250 1622 est,
1294 1572 1407 1624 quod
1441 1572 1492 1615 R.
1527 1573 1575 1616 T.
1611 1574 1802 1629 consilijs
1835 1579 1880 1619 et

92 1637 293 1690 precibus
325 1637 560 1691 paulatim,
594 1640 643 1680 ut
675 1651 926 1692 speramus,
960 1636 1004 1678 in
1038 1636 1210 1678 domino
1243 1637 1539 1690 mitigabitur,
1584 1641 1629 1681 et
1661 1639 1705 1682 in
1737 1641 1878 1683 locum

93 1702 318 1744 meliorem
350 1703 603 1745 adducetur.

214 1768 373 1810 Scribit
414 1769 461 1812 P.
504 1769 733 1811 Hurtadus
775 1767 970 1810 rationes
1009 1767 1054 1809 in
1096 1769 1328 1821 utramque
1372 1771 1566 1822 partem,
1619 1773 1668 1812 ut
1713 1771 1877 1814 rectius

93 1833 314 1887 intelligat
336 1834 387 1876 R.
412 1834 460 1877 T.
485 1848 541 1876 an
573 1848 643 1876 me
666 1833 874 1888 expediat
895 1833 995 1875 hinc
1027 1833 1082 1875 ad
1114 1835 1288 1887 tempus
1321 1833 1476 1875 abesse
1514 1837 1695 1889 propter
1725 1836 1878 1880 uisita-

93 1898 259 1942 tionem
291 1899 574 1953 collegiorum
589 1901 617 1942 3.
683 1899 947 1941 Crediderim
990 1912 1071 1951 ego
1105 1913 1191 1940 non
1222 1899 1286 1941 ita
1323 1899 1507 1942 multum
1541 1900 1770 1954 Augustae
1803 1917 1878 1945 ne-

94 1965 286 2018 glectum
318 1964 393 2019 irj,
437 1968 482 2008 et
522 1965 712 2007 fortasse
745 1963 939 2007 absentis
981 1963 1195 2006 desiderio
1237 1964 1460 2006 nonnulli³
1493 1966 1630 2020 capti,
1673 1966 1878 2011 libentius

95 2030 274 2072 audient
313 2033 470 2085 postea
501 2033 809 2073 reuertentem.
875 2029 997 2079 Quod
1035 2029 1071 2071 si
1105 2030 1170 2072 .D.
1204 2030 1499 2072 Lambertus4
1539 2031 1622 2073 huc
1664 2046 1760 2074 cum
1792 2034 1878 2075 Re-

94 2096 406 2138 uerendissimo
438 2096 605 2150 Legato
646 2095 817 2138 ueniret
849 2095 968 2148 (nam
1000 2095 1195 2149 Legatus
1226 2095 1298 2137 ille
1331 2096 1504 2149 quidem
1537 2111 1584 2138 se
1616 2098 1739 2140 breui
1772 2113 1877 2141 uen-

93 2163 254 2213 turum,
289 2165 334 2204 et
365 2161 434 2204 hic
467 2161 538 2203 diu
570 2175 824 2203 mansurum
855 2160 1106 2215 promisit)5
1138 2160 1244 2202 nihil
1278 2161 1525 2213 dubitarim,
1559 2163 1662 2216 quin
1685 2165 1878 2207 absentis

94 2227 181 2269 mei
211 2227 354 2269 locum
385 2227 439 2270 D.
471 2227 585 2269 idem
618 2227 880 2269 Lambertus
918 2239 1077 2279 magno
1120 2240 1215 2268 oum
1249 2226 1395 2269 fructu
1438 2241 1518 2269 neo
1550 2229 1716 2270 minore
1749 2230 1877 2272 laude

95 2293 320 2347 suppleret
348 2292 578 2346 Augustae
611 2292 827 2335 domino
861 2292 1247 2346 cooperantess.
1295 2292 1422 2334 Fiat
1453 2295 1600 2335 autem
1633 2295 1878 2338 uoluntas

96 2358 342 2401 domini7.
406 2358 515 2399 Tum
557 2358 670 2401 sicut
702 2372 816 2400 anno
848 2357 1071 2412 superiore
1103 2357 1269 2399 factum
1312 2360 1401 2408 est,
1443 2360 1594 2412 posset
1625 2359 1677 2401 D.
1713 2360 1877 2402 Suffra-

96 2424 294 2477 ganeus8
325 2437 447 2466 meas
479 2423 598 2466 obire
629 2423 749 2465 uices
780 2423 824 2465 in
854 2422 1162 2474 concionando,
1196 2424 1369 2465 tantum
1391 2426 1611 2467 annuente
1634 2424 1875 2469 Cardinale.

96 2488 211 2531 Nam
244 2489 376 2531 alium
418 2503 474 2531 ex
505 2488 668 2532 nostris
710 2489 814 2531 dare
854 2487 1024 2531 interea
1056 2502 1143 2530 non
1183 2502 1312 2542 posse
1349 2487 1558 2532 uidemur.
1622 2489 1777 2533 Adfuit
1808 2491 1877 2534 hic

215 2630 229 2644 a
256 2625 428 2669 Sequitur
453 2623 594 2668 audien,
622 2624 665 2657 ab
693 2624 773 2657 Eld.
806 2625 882 2667 ipso
908 2624 1159 2658 oblitteratum.

220 2747 229 2766 ¹
256 2746 372 2780 Lainii
397 2746 541 2780 litterae
570 2746 623 2780 12.
650 2745 788 2791 Aprilis
817 2746 905 2781 1561
935 2746 980 2780 ad
1006 2745 1190 2781 Canisium
1227 2746 1332 2780 datae
1367 2757 1559 2790 superesse
1591 2758 1662 2780 non
1694 2746 1875 2782 videntur.

217 2800 230 2820 2
257 2799 310 2833 Cf.
338 2811 449 2844 supra
473 2811 508 2844 p.
535 2799 580 2834 82
608 2801 645 2834 et
670 2798 854 2844 Epistolas
880 2799 920 2833 P.
948 2800 1072 2833 Nadal
1097 2799 1123 2841 I,
1149 2799 1350 2834 491—492.

218 2854 232 2873 ³
257 2852 334 2887 Hoc
360 2852 516 2887 Hurtadi
542 2852 719 2897 scriptum
745 2852 815 2898 ipsi
841 2852 925 2887 huic
951 2852 1130 2897 epistulae
1156 2852 1406 2896 subiungetur.

217 2908 230 2926 ⁴
256 2906 296 2940 P.
312 2905 527 2940 Lambertus
540 2906 640 2940 Auer
653 2905 687 2940 S.
704 2906 727 2940 J
730 2933 749 2948 .,
768 2905 912 2940 Ioannis
926 2905 1110 2939 Francisci
1129 2905 1384 2940 Commendoni
1403 2904 1520 2939 nuntii
1538 2904 1726 2950 apostolici
1745 2917 1874 2942 comes.

218 2961 231 2980 ⁵
257 2959 545 2994 Commendonus
579 2959 616 2993 in
651 2971 692 2993 eo
726 2959 856 2993 itinere
882 2959 1090 3002 germanico
1119 2959 1387 3003 (1560—1562)
1416 2959 1620 3002 Augustam
1646 2970 1717 2993 non
1754 2959 1874 3001 venit;

99 3012 145 3046 cf.
170 3011 278 3054 infra,
302 3025 460 3047 monum.
487 3013 569 3047 240.

219 3066 233 3085 ‘³
258 3065 370 3101 Marc.
399 3067 454 3108 16,
481 3066 536 3101 20.
638 3066 651 3086 ⁷
676 3065 757 3100 Act.
785 3065 841 3107 21,
871 3065 925 3100 14.
968 3064 1098 3099 Matth.
1126 3065 1159 3107 6,
1187 3065 1243 3100 10.

219 3119 232 3139 Β
257 3119 414 3153 Michael
436 3119 655 3163 Dornvogel,
680 3118 841 3153 titularis
868 3118 1058 3163 episcopus
1083 3119 1345 3163 adramytanus
1374 3116 1669 3162 (adramittenus)
1683 3131 1691 3159 3
1718 3118 1763 3153 cf.
1788 3120 1875 3154 Can.

99 3171 189 3217 Epp.
216 3172 260 3214 ΙΙ,
287 3173 367 3207 632.
394 3172 474 3207 846.
502 3172 583 3208 859.
611 3172 692 3207 860.

170 3237 193 3261 Β
202 3244 217 3261 1·
225 3244 269 3262 au
278 3244 297 3261 n
305 3244 319 3262 s
327 3237 346 3262 b
355 3244 370 3262 e
378 3245 393 3261 r
402 3245 419 3269 g
427 3244 443 3262 e
451 3245 465 3262 r
473 3255 480 3267 ‚
499 3238 612 3263 Canisii
625 3237 785 3268 Epistulae
799 3238 829 3262 et
842 3237 927 3262 Aeta.
949 3237 1004 3262 III.
1575 3234 1594 3264 9
