2093 3444
357 173 436 209 518.
472 174 624 209 Ioannes
650 175 692 209 de
718 174 874 210 Polanco
902 175 1055 210 Canisio.
1098 175 1212 209 Roma
1238 175 1270 210 8.
1297 175 1482 210 Februarii
1511 176 1612 210 1561.
1813 180 1866 220 41

921 295 1041 337 518.

513 392 577 433 P.
610 392 930 435 IOANNES
963 393 1061 434 DE
1095 391 1454 445 POLANGO,

705 473 924 507 secretarius
951 472 1143 507 Societatis
1169 473 1262 514 Iesu,

444 554 616 596 nomine
648 554 794 597 Iacobi
826 555 979 607 Lainii,
1013 556 1249 611 praepositi
1283 556 1513 610 generalis

847 655 1122 704 CANISIO.

732 759 844 796 Roma
870 761 903 797 8.
930 760 1125 797 Februarii
1151 761 1236 798 1561.

217 841 273 876 Ex
308 842 516 887 apographo
552 842 712 876 eiusdem
746 843 939 888 temporis;
976 844 1011 877 in
1038 844 1219 887 margine:
1261 844 1447 888 „Augusta
1474 843 1732 878 Prouinciale“.
1785 844 1867 879 Cod.

103 894 243 938 „Germ
273 896 382 930 1559“
414 897 437 930 f.
465 895 707 930 29811—2992.

219 973 430 1007 Facultates.
470 974 652 1007 Bavariae
678 974 754 1007 dux
780 974 818 1007 P.
848 975 1121 1008 Sterordianum
1148 986 1169 1007 a
1197 975 1418 1008 contionibus
1442 975 1510 1008 sibi
1536 986 1605 1008 esse
1631 976 1735 1018 cupit.
1772 975 1869 1008 Socii

97 1028 204 1061 varii.
242 1027 455 1061 Carthus‘iae
481 1027 690 1061 coloniensis
712 1028 828 1070 prior.
870 1029 910 1061 Ρ.
937 1029 1038 1061 Aue)-
1067 1028 1323 1062 Commendono
1351 1030 1476 1062 nuntio
1502 1029 1703 1062 adiunctus.
1738 1029 1868 1062 Vindo-

98 1081 245 1114 bonense
270 1081 452 1124 eolleyium
478 1082 604 1124 quanti
629 1082 674 1114 sit
700 1082 876 1115 momenti.
933 1081 1078 1124 Colleffl'i
1101 1082 1298 1124 yermanici
1323 1083 1519 1125 anyustiae.

216 1168 445 1212 Riceuette
476 1171 626 1211 nostro
658 1169 800 1211 Padre
833 1170 975 1223 quelle
1009 1170 1060 1212 de
1093 1173 1243 1213 uostra
1276 1170 1540 1212 Reuerentia
1577 1170 1678 1212 delli
1711 1172 1762 1212 21
1799 1170 1868 1212 del

96 1237 275 1289 passato
289 1236 317 1277 1.
364 1234 407 1277 Si
438 1248 674 1288 procurera
705 1235 749 1276 la
780 1234 1027 1277 relaxation
1061 1235 1158 1277 dell'
1184 1234 1326 1288 obligo
1360 1235 1461 1276 delli
1494 1234 1668 1288 degiuni
1701 1237 1745 1277 et
1768 1235 1868 1276 delli

97 1299 193 1341 libri
225 1299 401 1354 proibiti
444 1300 608 1341 benehe
650 1300 777 1342 credo
820 1299 1051 1352 bisognera
1095 1300 1262 1342 lassare
1304 1302 1478 1342 entrare
1521 1300 1564 1341 la
1608 1300 1866 1353 quaresima.

97 1364 141 1407 Si
173 1365 209 1407 si
241 1368 370 1420 potra
392 1365 655 1419 persuadere
687 1364 717 1406 il
739 1365 864 1407 Duca
897 1365 938 1407 di
961 1365 1149 1407 Bauiera
1172 1365 1250 1407 0116
1272 1365 1380 1407 13501
1411 1365 1443 1406 11
1464 1368 1655 1407 maestro
1678 1365 1867 1408 Martino

95 1429 320 1485 predicare
352 1430 470 1472 nella
502 1430 646 1472 chiesa
679 1433 831 1473 nostra
863 1444 940 1484 per
972 1431 998 1472 1’
1024 1430 1168 1473 utilita
1201 1444 1395 1482 comune,
1428 1445 1533 1485 pare
1566 1430 1682 1472 saria
1712 1431 1822 1472 bene
1837 1432 1866 1473 2.

98 1496 152 1539 Se
184 1498 304 1538 tutta
335 1496 408 1538 uia
447 1496 489 1538 lo
522 1495 683 1538 uolessi
726 1510 805 1550 per
836 1495 1108 1550 predicatore
1150 1510 1227 1538 suo
1268 1496 1520 1538 finalmente
1561 1510 1646 1537 11011
1687 1510 1791 1550 pare
1832 1495 1869 1538 si

98 1561 239 1603 debba
270 1561 353 1603 far'
381 1561 622 1616 dispiacere
654 1563 680 1603 3
712 1561 810 1615 quel
842 1561 1054 1615 Principe.

216 1646 268 1687 R.
304 1645 349 1686 V.
386 1645 565 1686 arbitrio
595 1646 892 1700 permittimus,
926 1650 971 1686 ut
992 1645 1132 1686 Socios
1165 1645 1258 1686 illos
1289 1645 1631 1697 vindobonenses,
1665 1658 1766 1700 quos
1797 1644 1869 1686 In-

95 1710 300 1765 yolstadii
332 1711 391 1752 ad
419 1711 586 1765 qradus
619 1710 881 1752 academicos
907 1711 1147 1765 promoveri
1178 1711 1309 1766 eupit,
1356 1724 1400 1752 eo
1433 1712 1574 1752 venire
1605 1710 1775 1761 iubeat,·
1807 1714 1868 1751 at-

98 1780 239 1817 tamen
272 1777 306 1817 ii
337 1781 501 1817 tantum
535 1790 577 1817 eo
600 1776 801 1817 evocandi
823 1780 933 1830 sunt,
967 1789 1068 1830 quos
1099 1780 1166 1817 sat
1189 1775 1288 1817 bene
1312 1776 1524 1817 institutos
1556 1790 1642 1817 esse
1665 1776 1867 1817 constat3.

216 1851 463 1894 Haueremo
507 1866 607 1894 caro
650 1851 728 1893 0116
768 1851 811 1894 13
842 1851 1251 1894 raccomandatione
1293 1851 1336 1893 di
1369 1852 1420 1894 V.
1454 1850 1720 1894 Reuerentia
1751 1850 1870 1904 gioui

98 1917 172 1959 alli
204 1916 345 1960 nostri
374 1917 634 1959 Colloniensi
667 1931 874 1972 appresso
906 1917 935 1958 il
969 1917 1093 1958 Prior
1125 1917 1238 1959 della
1262 1916 1461 1960 Cartusia
1477 1918 1505 1959 4.
1560 1918 1677 1959 Deus
1711 1922 1747 1959 et
1778 1917 1870 1958 illos

100 1987 135 2024 et
167 1997 242 2024 nos
274 1983 457 2025 adiuvet.

217 2065 283 2107 De
339 2066 504 2107 doctore
548 2065 798 2107 Hermanno
842 2063 1089 2120 [Thyraeo]
1133 2066 1219 2106 iam
1268 2066 1529 2120 scripsimus.
1607 2065 1871 2107 Colonienses

99 2145 302 2187 quaerere
333 2130 531 2172 iubentur
563 2132 757 2186 aliquem,
791 2131 864 2185 qui
896 2131 940 2171 in
976 2131 1063 2171 eius
1095 2132 1227 2172 locum
1261 2131 1553 2172 substituatur.

218 2275 386 2310 Perlatae
413 2277 498 2309 sunt
533 2276 577 2310 ad
603 2278 743 2321 patrem
778 2278 940 2310 nostrum
967 2275 1192 2310 reverentiae
1220 2277 1364 2309 vestrae
1399 2275 1544 2309 litterae
1570 2275 1626 2309 die
1653 2274 1709 2309 21.
1736 2274 1871 2309 mensis

99 2329 296 2374 superioris
314 2329 420 2363 datae
434 2330 455 2363 ¹.
488 2329 688 2364 Procurare
706 2329 941 2371 studebimus,
960 2331 1001 2363 ut
1018 2329 1231 2363 ieiuniorum
1250 2330 1286 2362 et
1302 2328 1475 2363 librorum
1493 2328 1753 2374 prohibitorum
1770 2328 1871 2372 leges

100 2382 330 2424 relaxentur;
365 2383 650 2427 exspectandum
684 2385 807 2416 tamen
832 2383 908 2416 fore
944 2383 1132 2423 existimo,
1168 2382 1279 2416 donec
1305 2381 1589 2425 Quadragesima
1618 2381 1786 2416 incohata
1812 2382 1870 2416 sit.

101 2435 138 2471 si
163 2436 342 2471 Bavariae
369 2436 451 2470 duci
469 2436 744 2481 persuadebitis,
771 2437 812 2470 ut
828 2436 1043 2480 magistrum
1061 2436 1258 2470 Martinum
1282 2435 1320 2470 111
1347 2436 1499 2470 60016513
1524 2438 1647 2470 nostra
1673 2435 1872 2470 contionari

101 2489 300 2524 communis
324 2489 495 2524 utilitatis
520 2489 639 2533 gratia
664 2489 842 2534 patiatur,
878 2489 968 2524 bene
994 2489 1126 2523 facturi
1152 2488 1323 2523 videmini
1336 2489 1359 2524 2.
1411 2488 1447 2524 si
1472 2491 1594 2524 tamen
1628 2488 1797 2530 instabit,
1832 2491 1873 2523 ut

101 2543 132 2577 is
158 2543 227 2578 sibi
253 2555 274 2577 3
300 2543 525 2577 contionibus
551 2543 608 2585 sit,
635 2543 781 2577 tandem
807 2542 890 2577 huic
917 2542 1069 2588 principi
1094 2542 1260 2577 molestia
1287 2542 1441 2577 creanda
1468 2554 1548 2577 esse
1573 2554 1642 2576 non
1669 2542 1822 2577 videtur.

221 2617 264 2649 R.
292 2617 330 2649 V.
357 2615 511 2649 arbitrio
536 2614 632 2658 [ete.,
658 2618 697 2647 ut
721 2614 868 2658 supra]

223 2679 376 2715 Gratum
409 2679 513 2714 nobis
548 2679 636 2718 erit,
671 2679 703 2713 si
728 2678 954 2713 reverentiae
979 2681 1125 2713 vestrae
1160 2678 1467 2712 commendatione
1493 2677 1725 2713 Colonienses
1759 2677 1873 2711 nostri

103 2734 199 2779 apud
224 2733 380 2779 priorem
406 2731 638 2767 carthusiae4
664 2731 943 2766 adiuvabantur.
994 2733 1092 2766 Deus
1115 2731 1210 2775 [et0.,
1236 2736 1275 2765 ut
1299 2731 1444 2775 supra]

223 2805 277 2838 De
301 2804 441 2838 doctore
464 2803 559 2848 [εἰσ.1
584 2808 624 2837 ut
647 2803 795 2847 supi-ay.

228 2947 237 2966 ¹
265 2945 342 2979 Hae
368 2943 506 2989 perisse
531 2943 711 2976 videntur.

225 2999 239 3020 2
263 2998 304 3033 P.
330 2997 510 3032 Martinus
537 2995 795 3030 Stevordianus
821 2995 856 3030 S.
884 2995 917 3029 J.
944 2994 1125 3029 Monachii
1152 2994 1188 3028 iu
1214 2996 1348 3040 templo
1374 2993 1615 3028 Eremitarum
1641 2992 1874 3037 Augustinia-

104 3064 252 3094 norum,
288 3051 391 3086 cuius
416 3061 505 3085 usus
530 3048 643 3083 Sociis
669 3060 749 3083 cum
776 3047 962 3083 monachis
989 3048 1062 3082 illis
1089 3048 1286 3082 communis
1313 3049 1408 3088 erat,
1449 3046 1708 3089 „ordinarium“
1744 3046 1876 3090 agebat

107 3105 388 3141 continuatorem
417 3103 522 3148 (Can.
550 3102 639 3147 Epp.
665 3102 710 3143 II,
741 3102 821 3136 564.
848 3102 929 3136 608.
956 3101 1172 3145 870—876).
1319 3102 1333 3121 3
1357 3100 1449 3135 Vide
1474 3111 1583 3145 supra
1609 3112 1643 3145 p.
1670 3099 1727 3134 37.

228 3160 241 3180 ⁴
268 3157 468 3193 Gerardum
494 3155 799 3190 Hammontanum
827 3154 1150 3199 (Kalckbrenner):
1176 3155 1259 3189 vide
1285 3166 1394 3200 supra
1419 3166 1452 3198 p.
1481 3154 1512 3188 7.
