2093 3444
485 229 642 264 Monum.
672 229 906 275 (augustana)
935 230 1015 266 255.
1045 231 1093 275 (2.
1120 231 1306 265 Februarii
1335 230 1453 275 1562.)
1767 233 1850 274 635

81 347 350 400 neglectum,
394 350 438 390 et
480 350 777 401 contemptum
819 348 1118 399 sacerdotum,
1163 347 1316 401 quibus
1357 348 1474 389 Deus
1516 350 1686 389 tantam
1728 351 1852 402 pote-

81 414 241 454 statem
282 411 421 462 dedit,
465 414 513 454 ut
546 412 690 466 angeli
729 414 988 463 uocentur1,
1033 415 1075 454 2⁰
1107 416 1155 455 ut
1186 414 1451 467 potestatem
1492 412 1683 455 habeant
1724 427 1853 467 super

79 476 295 532 principes
326 477 369 519 in
403 476 614 527 animam,
658 479 703 519 3?
737 491 866 532 super
899 478 1077 531 angelos
1119 478 1162 519 in
1196 478 1410 528 docendo,
1454 477 1765 532 dispensando,
1808 481 1853 521 et

79 556 210 596 super
253 556 409 596 corpus
453 541 636 595 Christj,
686 544 728 582 4Ο
773 542 817 583 in
861 543 1052 596 regenda
1097 543 1339 586 Ecclesia.
1381 542 1479 592 Qui
1523 557 1618 585 uos
1663 543 1852 597 tangit

81 604 113 661 [‚
147 606 625 662 tangitpupillam
659 607 803 648 oculi
836 606 1004 661 mei.]2
1049 607 1145 656 Qui
1178 622 1274 650 uos
1307 608 1463 651 audit
1497 606 1527 662 [‚
1561 622 1638 650 me
1671 607 1850 663 audit]

81 671 177 722 Qui
219 687 314 714 uos
356 671 577 727 spernit
620 670 650 726 [,
694 686 772 713 me
813 671 1101 726 sper11it.]3

201 739 239 780 6.
275 738 481 780 Similiter
512 739 559 780 in
581 739 769 780 contione
797 738 865 778 die
894 738 1000 791 festo
1024 739 1066 780 S.
1092 739 1408 780 Bartliolomaei
1442 740 1617 793 apostoli
1650 737 1739 790 (24.
1763 739 1851 780 Au-

77 802 210 858 qusti)
246 805 360 845 1562
395 803 547 845 ibidem
581 803 740 857 habita,
776 802 977 844 Cauisius
1012 805 1266 858 eocmqelium
1293 804 1380 845 diei
1400 803 1525 855 (Luc.
1549 806 1619 857 22,
1653 803 1851 856 24—30)

82 882 288 922 exponens
335 869 385 910 de
431 869 594 910 eodem:
647 867 928 917 Confirmata,
984 870 1142 923 inquit,
1194 869 1322 909 fidem
1365 871 1516 911 contra
1561 869 1849 911 insectatores

81 931 192 986 Clerj
228 967 236 975 .
271 931 475 974 discimus
516 946 602 974 non
644 945 739 973 esse
780 945 939 973 nouum
982 935 1058 974 aut
1096 932 1276 974 mirumb
1317 933 1453 976 multo
1494 933 1635 975 minus
1667 933 1850 975 scanda-

79 997 219 1039 losum
251 997 480 1040 Praelatos
518 997 563 1038 in
594 996 793 1039 Ecclesia
826 1011 921 1039 esse
955 997 1212 1051 culpabileS,
1256 998 1367 1040 sicut
1401 1001 1442 1040 et
1475 998 1519 1040 in
1552 999 1773 1053 Apostolis
1807 1000 1851 1041 et

80 1062 125 1103 in
156 1062 362 1104 Diaconis
394 1062 544 1117 primis
577 1062 750 1116 quidam
784 1061 983 1113 fuerunt,
1027 1062 1084 1104 Jn
1121 1063 1238 1104 nullo
1277 1066 1397 1105 statu
1431 1063 1661 1106 defuerunt
1703 1067 1746 1106 et
1779 1063 1849 1105 de-

80 1129 183 1170 sunt
223 1127 396 1170 abusus.
462 1128 506 1170 Si
538 1129 718 1182 propter
749 1127 828 1169 hos
861 1127 1100 1169 deserenda
1133 1127 1330 1170 Ecclesia
1371 1143 1450 1170 nec
1492 1129 1733 1183 apostolica
1765 1129 1849 1170 Ec-

81 1192 213 1235 clesia
245 1192 477 1244 subsistet,
513 1207 609 1234 cum
641 1206 813 1246 semper
845 1192 1010 1235 multi
1041 1192 1231 1235 uocati
1263 1194 1425 1247 pauci
1457 1194 1671 1249 electj4.
1736 1194 1850 1236 Laus

81 1257 250 1300 Christo
294 1258 365 1312 qui
405 1257 681 1312 praemonuit
722 1258 774 1299 de
815 1258 942 1299 malis
984 1258 1215 1301 ministris:
1259 1258 1403 1308 Quae
1448 1259 1712 1302 dixerunt
1755 1273 1850 1301 uo-

79 1322 162 1365 bis
195 1324 300 1366 etc.5
346 1323 573 1365 Dominica
606 1337 775 1377 quoque
808 1323 901 1365 XV.
936 1326 1034 1377 post
1057 1324 1347 1366 Pentecosten
1381 1323 1469 1377 (30.
1495 1324 1701 1378 Augusti)
1738 1326 1849 1366 1562

82 1388 282 1431 Cauisius
320 1388 594 1442 evangelium
629 1388 726 1439 diei,
761 1388 875 1441 quod
907 1388 959 1430 de
986 1390 1038 1431 10
1071 1388 1156 1430 illis
1188 1389 1370 1442 leprosis
1394 1389 1614 1432 mundatis
1637 1388 1755 1443 (Luc.
1784 1390 1849 1439 17,

83 1453 276 1506 11—19)
310 1456 391 1504 est,
426 1453 481 1495 ad
513 1453 748 1504 auditoreS,
783 1455 831 1495 ut
863 1454 1127 1504 sacerdoteS,
1166 1453 1298 1496 etiam
1331 1454 1480 1505 malos,
1521 1455 1851 1505 „lionorarent“,

82 1518 376 1561 admonendos
408 1518 626 1569 adhibuit,
668 1519 798 1570 haec,
841 1521 1018 1573 praeter
1054 1518 1161 1570 alia,
1206 1518 1373 1561 dicens:
1422 1519 1614 1574 „Aperta
1646 1520 1767 1562 fraus
1809 1523 1853 1563 et

81 1583 269 1627 tentatio
293 1584 511 1636 Demonis,
546 1584 660 1638 quod
681 1584 808 1626 hodie
841 1584 1008 1627 seducti
1036 1586 1318 1626 contemnunt
1350 1587 1393 1627 et
1414 1585 1558 1627 rident
1581 1586 1851 1636 Sacerdotes

83 1651 129 1691 et
161 1663 309 1691 omnes
342 1664 427 1692 non
459 1650 703 1692 maculatos
741 1652 786 1692 et
817 1649 1117 1692 sacerdotibus
1150 1650 1437 1692 adhaerentes
1476 1650 1519 1691 in
1550 1651 1634 1692 fide
1677 1653 1721 1693 et
1752 1650 1853 1692 reli-

83 1714 213 1768 gione
254 1729 339 1757 non
371 1729 450 1770 pro
484 1715 740 1758 Christianis
772 1714 934 1758 habent
976 1715 1052 1757 sed
1092 1714 1235 1769 impijs
1278 1717 1322 1757 et
1361 1715 1603 1758 idololatris
1644 1719 1852 1758 uocantes

86 1793 160 1822 eos
192 1780 422 1835 Paepstler
453 1780 541 1822 vnd
573 1780 913 1835 pfaffenknecht.

202 1871 350 1914 Confer,
383 1884 474 1917 quae
501 1872 667 1907 Canisius
694 1872 737 1906 de
764 1873 888 1906 eodem
916 1874 1127 1916 argumento
1154 1873 1341 1916 Augustae
1368 1884 1398 1907 a.
1429 1873 1519 1907 1559
1547 1875 1583 1907 et
1610 1874 1700 1909 1560
1727 1886 1745 1908 e
1772 1885 1854 1918 sug-

82 1927 190 1968 gestu
216 1925 326 1967 dixit;
358 1926 442 1961 Can.
471 1926 560 1971 Epp.
587 1926 630 1968 Π,
658 1925 856 1960 849-852.

903 2042 1033 2084 255.

780 2133 813 2169 2.
840 2132 1034 2169 Februarii
1061 2133 1156 2170 1562.

107 2272 133 2308 C
201 2219 258 2307 E}
283 2219 459 2307 cIontionis
485 2232 525 2255 eo
552 2220 608 2255 die
634 2220 779 2255 habitae
806 2222 1070 2263 commentario,
1098 2233 1118 2256 a
1137 2221 1279 2256 Canisio
1306 2221 1439 2256 dictato
1466 2223 1503 2256 et
1527 2223 1721 2266 recognito.
1767 2223 1850 2259 Cod.

86 2301 99 2316 „
137 2285 193 2308 an.
256 2301 263 2308 .
323 2274 350 2308 .“
380 2274 404 2309 f.
424 2274 623 2308 ‘7612—782.

202 2351 316 2384 Libro
335 2351 506 2395 „Centum
531 2351 798 2385 mendaciorum
813 2350 1095 2395 papisticorum“
1116 2363 1138 2384 a
1156 2352 1361 2385 Rauschero
1379 2353 1544 2385 ministro
1562 2353 1854 2387 Lutheranorum

84 2405 261 2448 evulqato,
289 2415 356 2448 quo
382 2406 429 2447 is,
462 2406 723 2439 miraculorum
748 2409 807 2438 etc.
835 2406 1069 2439 relationibus
1088 2406 1228 2448 partim
1253 2406 1380 2448 ineptis
1404 2406 1645 2449 fabulosisque
1671 2417 1713 2439 ew
1739 2407 1853 2440 catho-

83 2458 233 2491 licorum
276 2458 378 2491 libris
415 2459 582 2502 collectis,
631 2458 840 2492 catholicam
877 2459 1076 2492 doctrinam
1122 2459 1254 2501 falsam
1301 2459 1542 2492 demonstrare
1580 2463 1726 2493 conatus
1767 2465 1854 2504 erat,

87 2511 255 2545 Canisius
289 2522 306 2545 e
335 2522 437 2548 sacro
468 2516 629 2555 anyestu
663 2513 868 2555 respondet:
903 2513 1040 2545 Multas
1065 2513 1204 2556 quidem
1230 2513 1401 2546 eiusmodi
1426 2512 1595 2546 historias
1628 2514 1754 2546 stultas
1788 2524 1856 2547 esse

84 2565 339 2608 confictasque:
371 2576 481 2609 neque
504 2576 584 2599 cero
611 2565 788 2599 ecclesiam
823 2576 880 2598 eas
906 2566 1096 2599 credendas
1114 2577 1317 2609 proponere.
1350 2576 1457 2609 neque
1483 2566 1669 2599 catholicos
1694 2577 1751 2600 eas
1774 2567 1857 2609 fidei

82 2618 355 2660 fundamentum
390 2629 459 2651 esse
492 2618 585 2651 velle.
635 2618 710 2651 Eas
736 2619 942 2652 examinari
973 2623 1142 2662 oportere.
1192 2620 1293 2662 Ipsos
1323 2620 1512 2662 scriptores
1538 2620 1697 2653 ecclesiae
1723 2621 1855 2653 iudicio

85 2682 143 2704 eas
164 2671 357 2715 subiecisse,
383 2671 542 2714 hancque
568 2672 763 2714 complures
781 2673 1045 2715 proscripsisse.
1086 2673 1218 2714 Quodsi
1235 2673 1350 2716 aliqui
1374 2673 1617 2715 imprudenter
1633 2674 1852 2717 scripserint,

86 2725 123 2758 id
149 2725 308 2758 ecclesiae
333 2735 405 2758 non
431 2735 500 2758 esse
523 2725 607 2758 vitio
625 2726 837 2758 vertendum.
875 2724 1191 2769 „Mendaciorum“
1211 2726 1379 2759 editorem
1404 2726 1445 2759 de
1461 2727 1577 2759 sacris
1603 2727 1705 2759 rebus
1728 2727 1856 2769 frivole

203 2865 218 2880 ³
244 2861 321 2894 Hoc
346 2871 375 2894 v.
402 2863 433 2894 et
459 2862 480 2893 4
504 2871 578 2904 sqq.
608 2860 645 2893 C.
671 2871 739 2893 sua
765 2871 875 2893 manu
902 2861 941 2893 in·
966 2870 1079 2903 marq.
1105 2860 1258 2902 scripsit.

204 2912 220 2933 b
246 2915 268 2946 3
293 2924 343 2946 cv.
369 2924 442 2957 sqq.
470 2924 492 2946 a
521 2913 558 2947 C.
585 2914 662 2956 ipso
687 2923 801 2956 supra
828 2924 964 2946 versum
990 2913 1116 2946 addita
1141 2917 1235 2947 sunt.

209 3048 216 3068 ¹
246 3048 298 3083 Of.
326 3048 412 3083 Mal.
439 3048 471 3090 2,
499 3049 530 3083 7.
572 3049 683 3093 Apoo.
713 3049 742 3089 1,
769 3048 834 3089 203
861 3048 893 3090 2,
923 3049 953 3083 1.
980 3048 1011 3083 8.
1041 3049 1083 3083 12
1111 3052 1178 3083 etc.

206 3102 219 3122 ²
244 3101 348 3136 Zach.
375 3102 407 3143 2,
434 3101 467 3136 8.
565 3102 579 3122 ⁸
605 3101 688 3136 Luc.
719 3102 772 3143 10,
801 3102 854 3136 16.
953 3102 967 3122 ⁴
991 3101 1122 3136 Matth.
1149 3101 1204 3143 20,
1233 3102 1295 3141 16;
1324 3101 1378 3143 22,
1408 3102 1461 3137 14.

206 3157 220 3176 ⁵
251 3155 399 3198 „Omnia
425 3166 519 3198 ergo,
547 3166 780 3200 quaecunque
806 3155 964 3189 dixerint
988 3155 1101 3198 vobis,
1128 3157 1281 3197 servate,
1309 3157 1346 3190 et
1370 3155 1498 3190 facite:
1525 3156 1721 3191 secundum
1744 3169 1851 3203 opera

85 3220 172 3243 vero
199 3221 320 3243 eorum
345 3208 457 3243 nolite
482 3208 645 3243 facere“:
671 3208 801 3243 Matth.
828 3208 884 3250 23,
911 3209 942 3243 3.
