2093 3444
242 157 328 198 320
809 155 888 190 638.
925 155 1090 190 Canisius
1117 156 1297 191 Stanislao
1322 157 1444 192 Hosio.

240 272 453 326 simulque
505 273 745 327 prouehere
796 273 840 316 in
894 274 1035 316 officio
1088 288 1220 316 uerae
1271 274 1462 329 pietatis.
1539 276 1832 320 Vehementer
1891 279 2014 321 nobis

239 338 406 392 placet,
451 338 564 391 quod
606 339 800 393 plerique
842 339 969 381 modo
1012 339 1352 393 frequentiorem
1394 340 1476 382 sibi
1508 341 1673 384 faciant
1704 356 1829 384 usum
1862 357 2015 386 sacrae

241 403 523 445 confessionis
565 406 610 446 et
651 404 975 447 communionis.
1049 404 1142 454 Qua
1183 404 1353 447 ratione
1394 406 1486 447 fieri
1522 421 1650 461 posse
1687 410 1914 462 putamus,
1966 412 2015 452 ut

240 468 449 523 Catholicj
493 469 703 511 aduersus
744 469 1019 512 sathanae
1060 483 1198 524 syna
1209 484 1273 524 go
1284 472 1433 524 gam1
1465 472 1703 526 persistant
1734 472 1779 515 in
1810 473 1893 516 fide
1925 473 2014 516 for-

239 533 349 585 tius,
393 537 437 576 et
477 534 739 589 inculpatius
780 534 955 584 uiuant,
999 549 1127 588 quam
1170 535 1277 589 proh
1320 535 1442 577 dolor
1479 536 1690 580 hactenus
1722 537 1887 581 factum
1919 553 2014 582 esse

240 598 450 641 uidemus.

360 664 656 718 Expectamus
696 664 765 707 hic
798 665 849 708 D.
885 665 1165 720 Staphylum,
1210 680 1336 719 quem
1370 667 1495 709 aulae
1528 667 1651 710 nobis
1683 668 1924 723 abripiunt,
1959 669 2015 711 ad

241 729 433 770 curanda
465 728 608 771 nescio
643 743 754 783 quae
786 730 985 783 negotia,
1028 733 1077 773 ut
1108 730 1249 772 minus
1293 731 1373 786 ocij
1407 745 1458 774 ac
1490 732 1621 787 studij
1656 733 1710 775 ad
1742 733 2013 776 scribendum

240 794 414 836 adserat
429 795 458 836 2.
523 795 689 837 Hortor
721 797 866 837 autem
900 796 1043 846 illum,
1086 799 1134 838 ut
1167 797 1529 849 quemadmodum
1566 813 1726 853 magna
1759 813 1855 841 cum
1887 800 2014 842 laude

240 859 393 914 coepit,
428 859 491 902 ita
513 874 640 914 porro
664 863 821 916 pergat
844 861 1130 903 Schmidelino
1154 862 1416 916 respondere
1429 863 1457 913 3,
1493 863 1564 916 qui
1587 864 1732 906 nescio
1763 865 1935 918 quando
1959 879 2014 907 ex

242 925 464 967 Gallica-no
488 925 779 967 Conciliabulo
812 927 1102 969 reuertetur4.
1146 927 1349 969 Nondum
1373 928 1530 982 obtigit
1560 929 1668 971 liber
1700 929 1895 972 authoris
1917 930 2014 972 Cal-

241 990 418 1042 uiniani,
454 990 574 1033 cuius
606 994 777 1045 partem
810 1006 946 1046 nuper
977 992 1232 1043 miseram5,
1276 993 1513 1047 promissus
1546 997 1614 1037 est
1645 995 1749 1036 mihi
1780 998 1927 1038 tamen
1960 996 2014 1038 ab

241 1056 393 1106 amico,
428 1069 506 1097 nec
540 1057 740 1099 omittam
772 1056 915 1099 isthuc
949 1071 1045 1099 eum
1078 1057 1266 1108 mittere,
1302 1060 1351 1100 ut
1382 1058 1567 1112 primum
1600 1073 1822 1114 accepero.
1887 1059 2014 1114 Apud

241 1121 507 1176 Bibliopolas
539 1136 624 1164 non
656 1122 884 1177 reperitur.

359 1187 424 1229 De
458 1187 635 1241 synodis
669 1187 844 1229 edendis
877 1187 1080 1230 Coloniae
1113 1187 1198 1230 iam
1232 1192 1363 1231 antea
1395 1189 1568 1244 scripsi,
1603 1204 1816 1244 speroque
1849 1191 2013 1233 Romae

242 1255 285 1295 et
317 1252 513 1295 Tridenti
547 1253 717 1295 futuros
750 1253 874 1295 huius
907 1253 1097 1296 instituti
1130 1257 1414 1308 promotores.

360 1318 487 1361 Mitto
512 1319 723 1372 Tymanni
749 1319 904 1360 librum
921 1320 949 1370 6,
984 1334 1082 1361 nam
1117 1319 1248 1361 alium
1273 1333 1357 1361 non
1383 1319 1505 1362 licuit
1526 1321 1731 1375 reperire,
1766 1321 1841 1364 sed
1874 1335 2013 1375 neque

241 1383 441 1438 Vergerij
477 1384 705 1437 quicquam
739 1387 876 1427 extat.

360 1448 480 1498 Quod
503 1452 650 1492 autem
674 1450 823 1492 scribit
840 1450 1232 1505 pseudoepiscopus
1250 1451 1569 1493 Mansueldicus
1580 1451 1610 1503 ⁷,
1634 1466 1838 1505 magnam
1855 1451 2014 1494 Catho-

239 1513 322 1555 lico
356 1515 619 1568 cordatoque
652 1515 802 1570 lectorj
837 1515 1149 1558 recreationem
1183 1516 1338 1558 merito
1371 1516 1566 1568 adferat,
1601 1531 1697 1559 cum
1729 1517 1848 1560 uidet
1878 1531 2014 1559 nouos

240 1579 348 1621 istos
380 1579 603 1622 ministros
636 1581 687 1622 de
720 1581 843 1622 nouis
866 1580 1110 1623 Canonibus
1143 1581 1272 1623 anxie
1304 1582 1516 1631 laborare,
1552 1585 1596 1625 et
1625 1582 1849 1625 catholicis
1882 1582 2014 1624 armis

241 1659 337 1687 sese
369 1645 481 1699 tuerj
517 1648 669 1688 contra
710 1646 958 1697 seductam,
1002 1646 1078 1688 scd
1118 1646 1205 1688 iam
1248 1647 1571 1702 obstrepentem
1612 1647 1903 1702 plebeculam,
1947 1647 2013 1689 cui

242 1710 406 1753 uellent
438 1711 513 1753 isti
545 1711 581 1753 si
612 1715 813 1766 possent,
857 1726 942 1753 non
974 1712 1115 1754 minus
1148 1726 1277 1765 quam
1311 1712 1536 1767 Episcopi,
1575 1727 1753 1767 prorsus
1785 1713 2013 1767 imperare.

361 1776 567 1831 Princeps
612 1777 829 1819 Bauariae
874 1776 957 1820 fuit
997 1777 1065 1819 his
1110 1777 1258 1819 diebus
1303 1777 1567 1832 Neuburgae
1583 1779 1612 1828 3,
1661 1779 1705 1820 et
1748 1777 2013 1820 Phauserum

366 1910 374 1929 ¹
400 1910 512 1954 Apoc.
541 1910 571 1950 2,
600 1910 640 1950 9;
669 1910 700 1947 13.
729 1911 760 1944 9.

361 1963 374 1982 ‘2
399 1962 622 1997 Fridericum
651 1962 884 2008 Staphylum,
921 1963 1172 1997 universitatis
1208 1963 1504 2007 ingolstadiensis
1545 1963 1937 2008 „superintendenten1“
1978 1966 2015 1997 et

240 2016 491 2060 professorem,
518 2028 563 2050 m.
592 2017 757 2060 Augusto
783 2028 814 2051 a.
846 2017 933 2051 1561
955 2017 1202 2051 Ferdinandus
1228 2017 1254 2051 Ι.
1282 2016 1514 2051 Vindobonae
1541 2017 1583 2050 de
1609 2017 1716 2051 rebus
1742 2016 1884 2051 concilii
1909 2018 1946 2051 et
1971 2016 2014 2050 de

241 2069 414 2103 ecclesiae
450 2070 704 2104 reformat-ione
740 2070 930 2105 consuluit.
983 2070 1145 2105 Eundem
1179 2070 1352 2104 Albertus
1378 2070 1421 2105 V.
1448 2070 1626 2104 Bavariae
1662 2071 1735 2104 dux
1770 2070 1912 2104 nomine
1949 2081 2014 2104 suo

241 2122 391 2157 concilio
418 2123 612 2157 tridentino
640 2124 816 2158 interesse
843 2124 989 2158 volebat
1017 2124 1078 2167 (N.
1107 2124 1255 2168 Paulus,
1283 2123 1490 2169 Staphylus,
1518 2124 1554 2158 in
1585 2123 1930 2166 „Kirchenlexikon“
1953 2122 2014 2164 XI,

243 2176 321 2210 733.
375 2178 562 2211 Steinherz
587 2177 609 2211 l.
637 2189 666 2212 c.
694 2190 727 2222 p.
755 2177 953 2211 271—272.
983 2177 1182 2212 297-300.
1211 2176 1309 2221 308).

361 2231 373 2251 ³
400 2230 452 2264 De
478 2230 534 2264 his
561 2230 727 2276 Staphyli
754 2231 855 2265 libris
876 2243 909 2265 v.
937 2231 1041 2271 infra,
1069 2242 1224 2265 monum.
1246 2231 1325 2266 386.
1361 2230 1625 2265 Schmidelinus
1647 2230 1812 2274 (Iacobus
1830 2229 2011 2274 Andreae)

242 2285 384 2328 praeter
409 2284 490 2325 alia,
517 2284 692 2319 adversus
712 2284 927 2329 Staphylum
947 2284 1111 2329 scripsit:
1143 2284 1446 2329 „Responsionem
1473 2283 1517 2318 ad
1536 2283 1629 2318 Frid.
1650 2283 1815 2329 Staphyli
1842 2283 2014 2318 confictas

241 2336 476 2372 Lutheranor.
504 2337 718 2382 antilogias“
753 2337 899 2381 (1558);
942 2339 1128 2380 „Antwort
1163 2338 1239 2372 auff
1261 2338 1329 2372 den
1355 2337 1587 2372 lesterlichen
1613 2336 1872 2381 gegenbericht
1897 2336 2013 2371 Judae

243 2390 430 2431 Jscariots,
457 2402 496 2424 so
522 2391 600 2425 sich
618 2391 752 2425 Fridcr.
773 2390 989 2436 Staphyluni
1015 2393 1135 2432 neunt,
1162 2403 1245 2425 vom
1265 2391 1414 2425 rechten
1432 2390 1604 2425 verstand
1624 2389 1750 2424 Gottes
1770 2390 1904 2432 VVorts,
1930 2389 2012 2424 Dol-

241 2443 458 2487 metschung
476 2443 538 2478 der
556 2444 669 2485 Bibel‚
688 2445 760 2478 vnd
780 2444 955 2487 einigkeit
974 2445 1036 2478 der
1054 2443 1316 2479 Lutherischen
1334 2443 1601 2478 Pradikanteffl
1617 2456 1624 2483 ;
1648 2443 1912 2487 „Abfertigung
1930 2443 2013 2477 dess

240 2496 417 2531 Vortrabs
444 2496 629 2542 Staphyli“
664 2497 867 2541 (Tubingen
896 2498 1002 2541 1562)
1017 2512 1024 2539 ;
1059 2499 1246 2541 „Antwort
1272 2498 1348 2532 auff
1370 2497 1438 2531 den
1464 2497 1675 2531 Nachtruck
1701 2497 1794 2531 Frid.
1822 2495 2007 2541 Staphyli“

246 2550 311 2593 (Io.
330 2552 463 2584 Valent.
484 2552 662 2595 Andreae,
689 2551 798 2585 Fama
824 2552 1017 2586 Andreana
1042 2552 1277 2586 reflorescens
1305 2549 1554 2594 [Argentorati
1582 2549 1686 2593 1630]
1714 2550 1737 2584 f.
1766 2548 1789 2583 S
1810 2549 1886 2583 11¹³.
1913 2549 1942 2582 T
1960 2548 2011 2593 2).

361 2605 375 2624 ⁴¹
401 2603 675 2645 Schmidelinus,
702 2616 782 2638 cum
808 2604 946 2649 aliquot
980 2605 1061 2639 aliis
1088 2605 1215 2639 Suebis
1250 2604 1294 2638 ad
1329 2603 1548 2647 colloquium
1573 2603 1759 2647 religionis
1784 2602 2013 2648 possiaeense

241 2656 384 2699 missus,
411 2668 490 2691 sero
517 2657 665 2691 advenit
693 2657 832 2701 (Male-lt.
861 2660 1043 2702 Adamas,
1078 2657 1186 2692 Vitae
1212 2657 1475 2701 Theologorum
1503 2658 1571 2691 etc.
1613 2656 1676 2691 Ed.
1704 2656 1737 2690 3.
1774 2655 2012 2700 [Francofurti

242 2711 286 2744 ad
312 2710 480 2745 Moenum
509 2710 614 2755 1705]
642 2723 675 2756 p.
703 2711 799 2755 306).
851 2711 902 2745 De
931 2711 1172 2746 Schmidelino
1200 2710 1244 2745 cf.
1276 2711 1362 2745 Can.
1389 2710 1478 2755 Epp.
1505 2710 1549 2752 H,
1579 2709 1656 2744 171.
1683 2709 1763 2744 910.
1791 2708 1870 2743 918.

362 2765 375 2784 ⁵
401 2764 545 2799 Clebitii
568 2764 749 2806 „Victoria
774 2765 950 2807 veritatis,
978 2776 1020 2799 ac
1046 2765 1148 2799 ruina
1174 2766 1329 2810 papatus
1348 2763 1560 2804 Saxonici“;
1587 2763 1692 2804 infra,
1718 2774 1752 2808 p.
1779 2762 1859 2797 326.

362 2818 376 2837 ⁶
401 2818 545 2852 Ioannis
567 2817 719 2852 Timann
746 2818 901 2853 ministri
926 2818 1162 2863 protestantis
1186 2817 1479 2861 „Farraginem“;
1508 2816 1550 2850 de
1577 2827 1647 2860 qua
1673 2815 1778 2860 plura
1803 2815 1870 2850 sub
1895 2815 2011 2860 ipsam

242 2870 335 2905 hanc
361 2871 553 2916 epistulam
580 2871 753 2905 dicentur.

363 2925 376 2944 ⁷
401 2923 644 2970 Hieronymus
669 2924 829 2965 Mencel;
857 2925 950 2964 vide,
978 2936 1070 2969 quae
1095 2924 1162 2958 sub
1188 2924 1304 2969 ipsam
1330 2923 1424 2957 hanc
1449 2922 1643 2967 epistulam
1669 2921 1844 2956 dicentur.

364 2978 376 2997 s
402 2977 585 3021 Neoburgi
612 2978 655 3012 ad
681 2978 887 3012 Danuvium
916 2978 1105 3022 (Neuburg
1131 2989 1176 3011 an
1202 2977 1265 3011 der
1290 2977 1435 3017 Donau,
1471 2987 1565 3010 nunc
1591 2975 1677 3009 urbs
1702 2974 1805 3017 regni
1830 2972 2008 3017 bavarici)

243 3029 489 3073 Wolfgangus
526 3031 693 3076 princeps
730 3030 937 3075 bipontinus
977 3030 1263 3074 (Zweibriicken)
1307 3032 1344 3063 et
1385 3029 1457 3063 dux
1498 3027 1774 3071 neoburgensis,
1814 3038 1832 3061 e
1873 3026 2012 3061 familia

243 3082 510 3126 Palatinorum,
547 3084 722 3119 Bavariae
748 3084 898 3119 ducibus
925 3087 1098 3127 cognata,
1134 3083 1306 3127 degebat;
1343 3081 1405 3126 qui
1431 3081 1578 3116 Lutheri
1614 3081 1822 3124 dogmatum
1856 3079 2010 3114 tenacis-

243 3137 357 3171 simus
383 3139 471 3170 erat.
