2093 3444
209 218 292 259 510
793 211 872 246 718.
909 210 1073 245 Canisius
1099 210 1323 245 Ferdinando
1349 211 1375 244 I.

207 347 340 375 sanae
372 331 569 386 partibus
602 329 823 372 Catholica
865 332 908 371 et
940 329 1136 370 Romana
1176 329 1311 371 credit
1353 342 1404 370 ac
1436 331 1557 371 tenet
1589 328 1806 379 Ecclesia,
1851 327 1970 370 cuius

209 398 337 441 etiam
372 396 626 438 Pastoribus
668 409 718 436 ac
751 408 916 436 summo
958 393 1154 447 inprimis
1187 394 1383 447 Pontificj
1427 393 1717 436 obedientiam
1758 407 1808 434 ac
1848 407 1971 435 reue-

208 463 393 505 rentiam
416 462 459 503 in
483 461 678 503 omnibus
703 459 891 501 debitam
914 459 1051 500 uelint
1074 459 1278 500 exhibere
1313 494 1320 501 .
1345 458 1507 508 Tertia,
1542 458 1661 508 Quod
1684 459 1972 512 profiteantur

208 532 298 570 tam
322 528 400 586 sub
434 541 519 568 una
543 540 671 578 quam
694 525 772 566 sub
795 526 980 577 utraque
1003 523 1145 578 specie
1169 524 1385 566 Christum
1407 526 1561 574 totum,
1596 523 1794 565 nimirum
1819 537 1972 577 corpus

210 593 300 635 eius
343 595 386 635 et
419 592 675 644 sanguinem
717 589 1037 632 sanctissimum
1079 592 1223 631 rectea
1264 589 1395 639 sumi,
1438 603 1488 630 ac
1520 603 1669 630 uerum
1704 587 1973 630 Sacramenti

208 658 333 700 huius
366 657 552 699 fructum
589 655 738 709 accipi.

360 723 478 772 Quod
513 722 548 763 si
581 721 688 762 haec
711 718 922 774 quo[que]
957 719 1155 772 longiora
1188 722 1263 761 aut
1295 719 1435 760 minus
1464 721 1592 772 grata
1624 719 1896 768 uidebuntur,
1929 718 1973 759 in

212 788 364 842 quibus
399 786 589 841 [taimen
623 784 935 840 [coJlnditiones
968 783 1095 839 11Ῑῖ011]
1130 785 1266 826 solum
1301 784 1429 826 utiles
1464 783 1747 826 Germanicae
1778 783 1973 837 Nationj,

210 854 284 895 sed
319 853 449 895 etiam
483 849 799 905 necessarfiae]
834 848 1187 904 propemo[du]m
1216 850 1504 900 continentur,
1539 849 1685 891 licebit
1716 849 1796 890 has
1828 848 1973 898 etiam,

213 919 248 960 si
280 919 447 973 placet,
492 917 772 967 contrahere,
816 919 864 958 ut
906 913 1138 969 breu[iter]
1182 915 1244 956 ita
1277 913 1493 968 dic[amus
1528 913 1558 968 z]
1592 914 1783 955 Primum
1827 914 1976 956 credat

213 983 393 1037 quisque
438 986 481 1025 et
514 983 729 1031 fateatur,
774 995 819 1023 se
852 981 985 1022 filium
1027 981 1068 1021 in
1105 978 1343 1034 omnib[us]
1379 978 1671 1033 obedie[ntem
1715 993 1809 1020 esse
1841 977 1975 1032 u]elle

215 1050 400 1091 Sanctae
434 1047 708 1090 Catholicaeb
740 1047 964 1088 Romanae
997 1045 1221 1087 Ecclesiae
1256 1061 1264 1087 ε
1298 1045 1464 1087 Deinde
1498 1043 1654 1099 quo[dc
1683 1059 1777 1086 cum
1803 1042 1974 1098 eadem]

213 1114 409 1156 Ecclesia
444 1113 689 1155 consentiat
721 1112 762 1153 in
790 1111 856 1153 his
879 1125 989 1164 quae
1012 1114 1104 1153 tum
1138 1111 1192 1153 ad
1215 1113 1534 1153 sacramentum
1558 1111 1638 1151 hoc
1673 1107 1976 1164 [uenerabile]‚

213 1183 304 1221 tum
339 1180 393 1221 ad
427 1179 635 1232 reliquam
670 1178 807 1220 totius
830 1176 1101 1219 Christianae
1133 1176 1232 1217 fidei
1256 1176 1496 1218 doctrinam
1530 1175 1770 1229 spectant&
1817 1174 1978 1224 Quibus

213 1245 295 1287 hoc
329 1245 461 1287 etiam
495 1243 814 1296 adiungendum
848 1243 976 1296 plane
1010 1256 1256 1292 censemus,
1301 1245 1348 1284 ut
1380 1240 1725 1295 Archiepiscopi,
1760 1239 1977 1294 Episcopi,

216 1314 259 1353 et
312 1310 648 1363 qualescumque
696 1308 988 1350 Ecclesiarum
1037 1307 1301 1361 Praepositi,
1356 1307 1558 1360 populum
1608 1306 1856 1360 specialiter
1903 1305 1979 1347 ad-

215 1375 473 1417 monendum
508 1377 682 1417 curent⁰
715 1377 817 1416 ante
851 1372 1190 1415 communionem
1227 1373 1278 1414 de
1311 1372 1394 1414 fide
1419 1371 1603 1424 fideique
1636 1371 1833 1414 doctrina
1866 1384 1980 1412 com—

215 1441 499 1483 municaturis
531 1439 779 1482 necessaria
804 1455 812 1481 :
837 1442 969 1491 utque
992 1441 1223 1492 praeterea
1247 1437 1479 1490 diligenter
1511 1438 1744 1479 obseruent
1777 1439 1820 1478 et
1853 1449 1980 1478 caue-

217 1509 304 1556 ant,
340 1520 393 1547 ne
418 1506 646 1558 quicquam
673 1504 1029 1558 prophanationis
1063 1518 1112 1545 ac
1135 1503 1312 1557 periculj
1348 1502 1517 1544 accidat
1548 1503 1592 1544 in
1615 1503 1798 1544 bibendo
1833 1501 1978 1552 calice,

216 1573 283 1613 Ad
318 1586 445 1625 quam
480 1586 569 1612 rem
603 1571 699 1623 alijs
723 1584 891 1624 quoque
925 1569 1196 1611 cautionibus
1229 1583 1279 1610 ac
1308 1568 1609 1622 praesentibus
1641 1567 1842 1621 remedijs
1875 1581 1981 1622 opus

216 1637 309 1679 fore
365 1637 548 1678 uidetur.
628 1635 739 1690 [Srlic
785 1636 896 1677 enim
954 1635 1219 1677 arbitramur
1274 1634 1464 1686 reliquas
1521 1633 1810 1684 conditiones,
1872 1646 1982 1686 quae

218 1702 414 1756 superius
448 1700 703 1755 adduc[tae]
738 1700 926 1751 fuerunt,
965 1700 1009 1742 in
1041 1701 1121 1742 hoc
1153 1714 1237 1741 uno
1270 1713 1397 1753 posse
1431 1699 1640 1749 concludi,
1675 1698 1732 1740 sif
1761 1698 1982 1740 Romanae

217 1767 440 1809 Ecclesiae
482 1767 607 1808 fidem
652 1780 857 1820 expresse
899 1767 1188 1820 profiteantur
1222 1800 1229 1807 .
1265 1764 1431 1807 Scimus
1474 1764 1668 1815 interim,
1717 1763 1817 1817 quid
1861 1763 1983 1805 nobis

218 1834 298 1875 hoc
331 1833 423 1875 loco
465 1833 603 1886 possit
645 1832 800 1885 opponi
843 1832 895 1873 (le
936 1831 1032 1873 odio
1075 1834 1117 1872 et
1158 1830 1320 1872 inuidia
1352 1829 1574 1872 Ecclesiae
1606 1830 1829 1871 Romanae
1870 1828 1984 1883 apud

221 1897 522 1940 Germanicum
556 1897 712 1950 uulgus
745 1898 934 1939 conflata
968 1912 976 1938 ε
1010 1910 1089 1938 nec
1120 1896 1371 1949 ignoramus
1393 1896 1650 1949 plaerosque
1683 1909 1806 1936 usum
1840 1893 1985 1936 calicis

223 1966 298 2006 aut
331 1977 462 2016 aegre
497 1963 782 2012 admissuros,
827 1965 903 2004 aut
936 1961 1215 2016 contemptim
1250 1961 1379 2002 etiam
1422 1960 1484 2002 uti
1518 1960 1750 2001 uerendum
1786 1962 1874 2010 est,
1918 1973 1985 2001 re-

221 2028 477 2083 pudiaturos
510 2042 617 2077 esse,
653 2042 748 2069 cum
782 2028 1004 2069 Romanae
1037 2026 1260 2068 Ecclesiae
1292 2031 1473 2067 nomeng
1505 2025 1703 2074 audient,
1738 2025 1850 2078 quod
1882 2025 1985 2066 hae-

221 2094 342 2148 reticj
379 2093 550 2147 quidem
584 2093 1001 2147 contemptissimum
1035 2092 1165 2145 uulgo
1188 2091 1468 2133 reddiderunt
1503 2125 1510 2133 .
1544 2090 1692 2144 Jgitur
1713 2090 1875 2131 nullum
1910 2088 1990 2132 aut'

222 2159 424 2212 exiguum
474 2158 763 2200 concessionis
811 2158 936 2199 huius
980 2158 1170 2199 fructum
1215 2156 1474 2211 sperabunt,
1523 2156 1558 2197 si
1604 2156 1655 2197 de
1698 2155 1895 2197 Ecclesia
1942 2157 1986 2198 et

220 2224 428 2267 Pontifice
470 2224 666 2266 Romano
710 2223 752 2265 in
795 2223 1112 2265 conditionibus
1156 2222 1317 2264 mentio
1362 2224 1439 2263 fiat
1473 2256 1480 2265 .
1519 2220 1898 2263 Verumenimuero
1942 2220 1986 2262 in

222 2290 335 2331 omni
381 2289 543 2331 difficili
591 2303 723 2331 causa
771 2302 880 2341 quae
926 2288 1194 2330 conficiunda
1241 2287 1495 2341 suscipitur,
1545 2300 1595 2328 ac
1638 2285 1895 2340 praesertim
1943 2285 1986 2326 in

220 2355 477 2408 grauissimo
511 2354 686 2407 negotio
720 2356 1026 2396 sacrosanctae
1048 2353 1148 2395 fidei
1181 2355 1225 2395 et
1247 2352 1484 2406 Religionis
1517 2355 1705 2402 nostrae,
1739 2365 1816 2406 spe
1848 2350 1988 2404 magis

220 2421 430 2462 bonorum
465 2420 716 2472 erigendus,
762 2433 887 2472 quam
923 2422 1041 2461 metu
1082 2419 1295 2460 malorum
1328 2417 1635 2460 concutiendus
1678 2419 1745 2459 est
1777 2416 1944 2459 animus
1979 2431 1987 2458 :

221 2499 361 2538 neque
395 2488 484 2527 tam
518 2485 694 2526 humani
728 2498 854 2526 casus
887 2487 931 2526 et
962 2484 1116 2526 incerti
1150 2486 1332 2525 euentus
1366 2482 1676 2525 extimescendi
1709 2485 1822 2532 sunt,
1857 2495 1985 2534 quam

221 2550 265 2591 in
298 2563 466 2591 summa
499 2550 653 2604 summj
678 2549 757 2591 Dei
779 2549 1053 2603 prouidentia
1088 2548 1403 2601 clementiaque
1436 2547 1573 2588 omnis
1595 2547 1795 2600 ponenda
1815 2546 1985 2597 fiducia,

223 2617 272 2657 ut
304 2629 359 2657 ex
382 2614 527 2656 diuina
550 2614 694 2667 gratia
716 2614 860 2668 potius
884 2628 1011 2667 quam
1034 2615 1224 2655 humana
1255 2612 1468 2654 industria
1489 2611 1805 2666 prudentiaque
1836 2614 1988 2654 nostra

223 2680 412 2734 pendere
454 2679 679 2721 uideamur
713 2713 720 2721 .
755 2679 1016 2733 Experimur
1053 2678 1167 2719 haud
1210 2677 1335 2719 dubie
1374 2691 1485 2719 nunc
1527 2690 1578 2718 ea
1619 2679 1891 2730 tempora,
1935 2676 1987 2718 de

226 2745 378 2798 quibus
410 2745 571 2786 Paulus
603 2744 823 2798 praedixit
857 2759 865 2785 ε
899 2743 991 2785 fore
1023 2743 1098 2785 illa
1130 2742 1497 2797 periculosa1,
1533 2741 1575 2782 in
1609 2741 1762 2795 quibus
1794 2741 1987 2783 homines

343 2873 357 2887 ἢ
385 2868 420 2900 V.
446 2878 558 2909 &repra
585 2877 721 2899 versam
746 2867 928 2908 scriptum.
1051 2865 1065 2885 b
1092 2864 1315 2899 obedientem
1342 2866 1525 2909 praestare
1552 2863 1645 2898 velle
1672 2863 1869 2898 catholicae
1897 2864 1988 2907 Saft.

348 2927 358 2940 ⁰
386 2930 526 2963 quoque
554 2920 647 2962 Saft.

345 2973 359 2992 ‘¹
390 2974 486 3014 Quae
502 2978 709 3016 sequuntur,
736 2983 844 3016 usque
862 2972 910 3005 ad
935 2982 1024 3015 opus
1050 2970 1127 3005 fore
1144 2970 1288 3005 uidetur
1309 2972 1401 3016 incl„
1428 2983 1450 3004 α
1470 2972 1520 3005 St.
1548 2972 1586 3004 in
1612 2982 1724 3014 marg).
1751 2971 1877 3003 addita
1894 2974 1986 3004 sunt.

350 3032 362 3046 θ
389 3026 559 3069 Sequitur
585 3025 638 3070 de,
665 3037 688 3059 α
715 3026 763 3059 St.
791 3025 1039 3059 oblitteratum».
1174 3024 1184 3044 s
1209 3025 1379 3068 Sequitur
1405 3035 1587 3069 expresse,
1613 3035 1636 3057 α
1663 3024 1714 3057 St.
1741 3023 1988 3057 oblitteratum.

346 3085 360 3103 ἕ
386 3079 555 3122 Sequitur
580 3090 636 3122 ne,
663 3090 683 3112 (ι
712 3079 761 3113 St.
789 3079 1035 3112 oblitteratum.

352 3196 360 3214 ¹
388 3195 409 3228 2
435 3195 524 3228 Tim.
553 3195 583 3236 3,
613 3196 642 3229 1.
