2093 3444
305 183 384 218 611.
421 181 588 217 Canisius
613 181 738 215 Ioanni
764 180 904 215 Rethio.
948 181 1041 223 Aug.
1068 179 1210 213 Vindel.
1241 179 1294 213 19.
1322 177 1489 212 Octobris
1517 178 1618 212 1561.
1767 179 1852 220 263

78 304 172 346 1000
204 302 357 345 turbas
380 303 625 354 componat,
660 313 710 341 ac
734 299 966 342 Rectorem
988 298 1123 340 faciat
1148 296 1498 339 moderatiorem.
1544 295 1658 338 Nam
1681 295 1855 349 scriptis

79 368 269 410 frustraa
309 381 406 408 cum
438 365 511 407 illo
545 365 617 418 agi
650 365 790 407 video.
854 364 997 414 Quare
1039 363 1093 405 ad
1126 365 1277 417 patres
1311 361 1603 411 consultores,
1648 361 1720 414 qui
1753 363 1855 403 sunt

79 432 357 486 Jngolstadij‚
391 430 546 481 scribo,
579 432 629 472 vt
659 431 762 473 Doc.
797 430 1008 472 Lanoium
1039 429 1155 471 mitti
1178 428 1394 470 Viennam
1427 426 1617 468 sinantl.
1663 426 1855 479 Egemus

78 498 147 540 hic
190 497 335 540 diuina
379 510 460 551 ope
506 498 551 538 et
589 495 790 550 precibus
831 495 882 537 R..
917 494 970 537 V.
1034 494 1238 536 Nondum
1278 493 1330 535 de
1372 492 1563 535 aduentu
1604 492 1708 533 Doc.
1743 492 1855 533 Jaen

79 563 374 618 cognouimus.
418 561 599 604 Vtinam
631 561 793 603 Rector
824 560 942 602 ferat
971 559 1151 602 consilia
1182 560 1228 602 P.
1254 558 1455 608 Hurtadi‚
1491 571 1617 611 quem
1650 559 1855 611 putamus

81 628 308 673 Germanis
340 626 640 669 humaniorem
673 640 723 668 ac
755 625 1094 668 mansuetiorem
1126 625 1219 667 fore
1233 624 1261 667 ¹³.

201 729 208 736 .
230 729 238 736 .
261 729 267 736 .
290 729 298 736 .
325 693 536 735 Dominus
559 692 749 745 gratiam
770 690 894 732 nobis
916 705 1040 733 suam
1063 693 1225 744 augeat
1247 690 1302 732 ad
1319 692 1425 732 vota
1447 688 1531 731 rite
1552 687 1855 742 persoluenda.

199 776 429 830 Augustae
465 777 517 817 18
553 775 704 817 Octob.
743 776 869 816 1561.

1032 839 1192 881 Seruus
1223 838 1267 879 in
1300 837 1470 880 Christo
1503 837 1549 879 P.
1585 836 1796 879 Canisius.

200 930 458 972 Reuerendo
490 929 534 970 in
567 928 737 970 Christo
770 927 899 982 patri,
934 927 991 969 M.
1024 927 1182 969 Iacobo
1216 927 1402 980 LayneZ‚
1442 925 1692 980 praeposito
1726 938 1858 978 gene-

80 995 163 1039 rali
195 995 419 1038 societatis
451 995 571 1044 50011,
605 993 719 1048 patri
754 992 1056 1034 colendissimo
1644 990 1797 1034 Roma.

202 1081 386 1117 Salmeron
412 1093 475 1127 per
500 1081 776 1116 Ribadeneiram
803 1079 990 1125 rescripsit
1018 1081 1047 1114 1.
1074 1078 1288 1113 Novembris
1317 1079 1418 1113 1561.

915 1205 1027 1247 611.

824 1299 1122 1347 CANISIUS

532 1399 597 1442 P.
630 1399 893 1442 IOANNI
925 1398 1213 1442 RETRIO
1248 1398 1304 1441 S.
1337 1398 1412 1451 J„

247 1482 462 1518 coloniensis
489 1481 671 1527 gymnasii
696 1482 804 1516 trium
834 1493 1047 1515 coronarum
1078 1480 1274 1524 „regenti“‚
1300 1479 1511 1523 Moguntiae
1537 1479 1700 1514 moranti.

545 1569 715 1616 Augusta
741 1568 1015 1606 vindelicorum
1042 1567 1090 1604 19.
1119 1567 1288 1604 Octobris
1314 1567 1401 1603 1561.

82 1707 114 1742 R
202 1653 258 1687 Ex
284 1652 508 1741 agogmpho
537 1652 609 1695 (20;
640 1652 681 1695 ¹s2
709 1664 762 1697 p.;
790 1651 826 1685 in
852 1664 885 1696 p.
913 1652 945 1686 2.
973 1652 1080 1686 inscr.
1107 1653 1144 1685 et
1170 1663 1254 1696 pars
1279 1650 1377 1694 sig).
1429 1650 1512 1685 Cod.
1540 1650 1652 1684 colon.
1681 1650 1791 1695 „Epp.
1818 1649 1863 1684 ad

117 1707 209 1742 eth.“
239 1707 263 1741 f.
294 1708 308 1740 1
339 1707 371 1741 8.

203 1786 255 1819 De
281 1785 416 1827 colleyii
449 1784 651 1827 vnoyemtini
685 1784 800 1817 initiis
832 1784 972 1827 yazcdet.
1024 1783 1070 1817 Se
1104 1782 1367 1826 archiepiscopo
1392 1782 1563 1825 seribere,
1599 1786 1637 1814 'ut
1672 1793 1712 1814 ea
1738 1785 1863 1815 eontra

83 1840 329 1883 adversarios,
365 1839 470 1871 etiam
495 1838 762 1877 ecclesiasticos,
798 1841 952 1870 tueatur.
1002 1837 1160 1870 Velseros
1193 1836 1457 1879 archiepiscopo
1486 1837 1677 1879 pecuniam
1704 1840 1864 1868 mutuam

83 1893 172 1926 dare
205 1893 307 1926 nolle.
358 1892 546 1934 Principes
582 1892 743 1924 electores
777 1891 880 1924 tarde
913 1891 1053 1924 solvere.
1107 1890 1221 1923 Sociis
1254 1901 1319 1932 per
1356 1889 1563 1922 Trici'entum
1598 1889 1864 1922 transeuntibus

83 1947 206 1989 stipem
232 1946 354 1979 datam
379 1956 458 1979 esse.

962 2010 989 2030 ‚5-

972 2030 979 2062 1

465 2093 559 2135 Pax
591 2092 750 2135 Christi
783 2092 1006 2134 nobiscum
1039 2091 1299 2134 Charissime
1334 2091 1485 2134 frater.

204 2182 468 2225 Benedictus
501 2183 639 2233 Deus,
683 2182 756 2236 qui
787 2182 949 2225 fratres
989 2182 1168 2224 tandem
1199 2181 1343 2224 isthuc
1376 2181 1552 2223 adducit
1587 2180 1754 2223 tamdiu
1787 2194 1865 2222 ex-

86 2250 318 2304 optatos2‚
362 2251 407 2291 et
437 2248 723 2302 Moguntinae
754 2247 978 2290 Ecclesiae
1010 2247 1076 2289 vti
1114 2261 1263 2301 spero,
1307 2246 1554 2289 commodos
1596 2246 1820 2300 operarios
1853 2278 1863 2288 .

86 2315 240 2369 quibus
280 2313 448 2357 vtinam
489 2313 612 2355 breui
652 2314 788 2356 addat
827 2313 1039 2355 Dominus
1071 2313 1304 2355 Rectorem
1345 2315 1478 2365 atque
1520 2312 1866 2355 contionatorem

85 2381 190 2423 Doc.
223 2380 506 2422 Lambertum
522 2380 552 2430 3,
587 2379 707 2421 cuius
739 2379 892 2422 literas
923 2379 1122 2421 Lubecae
1155 2378 1342 2432 scriptas
1374 2377 1565 2422 adiunxi.
1629 2376 1867 2431 Prosperet

87 2445 285 2488 dominus
317 2444 512 2499 auspicia
545 2444 739 2499 collegij,
783 2444 896 2498 quod
928 2445 973 2486 in
1004 2445 1087 2486 hac
1119 2444 1227 2498 Rep.
1261 2445 1366 2498 puto
1409 2443 1517 2486 satis
1549 2443 1864 2485 laboraturum.

87 2511 300 2553 Gonfirmo
332 2509 473 2553 literis
495 2509 603 2551 meis
636 2509 827 2551 animum
850 2510 1065 2564 praesulis
1081 2511 1097 2536 4
1128 2509 1172 2550 in
1198 2509 1280 2550 hoc
1302 2508 1371 2563 pio
1394 2507 1610 2559 instituto,
1645 2510 1688 2550 et
1710 2520 1864 2549 moneo

87 2590 142 2618 ne
173 2576 316 2618 locum
355 2575 523 2618 tribuat
563 2575 693 2617 facile
735 2575 1142 2626 calumniatoribus,
1186 2588 1294 2628 quos
1334 2577 1439 2628 puto
1480 2573 1610 2616 isthic
1652 2573 1784 2616 etiam
1821 2572 1866 2614 in

88 2641 203 2684 clero
246 2640 422 2682 minime
470 2640 696 2683 defuturos
712 2641 742 2684 5.
815 2640 900 2683 Sed
946 2640 1029 2682 hae
1075 2640 1357 2682 difficultates
1404 2638 1564 2681 Christi
1610 2638 1776 2681 virtute
1821 2639 1866 2679 et

209 2779 223 2794 ³
249 2774 458 2817 Sequuntur
481 2783 531 2806 vv.
557 2772 618 2806 uel
643 2784 791 2817 parum,
819 2773 862 2806 ab
888 2774 965 2816 ipso
993 2773 1042 2817 C.‚
1072 2777 1107 2806 nt
1134 2773 1310 2816 videntur,
1337 2773 1549 2806 oblitterata.
1662 2772 1677 2791 ἴ)
1703 2771 1779 2805 fere
1805 2782 1863 2815 ap.

213 2909 222 2929 ¹
248 2908 301 2942 De
327 2907 396 2942 hac
422 2907 546 2941 Lanoii
571 2907 754 2951 legatione
780 2907 863 2941 vide
889 2907 994 2946 infra,
1020 2918 1177 2942 monum.
1205 2906 1286 2941 381.
1314 2906 1395 2941 382.

211 2962 224 2982 2
250 2960 345 2996 Socii
369 2961 484 2995 Roma
517 2961 743 3004 Moguntiam
781 2961 826 2994 ad
865 2960 1058 3004 collegium
1095 2960 1163 2995 hoc
1200 2959 1438 2994 incohandum
1478 2959 1580 2993 missi
1621 2958 1718 3002 (vide
1756 2969 1866 3004 supra

90 3027 123 3061 p.
159 3015 245 3060 216)
275 3015 318 3049 ab
358 3014 412 3049 18.
449 3013 493 3048 ad
529 3014 584 3048 20.
622 3013 790 3048 Octobris
824 3014 1014 3057 Augustae
1049 3025 1130 3047 cum
1167 3013 1310 3047 Canisio
1344 3013 1604 3052 versabantur;
1642 3012 1725 3046 vide
1760 3012 1864 3055 infra,

90 3081 124 3114 p.
151 3069 220 3103 272
248 3071 284 3103 et
308 3079 465 3102 monum.
492 3067 572 3102 277.
721 3068 733 3087 ³
758 3068 867 3102 Auer.
1013 3068 1028 3087 4
1052 3066 1214 3101 Danielis
1242 3065 1396 3100 Brendel
1421 3078 1441 3100 a
1468 3065 1666 3109 Homburg.

212 3123 225 3142 ⁵
250 3123 404 3156 Ioannes
429 3121 616 3164 Mon-onus,
644 3121 835 3165 episcopus
860 3120 1076 3155 mutinensis
1102 3123 1138 3154 et
1162 3120 1312 3154 nuntius
1338 3119 1568 3164 apostolicus,
1596 3118 1700 3164 Spira
1726 3119 1782 3154 20.
1801 3119 1864 3153 Fe-

90 3175 226 3210 bruarii
254 3175 344 3209 1542
379 3174 587 3209 Alexandro
623 3173 797 3208 cardinali
831 3174 1002 3208 Farnesio
1038 3173 1203 3218 scripsit:
1240 3173 1430 3207 Albertum
1465 3173 1864 3216 Brandenburgensem,
