2093 3444
242 207 326 246 540
773 202 852 236 729.
888 201 1039 235 Ioannes
1065 201 1108 235 de
1133 200 1289 235 Polanco
1317 200 1469 236 Canisio.

241 324 390 371 antea,
425 335 520 362 cum
554 320 606 362 de
640 319 781 361 Calice
814 319 936 361 laicis
969 319 1241 361 concedendo
1276 319 1584 372 disputaretur.
1648 318 1775 361 Faxit
1810 319 1926 361 Deus
1958 321 2007 361 vt

243 389 419 441 optatus
452 388 660 439 sequatur
693 384 850 428 exitus

359 450 565 493 Pontifex
605 450 668 493 ita
709 464 754 492 se
797 463 1072 504 comparasse
1112 448 1267 491 dicitur
1307 451 1357 490 vt
1395 448 1438 489 in
1481 448 1637 490 nullius
1679 448 1868 502 gratiam
1900 448 2006 491 velit

240 516 421 558 liberam
462 515 705 569 relinquere
746 515 824 556 sub
867 518 1053 567 Vtraque
1095 513 1238 568 specie
1281 513 1622 555 communionem
1638 515 1664 556 1.
1729 513 1821 563 Qua
1862 514 1914 556 de
1958 527 2005 556 re

242 581 383 624 coacti
427 595 573 622 sumus
618 580 672 622 ad
714 579 915 622 Cesarem
963 582 1159 622 nostram
1203 593 1372 632 quoque
1417 578 1677 621 sententiam
1725 578 2005 632 perscribere.

240 647 450 688 Dominus
481 646 590 687 bene
624 647 771 687 vertat
801 644 1044 698 principum
1078 643 1278 693 consilia,
1313 643 1385 697 qui
1417 657 1725 696 nonnunquam
1757 643 2006 685 melioribus

242 715 422 766 egerent
467 710 738 763 consiliarijs.
802 710 883 752 Est
927 709 1042 764 apud
1085 723 1163 750 nos
1210 708 1507 751 testimonium
1556 722 1581 750 a
1628 708 1785 762 legatis
1830 708 2007 762 Concilij

242 776 535 830 conscriptum
567 775 611 817 in
644 775 940 817 defensionem
974 775 1023 817 R.
1057 789 1098 828 p.
1132 773 1271 816 nostri
1284 774 1313 824 2,
1349 774 1400 815 de
1434 787 1516 826 quo
1549 773 1694 815 nescio
1728 773 1800 826 qui
1824 773 2007 816 AEmuli

241 842 418 895 indigna
446 843 712 895 sparserant,
746 840 827 882 hoc
859 839 998 894 ipsum
1021 839 1183 894 poterit
1206 839 1255 881 R.
1280 853 1320 893 p.
1345 838 1628 893 prouinciali3
1661 853 1686 880 a
1709 838 1831 880 vobis
1863 841 2007 881 trans-

240 907 354 950 mitti
390 942 398 949 .
433 921 472 961 p.
508 905 749 960 Scipionem
782 905 925 948 isthuc
958 919 1053 946 cum
1086 904 1201 946 socio
1235 904 1434 946 Simeone
1466 903 1717 958 peruenisse
1748 903 2007 946 incolumem

242 987 367 1027 spero
381 974 408 1014 4.
455 971 573 1013 Scoti
595 971 772 1013 fuerunt
795 970 1033 1020 Tridenti⁵‚
1070 984 1109 1024 p.
1134 969 1382 1022 gaudanum
1417 972 1460 1012 et
1484 971 1679 1011 coeteros
1711 968 1838 1011 isthic
1861 969 2005 1011 saluos

243 1052 337 1080 esse
370 1039 586 1092 putamus.
653 1036 788 1078 Orate
829 1049 906 1090 pro
948 1049 1088 1077 messe
1126 1038 1277 1076 nostra
1311 1035 1591 1088 Augustana‚
1637 1047 1747 1087 quae
1778 1034 2007 1076 Domino

242 1103 485 1145 fructum
518 1102 748 1152 reddit0‚
783 1104 827 1144 et
858 1114 935 1155 pro
969 1100 1091 1141 nobis
1125 1103 1172 1142 rt
1205 1100 1248 1141 in
1281 1100 1362 1142 hac
1395 1113 1536 1141 messe
1568 1099 1735 1142 Vtiliter
1767 1113 2006 1154 operemur.

243 1169 489 1211 Salutatum
536 1167 660 1222 cupio
705 1167 755 1209 D.
796 1165 1036 1208 Dionisium
1077 1165 1127 1207 D.
1162 1165 1470 1207 Franciscum7
1515 1168 1597 1206 etc.
1661 1164 1821 1207 Christi
1865 1164 2009 1218 gratia

241 1234 465 1275 nobiscum
509 1235 732 1287 perpetuo.
798 1232 979 1274 Sanctos
1025 1231 1249 1272 Ecclesiae
1294 1233 1468 1272 vestrae
1512 1233 1719 1284 patronos
1764 1244 1841 1284 pro
1886 1229 2008 1272 nobis

241 1299 483 1354 implorate.
548 1297 748 1351 Auguste
783 1298 836 1337 24
869 1296 1080 1338 Nouemb.
1122 1297 1245 1338 1562.

1507 1361 1667 1403 Seruus
1699 1360 1741 1402 in
1776 1360 1948 1403 Christo

1584 1426 1629 1468 P.
1664 1425 1873 1468 Canisius.

1063 1526 1192 1568 729.

662 1626 720 1667 P.
754 1624 1072 1668 10ANNES
1107 1624 1203 1666 DE
1238 1624 1597 1677 POLANCO,

847 1712 1064 1747 secretarius
1092 1712 1282 1747 societatis
1310 1713 1401 1754 lesu,

590 1801 759 1844 nomine
791 1802 936 1843 Iacobi
968 1801 1120 1852 Lainii,
1156 1800 1393 1855 praepositi
1425 1801 1655 1854 generalis,

992 1901 1264 1950 CANISIO.

821 2009 994 2046 Tridento
1021 2010 1078 2045 24.
1107 2008 1316 2045 Novembris
1343 2009 1437 2045 1562.

364 2100 419 2133 Ex
445 2098 670 2144 apographo,
707 2098 829 2132 eodeni
856 2098 930 2131 fere
957 2100 1117 2142 tempore
1143 2096 1298 2141 scripto;
1328 2096 1364 2129 in
1391 2096 1552 2139 margine
1580 2096 1703 2129 eadem
1730 2107 1838 2129 manu
1864 2094 2009 2129 adnota-

246 2156 322 2187 tum
349 2155 422 2187 est:
454 2152 686 2196 „Alemagna.
721 2151 765 2185 Al
792 2151 903 2196 padre
931 2150 1073 2185 Canisio
1101 2152 1137 2184 et
1163 2149 1280 2184 Padre
1306 2148 1460 2193 Lanoyst‘
1516 2148 1600 2183 Cod.
1633 2147 1694 2189 Ν.
1722 2147 1760 2182 P.
1788 2147 1852 2182 62“
1882 2147 1906 2181 f.
1934 2147 2010 2182 57³.

365 2205 530 2251 Epistula
557 2217 644 2240 usus
671 2207 736 2245 est.
765 2207 804 2239 ut
830 2204 985 2239 videtur.
1014 2204 1221 2243 Sacchinus,
1251 2202 1336 2236 Can.
1364 2214 1397 2247 p.
1425 2202 1504 2236 334.

366 2289 419 2322 De
447 2286 688 2332 ‚‚z·i31'lcttc'oiie“
717 2287 929 2330 hisloi-stadii
955 2291 984 2320 et
1011 2288 1193 2329 Auqnstcte
1218 2296 1240 2318 α
1260 2286 1296 2319 P.
1317 2285 1446 2318 Natale
1470 2285 1578 2326 facta.
1629 2284 1682 2317 De
1709 2283 1811 2315 libris
1833 2291 2013 2325 {smmum-

248 2342 338 2385 z‘ic·is,
365 2342 571 2384 rhetoricis,
607 2342 729 2384 Ionicis
754 2341 790 2373 in
824 2341 1038 2374 Germaniae
1063 2340 1261 2383 superioris
1296 2339 1449 2381 collessiis
1482 2337 1715 2380 usmpamlis.
1769 2336 1919 2377 Quando
1953 2335 2013 2367 720-

249 2396 359 2427 mines
394 2395 437 2427 ab
471 2395 659 2428 haereticis
695 2395 892 2437 baptizatos
930 2395 1057 2427 iterum
1094 2394 1190 2433 (cnm
1228 2391 1450 2432 condicione)
1488 2391 1669 2433 baptizare
1702 2390 1814 2423 liceat.
1869 2388 2013 2422 Canisio

250 2449 353 2481 licere
379 2449 519 2491 quidem
543 2458 683 2481 sacram
721 2448 947 2490 Scripturam
973 2447 1122 2489 planius
1157 2447 1214 2486 (ut
1249 2446 1323 2488 ipse
1348 2445 1462 2484 dicat)
1499 2454 1521 2476 (ι
1548 2443 1826 2486 protestantibus
1859 2448 1965 2485 quam
1991 2452 2012 2474 a

250 2501 432 2534 catholicis
454 2501 654 2544 yermanice
688 2511 821 2533 rersam
859 2504 889 2532 et
919 2500 1060 2533 Calec'ni
1086 2500 1355 2532 commentarios
1380 2498 1523 2530 bibh'cos
1556 2497 1666 2540 {eslere
1692 2507 1799 2539 neque
1833 2499 1950 2528 tamen
1976 2494 2014 2527 ic]

249 2556 300 2588 ita
328 2555 559 2587 necessarium
588 2554 711 2587 rideri.
763 2554 816 2587 De
842 2554 988 2596 „requisi
1013 2550 1121 2586 soz-ii“
1160 2552 1344 2585 Societatis
1376 2550 1616 2583 sacerdotibus
1643 2550 1872 2592 praescripta
1906 2549 2012 2580 inter-

248 2607 436 2650 pretanda.
487 2607 612 2639 Licere
637 2607 774 2650 quidem
803 2607 953 2639 reditum
989 2605 1058 2638 sibi
1076 2615 1216 2647 parare
1247 2605 1432 2647 pecuniam
1460 2603 1655 2645 rendendo,
1691 2612 1762 2635 non
1795 2606 1909 2634 tamen
1938 2611 2011 2633 eam

250 2664 409 2693 mutuam
447 2660 577 2693 dando.
627 2660 681 2693 De
718 2659 820 2693 Socio
859 2659 1030 2702 quodam,
1069 2658 1212 2692 concilii
1247 2658 1397 2689 sessione
1429 2657 1621 2699 procl-ima,
1659 2655 1844 2687 cardinale
1882 2653 2012 2688 Lotha-

250 2725 402 2757 rznyme.

373 2865 384 2885 ¹
410 2864 603 2898 Rumorem
628 2862 723 2897 hunc
748 2862 881 2896 falsum
908 2861 1039 2901 fuisse,
1075 2872 1154 2895 curn
1182 2860 1253 2894 alia
1282 2859 1380 2903 (vide
1406 2870 1514 2904 supra
1540 2871 1573 2903 p.
1602 2857 1708 2902 528),
1747 2859 1824 2892 tum
1857 2855 2013 2890 maxime

253 2917 374 2952 calicis
400 2916 650 2952 concessiones
676 2927 706 2950 a.
737 2915 827 2950 1564
853 2926 873 2948 a
900 2914 964 2948 Pio
990 2914 1051 2948 IV.
1077 2914 1196 2948 factae
1221 2912 1373 2947 suadere
1400 2911 1577 2946 videntur.

374 2971 386 2991 ²
412 2970 545 3009 Lainii;
573 2969 656 3003 vide
681 2980 790 3014 supra
816 2980 849 3013 p.
877 2967 1075 3002 531—532.

353 3024 387 3068 ¹³
414 3023 596 3057 Everardo
622 3022 858 3056 Mercuriano.

373 3078 386 3097 4
412 3075 464 3110 De
489 3075 529 3110 P.
556 3075 746 3110 Francisco
773 3074 937 3119 Scipione
963 3074 999 3107 et
1024 3073 1072 3107 M.
1097 3071 1238 3106 Simone
1264 3071 1432 3112 Pruteno,
1459 3070 1493 3105 S.
1513 3071 1555 3111 J.⁷
1583 3082 1617 3103 v.
1644 3080 1752 3114 supra
1779 3080 1811 3113 p.
1833 3067 1913 3103 518.
1931 3065 2010 3101 520.

376 3130 388 3149 ⁵
413 3128 506 3162 Vide
531 3139 639 3173 supra
666 3140 699 3173 p.
727 3127 925 3162 524—525.
953 3126 1032 3161 536.
1131 3125 1144 3145 ⁶
1169 3124 1299 3159 Matth.
1327 3124 1382 3164 21,
1408 3123 1466 3158 40.
1492 3124 1549 3157 41.

374 3182 386 3202 ἵ
412 3181 483 3215 ΡΡ.
511 3180 706 3215 Hem-icum
732 3180 944 3225 Dionysium
971 3181 1006 3213 et
1032 3178 1263 3212 Franciscum
1291 3176 1488 3218 Costerum,
1515 3175 1549 3210 S.
1577 3175 1609 3210 J.
