2093 3444
227 192 310 232 608
474 188 632 221 Monuni.
663 186 896 230 (augustana)
926 187 1004 221 ⁴241.
1035 188 1081 229 (A
1107 199 1152 221 m.
1180 188 1344 222 Ianuario
1372 188 1415 221 ad
1442 188 1601 233 Aprilem
1631 188 1747 232 1562.)

343 303 478 356 Virgo
511 303 595 345 fuit
626 302 802 353 nobilis⁷
837 305 881 345 et
914 303 1154 354 comitissa,
1190 318 1300 356 quae
1333 318 1428 346 cum
1460 305 1705 358 Augustam
1738 308 1855 348 esset
1886 320 1985 360 pro-

225 369 342 410 fecta
384 371 428 410 et
468 367 581 409 inter
612 367 856 410 haereticos
898 367 1081 411 uixisset
1113 369 1345 419 hactenus,
1389 372 1432 411 et
1464 370 1517 411 ad
1557 384 1629 412 eos
1661 384 1708 411 se
1748 370 1984 413 redituram

225 433 356 475 sciret
390 448 398 474 :
432 435 579 474 tamen
613 433 833 475 Catholice
866 447 892 474 a
924 433 1046 475 nobis
1083 433 1320 483 instructa,
1363 448 1441 488 per
1481 449 1559 476 nos
1601 435 1732 477 etiam
1764 435 1986 477 Ecclesiae

225 498 474 540 Catholicae
506 498 643 539 uoluit
675 497 958 552 reconciliarj.
1012 498 1264 540 Curauimus
1298 498 1462 550 deinde,
1497 502 1545 541 ut
1577 503 1620 542 et
1654 500 1867 542 Patricius
1899 500 1984 550 ille,

225 566 269 605 et
301 563 426 616 virgo
458 563 545 605 iam
579 563 707 613 dicta,
742 577 863 604 sacro
891 563 1133 606 Chrismate
1165 565 1218 606 ab
1241 563 1455 618 Episcopo
1488 568 1767 617 ungerentur,
1801 565 1985 607 maiore-

225 642 307 682 que
340 628 472 669 diuini
506 628 684 682 spiritus
716 628 861 681 gratia
893 629 1297 679 confirmarenturl,
1340 629 1540 670 nimirum
1573 634 1620 672 ut
1652 644 1729 684 pro
1761 630 1866 680 fide,
1910 631 1985 671 ad-

225 707 377 735 uersus
400 693 498 735 fidei
520 693 668 735 hostes
690 696 910 747 pugnenta
942 693 1098 736 fortius
1132 729 1139 736 .
1174 695 1201 736 J
1204 708 1272 736 am
1306 697 1354 736 ut
1375 695 1524 748 paucis
1550 695 1687 738 multa
1711 696 1984 749 complectar,

229 758 520 812 compluribus
553 759 606 800 ab
629 758 727 800 hinc
760 758 897 809 annis,
932 759 1069 801 maior
1090 759 1316 813 Augustae
1349 760 1443 801 uisa
1474 774 1559 802 non
1592 763 1658 802 est
1679 761 1808 803 turba
1839 760 1987 814 poeni—

226 824 434 874 tentium,
476 823 629 876 quibus
662 826 854 866 nostram
890 824 1084 866 dedimus
1117 839 1291 878 operam
1325 825 1473 867 diebus
1506 825 1687 878 integris
1720 826 1774 868 ad
1806 826 1986 868 multam

226 903 361 942 usque
406 892 577 931 noctem
615 924 622 931 .
658 888 699 931 Si
744 903 894 930 uerum
939 892 1006 932 est
1044 890 1156 943 quod
1194 893 1459 941 memorant,
1506 893 1549 932 et
1590 891 1703 932 unde
1743 905 1827 932 non
1860 889 1984 945 pauci

226 953 461 1003 mirantur,
505 953 620 995 mille
652 954 731 995 1100
764 968 876 996 311110
909 955 1054 1008 plures
1087 955 1230 1005 fuere,
1274 955 1346 1008 qui
1378 970 1501 997 sacro
1533 955 1761 997 Paschatis
1792 958 1987 1009 tempore

228 1032 399 1060 sacram
441 1019 586 1060 adiere
628 1019 842 1072 synaxim.
906 1020 1015 1060 Tum
1057 1020 1185 1062 solito
1217 1021 1363 1074 plures
1396 1023 1583 1074 pergunt
1625 1020 1806 1073 singulis
1838 1020 1987 1062 diebus

227 1083 463 1125 Dominicis
496 1097 519 1125 0
552 1083 712 1126 nostris
745 1084 942 1126 manibus
974 1088 1123 1138 petere
1164 1099 1354 1138 panem
1395 1085 1515 1127 illum
1558 1086 1986 1139 supersubstan—

225 1149 418 1192 tialem
425 1183 570 1191 .....
578 1150 594 1175 2

346 1215 567 1256 Ornantur
589 1214 823 1256 etiamnum
848 1215 1011 1268 templa
1032 1215 1114 1269 pijs
1137 1215 1409 1268 imaginibus,
1444 1230 1550 1269 quas
1573 1219 1704 1258 antea
1728 1215 1988 1257 disiecerant

227 1294 277 1321 ac
310 1279 595 1322 deuastarant
635 1279 878 1332 sacrilegi3.
941 1279 1058 1329 Quae
1097 1280 1151 1321 ad
1184 1281 1338 1323 altaris
1370 1281 1590 1335 pertinent
1622 1279 1900 1330 sacrificium,
1944 1283 1988 1322 et

226 1345 279 1386 ad
311 1344 507 1386 diuorum
540 1344 757 1397 reliquias,
792 1358 818 1386 a
851 1344 1076 1387 ditioribus
1109 1346 1461 1395 cohonestantur,
1495 1349 1721 1400 parantur,
1756 1346 1985 1388 donantur.

227 1409 463 1451 Redierunt
509 1409 681 1462 quidam
725 1409 779 1450 ad
828 1410 1174 1453 obseruationem
1221 1411 1365 1464 ieiunij
1411 1411 1825 1465 Quadragesimalis‚
1876 1410 1987 1463 quod

226 1474 352 1516 foede
392 1475 637 1527 neglectum
680 1474 792 1517 iacet
834 1474 876 1516 in
920 1476 1152 1517 Germania
1193 1476 1368 1517 nimium
1412 1477 1652 1531 crapulosa.
1725 1476 1810 1530 Alij
1861 1478 1988 1518 nocte

226 1540 488 1593 intempesta
520 1540 746 1581 Domino
780 1540 1098 1583 confitentu
1111 1543 1178 1591 1¹⁴,
1214 1545 1257 1584 et
1290 1542 1424 1584 ueluti
1457 1556 1552 1584 cum
1585 1542 1753 1584 Christo
1786 1542 1829 1583 111
1863 1542 1987 1583 horto

227 1608 461 1659 precantur
502 1605 786 1648 stertentibus
826 1606 965 1659 alijs5.
1031 1606 1231 1659 Virgines
1273 1621 1357 1648 non
1390 1621 1553 1661 paucae
1595 1606 1811 1650 castitatis
1843 1620 1989 1648 amore

226 1670 438 1723 flagrant,
483 1670 697 1712 Christum
740 1684 942 1724 sponsum
983 1671 1244 1722 ambientes,
1288 1686 1414 1725 quem
1455 1672 1498 1713 in
1539 1672 1813 1726 monasterijs
1854 1671 1987 1713 ueluti

228 1735 411 1777 desertis
425 1736 454 1785 (ἵ,
493 1735 668 1789 propius
701 1737 903 1790 amplecti
936 1739 1207 1786 statuerunt,
1247 1737 1349 1780 licet
1380 1741 1584 1791 parentes
1618 1740 1662 1779 et
1694 1737 1818 1790 amicj
1851 1737 1988 1778 recla—

227 1803 345 1843 ment
380 1835 387 1843 .
422 1801 620 1844 Habetur
652 1804 696 1843 et
719 1815 821 1843 cura
846 1816 1097 1856 pauperum,
1132 1803 1304 1855 quinos
1326 1803 1577 1856 frequentes
1610 1803 1783 1852 adeunt,
1816 1804 1988 1843 nostra-

228 1879 309 1918 que
349 1866 659 1908 intercessione
703 1867 1013 1917 commendati‚
1059 1882 1085 1909 a
1126 1868 1351 1910 ditioribus
1389 1868 1651 1910 adiuuantur
1685 1903 1692 1910 .
1728 1868 1775 1909 In
1816 1866 1988 1920 templis

229 1931 432 1985 cultuque
455 1931 599 1973 diuino
622 1931 777 1973 mirum
802 1946 928 1985 quam
954 1932 1023 1973 diu
1057 1936 1100 1975 et
1124 1947 1251 1985 quam
1284 1932 1487 1986 religiose
1509 1933 1702 1975 nonnulli
1724 1935 1955 1987 precentur
1978 1966 1985 1974 .

226 1995 444 2038 Adsumus
477 1999 520 2039 et
552 1997 764 2050 aegrotis,
800 1998 1074 2039 consolamur
1106 1998 1357 2048 morientes,
1397 1999 1610 2040 tradimus
1642 1997 1985 2040 Cathechismum

226 2061 326 2116 filijs
358 2061 666 2113 Patriciorum‚
711 2062 782 2115 qui
815 2066 916 2106 sunt
948 2063 1174 2116 Augustae
1207 2063 1398 2117 primarij
1434 2099 1442 2106 .
1477 2064 1631 2106 Refert
1662 2063 1832 2106 interim
1866 2062 1987 2104 nobis

225 2126 337 2168 hanc
379 2127 567 2179 gratiam
602 2128 788 2178 Sathan‚
832 2131 881 2170 ut
913 2128 1071 2170 multos
1112 2128 1275 2171 excitet
1308 2129 1663 2179 calumniatores,
1706 2143 1756 2170 ac
1798 2129 1988 2182 opponat

227 2192 442 2242 aemulos,
490 2192 561 2245 qui
606 2192 761 2246 Canisij
808 2193 1038 2247 praecipue
1083 2207 1258 2243 nomen,
1305 2194 1544 2236 doctrinam
1589 2198 1633 2237 et
1676 2193 1985 2236 authoritatem

227 2257 456 2299 obscurare
489 2258 754 2300 contendunt
789 2293 796 2301 .
831 2258 943 2300 Hinc
976 2259 1098 2300 varia
1141 2262 1185 2301 et
1216 2259 1325 2301 mira
1366 2273 1495 2314 saepe
1532 2261 1740 2313 figmenta
1781 2258 1833 2300 de
1865 2257 1986 2299 nobis

228 2323 453 2375 Augustae
475 2326 752 2376 sparguntur,
786 2326 877 2365 tum
907 2323 1027 2365 libris
1051 2323 1182 2366 etiam
1205 2324 1331 2366 editis
1354 2325 1407 2366 ab
1430 2325 1526 2367 istis
1547 2323 1769 2366 Ecclesiae
1791 2323 1986 2364 hostibus

226 2389 269 2428 et
292 2387 486 2440 pestibus
514 2387 762 2429 incusamur
796 2423 803 2430 .
838 2388 1013 2431 Audent
1035 2388 1177 2439 fateri,
1212 2404 1340 2430 unum
1364 2389 1443 2431 sibi
1467 2390 1617 2431 obesse
1640 2388 1869 2438 Canisium,
1903 2400 1985 2440 quo

226 2451 365 2492 minus
388 2452 615 2504 Augustae
637 2453 844 2506 procedat
866 2468 988 2494 suum
1014 2454 1388 2506 cacoeuangelion‚
1414 2454 1532 2496 cuius
1550 2457 1616 2497 tot
1633 2453 1725 2495 fieri
1743 2453 1986 2495 desertores

226 2516 395 2570 publice
428 2520 748 2569 conqueruntur
781 2552 788 2559 .
814 2518 975 2559 Verum
1008 2518 1118 2560 hanc
1149 2518 1340 2572 ipsorum
1371 2519 1695 2572 querimoniam,
1729 2532 1807 2559 nos
1833 2517 1985 2558 Eccle-

226 2580 315 2623 siae
347 2582 526 2631 lucrum,
559 2581 726 2635 piorum
760 2583 1037 2636 applausum,
1072 2586 1116 2625 et
1148 2584 1413 2636 Angelorum
1446 2583 1679 2636 gaudium⁷
1713 2583 1982 2637 deputamus.

345 2698 355 2710 ³²
383 2696 569 2736 punguent
594 2691 723 2724 arc-leret.

350 2797 356 2813 ¹
384 2793 539 2828 Dubium
563 2794 627 2828 vix
653 2796 726 2835 est,
762 2793 847 2838 quin
872 2794 1028 2828 Michael
1054 2793 1278 2838 Dornvogel,
1315 2794 1502 2840 episcopus
1536 2795 1693 2830 titularis
1728 2795 1984 2840 adramytanus

226 2850 261 2881 et
286 2848 535 2890 suffraganeus
561 2849 794 2891 augustanus,
821 2858 945 2882 sacrae
971 2847 1250 2882 confirmationis
1275 2851 1538 2883 sacramentum
1564 2849 1599 2883 in
1626 2860 1686 2883 eos
1711 2847 1912 2883 contulerit.

345 2901 358 2920 ²
384 2900 513 2934 Matth.
541 2901 572 2942 6,
602 2901 655 2935 11.

347 2954 359 2973 3
385 2953 543 2987 Maxime
569 2965 601 2988 a.
630 2953 740 2994 1537,
767 2965 847 2987 cum
872 2965 893 2987 a
919 2955 1046 2987 senatu
1072 2953 1171 2987 urbis
1196 2954 1421 2994 sacerdotes,
1455 2954 1639 2996 monachi,
1674 2965 1797 2989 sacrae
1822 2953 1982 2996 virgines

225 3006 312 3040 urbe
337 3005 431 3051 pulsi
457 3009 597 3048 essent,
631 3006 766 3040 multae
792 3017 916 3040 sacrae
942 3007 1116 3050 imagines
1143 3018 1223 3040 eum
1257 3007 1375 3052 pictae
1409 3010 1485 3042 tum
1520 3007 1681 3052 sculptae
1715 3007 1751 3041 in
1786 3007 1982 3041 cathedrali

225 3058 376 3104 aliisque
403 3059 565 3093 ecclesiis
591 3071 739 3094 eversae
766 3061 867 3094 erant
895 3059 1063 3103 (Janssen
1089 3059 1111 3093 1.
1139 3071 1167 3093 c.
1195 3059 1256 3101 HI,
1283 3061 1498 3104 355—356).

346 3114 358 3132 4
384 3112 442 3147 Ps.
463 3114 493 3153 7,
516 3112 577 3154 183
605 3114 635 3154 9,
663 3113 703 3154 2;
733 3113 809 3154 135,
830 3113 845 3147 1
867 3114 933 3147 etc.
1033 3113 1046 3132 ⁵
1072 3112 1124 3145 Cf.
1142 3112 1274 3146 Matth.
1292 3114 1347 3153 26,
1367 3114 1515 3148 36—46.
1551 3114 1661 3148 Marc.
1683 3114 1736 3154 14,
1756 3113 1895 3147 32-42
1913 3115 1980 3147 etc.

347 3166 359 3185 ὓ
386 3165 439 3199 Cf.
468 3165 568 3200 Cant.
596 3165 627 3208 8,
655 3166 686 3200 5.
787 3167 799 3186 ⁷
826 3165 879 3200 Cf.
906 3165 990 3200 Luc.
1019 3166 1072 3205 15,
1102 3166 1154 3199 10.
