2093 3444
695 171 808 205 Roma
834 171 890 205 28.
918 171 1010 205 Iunii
1038 171 1140 205 1561.
1725 177 1807 217 175

37 302 156 330 esser
188 291 359 330 amator
401 287 515 329 della
548 287 705 330 liberta
744 302 844 338 sua,
887 302 972 330 non
1010 301 1116 342 pare
1157 289 1250 329 atto
1293 301 1370 341 per
1402 288 1428 328 l'
1452 287 1654 331 instituto
1698 291 1812 333 della

37 353 296 407 compagnia
328 355 480 395 nostra
515 388 522 395 .
558 353 646 394 Con
680 356 834 406 questo
867 367 944 407 per
977 353 1055 395 che
1086 352 1144 394 ha
1175 352 1342 395 talento
1377 366 1495 394 come
1528 353 1571 394 la
1604 354 1653 397 R.
1685 355 1736 399 V.
1770 357 1812 398 lo

36 432 86 460 sa
117 432 195 472 per
235 417 399 460 seruire
431 417 559 460 ι1111110
601 421 751 460 nostro
794 418 942 471 signor
976 432 1053 460 con
1095 419 1140 460 la
1181 417 1475 472 predicatione
1509 420 1605 469 010,
1648 434 1754 473 pare
1788 436 1813 463 a

37 487 185 526 nostro
218 483 358 525 Padre
400 484 500 525 sara
543 483 637 524 ben’
663 484 741 525 che
773 483 824 527 V.
858 484 908 526 R.
943 484 983 525 10
1026 483 1132 525 011111
1164 497 1190 524 0
1231 486 1383 525 trouar
1415 484 1597 536 qualche
1630 483 1811 528 honesto

36 549 200 603 partito
245 562 325 590 0011
370 548 553 601 qualche
598 548 797 602 Principe
846 548 1140 590 ecclesiastico
1186 562 1209 590 0
1255 548 1449 590 00001010
1494 548 1535 589 (11
1581 549 1813 592 Germania

36 613 194 668 perche
226 613 256 655 11
287 612 367 656 1011
398 613 542 655 hanno
577 613 691 655 assai
726 613 914 656 carestia
948 613 989 654 di
1021 613 1209 656 ministri
1233 613 1435 656 catholici
1460 648 1467 656 .
1493 614 1551 656 Et
1574 614 1610 655 01
1634 629 1813 669 persua-

38 679 179 720 diamo
212 679 255 720 in
279 677 462 720 Domino
497 679 574 719 che
608 678 729 721 detto
762 681 953 721 maestro
977 679 1091 720 Jona
1122 678 1165 720 in
1199 681 1353 732 questa
1387 681 1512 733 parte
1545 679 1609 721 sia
1642 694 1813 734 sempre

36 758 112 798 per
146 743 215 786 far
246 743 276 785 il
310 743 454 785 debito
488 757 565 785 suo
594 758 619 785 0
641 743 782 797 gloria
805 743 950 785 diuina
975 779 982 786 .
1008 744 1067 786 Et
1089 745 1246 797 perche
1270 757 1353 785 non
1377 747 1400 786 e
1423 747 1578 797 questa
1600 759 1677 799 per
1700 746 1812 788 altro

38 810 188 851 effetto
221 822 306 850 non
338 808 397 850 mi
430 808 659 850 estendere
692 808 735 849 in
769 809 882 850 altro
916 822 1050 850 senon
1082 808 1124 849 in
1158 809 1513 851 raccomandarci
1544 810 1648 852 tutti
1679 811 1813 854 molto

38 989 214 1032 efficitur,
250 990 295 1024 ad
322 988 513 1024 Societatis
547 991 693 1023 nostrae
728 989 933 1024 institutum
966 990 1116 1025 idoneus
1143 1002 1222 1025 esse
1256 1003 1327 1024 non
1353 991 1506 1026 videtur.
1560 992 1648 1026 Cum
1682 997 1814 1033 tamen,

37 1046 78 1078 ut
104 1043 145 1078 R.
160 1043 204 1078 V.
230 1043 351 1084 novit,
383 1054 422 1077 eo
449 1041 635 1088 praeditus
661 1042 709 1077 011
735 1043 896 1086 ingenio,
935 1054 1004 1087 quo
1029 1043 1104 1077 Deo
1131 1046 1168 1078 et
1193 1044 1333 1078 domino
1359 1047 1481 1079 nostro
1507 1045 1676 1080 famulari
1702 1047 1817 1091 possit

38 1097 223 1131 contiones
248 1096 411 1131 habendo
438 1097 525 1137 ete,
561 1097 665 1141 pater
690 1098 813 1130 noster
839 1097 1031 1131 convenire
1064 1099 1205 1139 censet,
1241 1100 1281 1132 ut
1306 1098 1348 1132 R.
1366 1098 1410 1133 V.
1437 1111 1518 1132 eum
1553 1100 1596 1133 ad
1624 1100 1814 1134 honestum

38 1150 181 1195 aliquod
207 1162 337 1184 munus
364 1150 458 1195 apud
485 1149 641 1194 aliquem
661 1149 876 1184 Germaniae
902 1150 1100 1195 principem
1118 1151 1176 1185 vel
1203 1151 1489 1186 ecclesiasticum
1507 1153 1566 1186 vel
1592 1153 1815 1187 saecularem

37 1203 290 1238 inveniendum
311 1204 477 1243 adiuvet;
504 1202 539 1236 hi
560 1203 654 1237 enim
673 1203 849 1238 ministris
867 1204 1055 1238 catholicis
1073 1204 1170 1238 haud
1190 1216 1315 1249 parum
1334 1208 1452 1248 egent.
1480 1206 1599 1250 Atque
1618 1206 1654 1240 in
1674 1207 1814 1241 domino

40 1257 144 1292 nobis
162 1257 432 1302 persuademus,
451 1257 666 1300 magistrum
684 1256 787 1291 illum
806 1257 929 1291 Ionam
948 1269 990 1291 ea
1008 1257 1044 1291 in
1062 1269 1100 1291 re
1118 1269 1261 1303 semper
1279 1258 1396 1293 officio
1411 1260 1639 1303 exsequendo
1655 1261 1814 1294 divinam

43 1311 194 1355 gloriam
223 1312 411 1345 aucturum
440 1321 530 1344 esse.
582 1309 657 1344 Nec
683 1310 807 1355 plura,
843 1322 924 1344 cum
950 1311 1019 1345 1100
1044 1310 1188 1345 litterae
1216 1311 1312 1346 aliud
1339 1324 1409 1346 non
1435 1315 1615 1357 spectent,
1648 1314 1814 1355 scribam,

38 1364 108 1399 nisi
125 1366 166 1398 ut
183 1375 248 1398 nos
266 1375 389 1398 omnes
407 1363 448 1398 R.
472 1363 511 1398 V.
531 1363 699 1408 precibus
718 1366 754 1397 01
772 1364 959 1398 sacrificiis
978 1364 1084 1398 valde
1102 1365 1358 1399 commendem.
1394 1366 1507 1400 Roma
1526 1366 1581 1400 28.
1601 1367 1691 1401 lunii
1713 1368 1815 1402 1561.

159 1439 270 1476 Nota:
297 1440 373 1475 Has
398 1440 541 1475 litteras
569 1439 712 1474 Canisio
738 1440 881 1475 tradere
908 1441 1061 1475 debebat
1086 1441 1163 1486 ipse
1189 1442 1294 1476 lonas
1321 1442 1449 1484 Adler,
1476 1444 1722 1484 monacensis;
1754 1444 1814 1488 qui

40 1506 71 1528 a.
101 1494 192 1529 1553
218 1493 452 1528 vindobonae
487 1494 523 1527 in
559 1493 775 1528 Societatem
810 1499 977 1539 receptus
1013 1494 1223 1540 (Polancus,
1261 1495 1460 1530 Chronicon
1492 1496 1563 1538 ΠΙ,
1599 1497 1816 1541 aim—240),

40 1549 167 1593 postea
192 1547 342 1581 Romam
368 1547 501 1582 missus
537 1546 691 1591 indeque
727 1558 757 1581 a.
788 1548 878 1582 1555
914 1559 995 1582 cum
1022 1548 1061 1582 P.
1088 1547 1308 1594 Hieronymo
1334 1549 1464 1583 Natale
1492 1550 1738 1584 Vindobonam
1764 1563 1818 1585 re-

40 1612 170 1635 versus
198 1601 398 1646 (Epistolae
425 1600 466 1636 P.
493 1602 616 1634 Nadal
642 1601 695 1642 ΙῙ,
732 1601 888 1645 34-35)
926 1603 962 1635 01
988 1601 1245 1637 contionatoris
1280 1602 1396 1637 officio
1429 1603 1650 1647 aliquamdiu
1676 1603 1821 1645 Labaci,

41 1654 274 1689 Vindobonae
309 1656 377 1689 etc.
414 1654 547 1699 optime
583 1654 730 1688 functus
760 1654 951 1698 (Polancus
982 1655 1005 1689 l.
1033 1668 1062 1689 c.
1088 1655 1158 1697 VI,
1195 1656 1274 1690 343.
1302 1655 1382 1690 348.
1410 1656 1512 1700 354),
1553 1668 1583 1690 a.
1615 1658 1704 1692 1558
1740 1669 1820 1691 cum

40 1720 172 1751 magno
200 1707 333 1742 Canisii
361 1707 482 1742 dolore
521 1707 746 1751 „libertatem
772 1707 853 1752 plus
890 1720 1003 1753 aequo
1031 1708 1220 1753 diligens“,
1256 1711 1297 1743 ut
1323 1711 1480 1744 Laim'zcs
1505 1710 1618 1744 Roma
1646 1711 1701 1746 27.
1728 1711 1821 1745 Iunii

43 1762 133 1796 1561
161 1761 205 1796 ad
231 1762 400 1795 Ioannem
427 1773 448 1796 a
473 1761 582 1795 Petra
617 1761 927 1807 archiepiscopum
962 1764 1208 1796 treverensem
1244 1761 1440 1808 *scripsit‚
1477 1775 1497 1798 0
1524 1763 1703 1798 Societate
1744 1765 1819 1808 „de-

41 1815 222 1856 fecerat“;
257 1815 319 1849 sed
361 1826 461 1857 „cum
496 1826 517 1849 a
552 1814 621 1849 fide
657 1826 841 1858 nunquam
868 1815 1080 1857 defecisset,
1117 1818 1153 1850 et
1187 1816 1233 1850 ad
1267 1828 1328 1850 cor
1353 1826 1400 1851 se·
1426 1817 1577 1851 rediisse
1612 1817 1820 1862 significans

41 1869 192 1902 Romam
219 1868 416 1909 venisset“,
455 1867 578 1913 „quia“
610 1867 703 1902 Socii
729 1868 865 1901 romani
896 1868 1112 1911 „timeba-nt,
1139 1869 1169 1903 si
1195 1870 1376 1915 repulsam
1403 1872 1608 1915 pateretur,
1640 1883 1685 1905 ne
1712 1871 1755 1905 de
1781 1883 1820 1906 se

41 1922 119 1967 ipso
147 1922 230 1966 quid
267 1921 425 1956 deterius
460 1922 657 1956 statueret“
701 1921 786 1965 („ex
821 1921 990 1956 hereticis
1025 1923 1235 1967 parentibus
1271 1922 1470 1958 catholicus
1506 1924 1675 1958 effectus“
1714 1926 1820 1970 erat),

42 1987 72 2010 a.
94 1975 185 2010 1560
211 1974 248 2009 in
274 1974 489 2009 Societatem
516 1975 647 2009 iterum
673 1974 855 2009 admissus
881 1977 917 2009 et
943 1975 1119 2010 Treveros
1146 1988 1225 2010 cum
1254 1976 1379 2021 primis
1404 1976 1511 2011 huius
1537 1977 1680 2021 collegii
1707 1978 1820 2014 Sociis

41 2028 93 2063 ire
118 2029 239 2063 iussus
265 2031 344 2062 erat
373 2028 435 2073 (ex
461 2028 669 2073 apographo
696 2027 872 2073 epistulae
890 2027 1017 2063 Lainii.
1056 2029 1139 2063 Cod.
1162 2029 1303 2072 „Gernr
1325 2030 1435 2064 1561“
1465 2030 1490 2065 f.
1512 2031 1575 2072 15;
1601 2032 1683 2066 vide
1711 2032 1819 2067 etiam

45 2083 132 2116 Can.
151 2082 241 2127 Epp.
260 2082 286 2123 Ι,
312 2082 403 2123 415;
431 2082 475 2123 ΙΙ,
502 2082 558 2116 61.
586 2081 664 2116 105.
696 2082 772 2116 113.
795 2082 872 2116 196.
900 2082 979 2116 257.
1007 2082 1086 2116 592.
1116 2083 1195 2117 735.
1223 2084 1291 2118 745
1318 2085 1415 2127 etc.).
1466 2084 1536 2119 Ubi
1562 2096 1643 2119 cum
1670 2086 1706 2119 in
1733 2087 1820 2120 aede

42 2135 200 2170 maxima
227 2134 318 2176 satis
343 2146 513 2180 prospere
540 2135 824 2169 contionatorem
850 2137 986 2179 ageret,
1017 2135 1111 2170 domi
1141 2136 1198 2180 (ut
1222 2136 1382 2181 videtur)
1410 2149 1449 2172 se
1474 2149 1540 2172 nec
1566 2138 1657 2172 satis
1682 2139 1820 2174 11011011-

41 2189 109 2223 fice
134 2200 201 2223 nec
236 2188 328 2223 satis
353 2188 452 2222 laute
478 2188 630 2222 tractari
656 2188 808 2233 putabat
840 2200 882 2222 ac
909 2189 1104 2232 quaedam,
1141 2201 1232 2234 quae
1259 2190 1326 2225 sibi
1358 2191 1488 2225 iterum
1516 2191 1733 2226 Societatem
1769 2193 1819 2227 in-

41 2242 155 2277 tranti
181 2241 359 2287 promissa
385 2243 522 2282 essent,
554 2241 679 2284 negari
706 2241 775 2276 sibi
802 2241 954 2276 dicebat.
1005 2242 1165 2277 Tandem
1192 2255 1237 2277 ex
1263 2246 1439 2288 suggestu
1466 2244 1508 2278 de
1535 2245 1713 2280 Societate
1740 2258 1819 2280 con-

41 2298 193 2340 questus
219 2297 276 2329 est
300 2306 360 2336 ac,
390 2296 432 2329 ut
456 2294 496 2329 P.
525 2296 706 2329 Antonius
730 2296 853 2339 Vinck,
881 2295 1023 2339 collegii
1048 2297 1271 2331 treverensis
1296 2299 1424 2339 rector,
1451 2298 1619 2333 Treveris
1649 2300 1701 2333 15.
1727 2300 1821 2334 Iunii

44 2350 132 2384 1561
170 2348 294 2382 Lainio
330 2348 525 2393 *scripsit,
561 2360 665 2382 sacro
691 2348 926 2383 Pentecostes
962 2349 1018 2383 die
1056 2349 1127 2393 (25.
1155 2349 1258 2394 Maii)
1296 2362 1340 2385 ex
1377 2351 1547 2394 collegio,
1583 2352 1720 2397 scripta
1755 2365 1820 2387 sua

42 2414 165 2437 secum
191 2401 373 2444 auferens,
399 2401 568 2436 discessit
595 2401 654 2446 (ex
681 2401 814 2436 litteris
841 2402 1087 2447 autographis.
1131 2402 1215 2438 Cod.
1247 2404 1309 2447 „Gn
1338 2404 1483 2450 Ep.11.“
1514 2406 1538 2440 f.
1567 2405 1662 2449 201).
1707 2406 1820 2448 Quem

42 2467 63 2490 0
100 2456 308 2501 proceribus
347 2455 562 2500 quibusdam
604 2455 793 2490 reductum
833 2454 926 2490 Socii
963 2456 1129 2501 publicae
1171 2457 1377 2492 offensionis
1415 2458 1585 2492 vitandae
1623 2459 1743 2502 gratia
1780 2463 1821 2494 ut

41 2508 221 2554 hospitem
256 2511 481 2553 receperunt.
533 2508 688 2543 Volebat
723 2511 844 2543 autem
880 2508 956 2554 ipse
988 2509 1232 2551 „libertatem“
1262 2511 1394 2546 habere
1425 2512 1552 2554 „eundi
1587 2514 1623 2546 et
1649 2513 1821 2548 visitandi

42 2564 78 2596 et
104 2562 328 2606 colloquendi
365 2562 475 2595 etiam
501 2563 606 2596 extra
639 2561 825 2596 civitatem
852 2563 949 2596 viros
975 2562 1165 2606 honestos,
1201 2567 1308 2609 prout
1332 2565 1402 2610 ipsi
1428 2565 1629 2608 videretur,
1667 2566 1819 2611 denique

41 2615 247 2651 libertatem
283 2615 462 2649 scribendi
498 2627 539 2649 00
574 2615 770 2660 recipiendi
805 2615 987 2659 quaslibet
1020 2616 1163 2651 litteras
1197 2620 1285 2660 etc.‚
1323 2620 1359 2652 et
1386 2645 1420 2653 ..
1446 2619 1579 2652 nemini
1608 2646 1642 2653 ..
1671 2620 1819 2654 subesse

41 2671 162 2714 preter
187 2669 370 2714 preposito
396 2668 587 2703 Societatis
614 2668 808 2712 generali“.
848 2669 949 2703 Haec
974 2669 1019 2704 ad
1045 2670 1217 2705 Rethium
1244 2673 1355 2705 Vinck·
1379 2671 1522 2706 rettulit
1549 2672 1710 2716 (Hansen
1738 2673 1760 2707 1.
1789 2685 1818 2707 0.

42 2734 76 2768 p.
103 2722 219 2766 4022).
271 2720 337 2763 Qui
364 2720 488 2755 Lainio
520 2721 557 2755 in
589 2721 750 2756 *litteris
776 2722 879 2756 modo
905 2723 1114 2758 memoratis
1140 2725 1306 2770 scripsit:
1342 2725 1371 2759 Il
1402 2724 1537 2767 „Padre
1564 2726 1654 2759 Jona
1682 2755 1686 2760 .
1709 2754 1714 2759 .
1737 2753 1743 2760 .
1771 2726 1819 2760 fin

42 2776 170 2810 adesso
206 2778 224 2809 0
262 2786 341 2808 cum
376 2775 435 2809 noi
467 2786 567 2809 come
593 2775 734 2820 hospite
769 2776 806 2809 01
830 2787 1023 2821 perseuera
1057 2777 1154 2812 nella
1188 2790 1254 2812 sua
1280 2777 1518 2812 obstinatione
1554 2779 1589 2812 di
1623 2791 1693 2812 non
1720 2779 1820 2814 voler

42 2829 185 2863 obedire
221 2828 265 2862 ad
292 2827 384 2862 altro
419 2839 457 2862 se
492 2840 563 2862 non
596 2828 803 2863 immediate
838 2831 874 2863 et
908 2830 1195 2875 personalmente
1231 2831 1303 2865 alla
1329 2832 1370 2865 R.
1398 2832 1437 2866 P.
1457 2831 1499 2865 V.
1618 2834 1654 2866 et
1685 2836 1818 2876 quanto

42 2893 149 2927 posso
174 2882 333 2916 iudicare
368 2880 394 2915 11
420 2881 568 2925 disegno
603 2893 667 2916 suo
701 2894 771 2916 non
797 2894 858 2917 era
885 2883 977 2918 altro
1012 2895 1052 2918 se
1086 2897 1157 2919 non
1182 2884 1299 2919 lassar
1324 2885 1359 2918 la
1386 2886 1598 2930 compagnia
1634 2887 1670 2919 et
1700 2888 1818 2921 restar

43 2935 268 2981 predicatore
293 2933 388 2969 della
415 2934 537 2969 chiesa
561 2935 838 2980 metropolitana
873 2939 909 2971 et
934 2937 1078 2972 habitar
1103 2938 1136 2972 in
1164 2950 1236 2972 vna
1272 2949 1356 2972 casa
1382 2938 1417 2972 la
1443 2938 1548 2982 quale
1576 2941 1593 2971 0
1620 2938 1654 2972 10
1680 2939 1817 2974 habita-

41 2989 139 3023 tione
165 2987 259 3023 dello
284 2988 544 3033 predicatme‘.
580 2987 647 3022 Die
664 3000 750 3023 vero
771 2990 824 3024 17.
844 2989 926 3024 Iulii
951 2990 1038 3026 1561
1059 2992 1171 3025 Vincla
1189 2991 1357 3025 Treveris
1383 2991 1426 3025 ad
1447 2990 1639 3025 Lainium*
1665 2993 1818 3035 rettulit,

42 3042 214 3076 Adlerum
240 3041 365 3087 paucis
391 3040 517 3075 diebus
552 3043 635 3076 ante
664 3041 736 3086 (13.
762 3042 863 3085 Iulii,
899 3045 940 3078 ut
973 3044 1132 3088 videt-ur)
1170 3044 1395 3078 oboedientia
1425 3044 1592 3087 neglecta
1627 3044 1818 3089 collegium

43 3095 246 3129 deseruisse
282 3097 318 3129 et
344 3094 574 3129 Confluentes
608 3095 653 3129 ad
680 3095 989 3142 archiepiscopum
1015 3097 1215 3142 profectum
1243 3109 1321 3131 esse
1359 3097 1421 3140 (ex
1446 3098 1681 3143 autographo.
1734 3099 1817 3134 Cod.

47 3147 110 3190 „Gn
137 3147 201 3193 Ep.
228 3148 281 3182 11“
311 3147 336 3182 f.
364 3147 583 3192 204—205).
633 3148 745 3184 Paulo
771 3151 854 3194 post
879 3150 1028 3184 Polanci
1052 3150 1215 3192 litterae,
1243 3161 1333 3194 quas
1359 3161 1467 3195 supra
1493 3150 1605 3195 posui,
1633 3151 1817 3187 Treverim
