2093 3444
449 221 604 255 Monuni.
636 221 871 265 (augustana)
901 222 980 257 270.
1011 221 1098 264 (Sub
1125 221 1264 256 initium
1292 232 1323 256 3.
1354 221 1471 265 1561.)
1759 223 1841 265 661

75 337 138 371 5οᾱ
165 336 354 370 dolendum
390 338 464 376 est,
500 347 580 369 eum
616 336 811 370 multorum
839 336 983 380 quidem
1009 336 1160 370 aliorum
1196 336 1272 370 eius
1300 336 1442 379 generis
1468 336 1644 371 factorum
1670 339 1784 372 testes
1810 337 1846 371 in

76 390 193 434 capite
228 389 289 423 illo
322 389 533 423 nominatim
569 389 747 433 proferre,
783 389 825 423 de
862 389 995 434 duplici
1030 392 1150 424 autem
1185 389 1252 423 hoc
1286 389 1381 424 facto
1417 389 1505 424 haec
1541 392 1682 424 tantum
1709 391 1846 425 dicere:

79 443 178 486 „Non
203 442 398 484 reuocabo,
435 453 526 486 quae
552 453 660 486 supra
696 454 741 476 ex
773 442 1013 477 monumentis
1039 442 1265 486 Augustanis
1297 443 1437 487 copiose
1464 444 1726 486 demonstraui,
1763 456 1846 489 quo-

75 496 178 530 modo
214 495 367 529 illustris
401 497 565 529 matrona
592 495 730 539 Sibylla
756 495 923 539 Fuggera
951 524 984 530 ..
1007 524 1012 530 .
1034 523 1041 529 .
1069 495 1187 530 oblata
1215 496 1348 541 Canisij
1384 496 1504 541 specie
1538 509 1602 542 per
1635 500 1845 532 nocturnam

76 549 231 593 quietem
259 549 368 582 fuerit
403 548 446 582 ab
474 560 592 581 errore
619 548 767 582 Lutheri
792 548 964 583 liberata“
1006 551 1055 593 (p.
1082 549 1180 592 247).
1232 549 1330 583 Haec
1363 552 1482 583 autem
1515 552 1745 584 monumenta
1772 551 1846 585 fere

75 601 212 647 perisse
239 602 426 642 videntur;
466 603 613 635 exstant
648 604 787 635 tantum
825 601 941 636 adhuc
973 614 1081 636 manu
1115 603 1240 647 scripti
1271 602 1468 644 „Annales“
1500 604 1577 637 sive
1612 603 1762 638 historia
1789 605 1846 638 do-

75 655 224 690 mestica
251 654 392 698 collegii
419 654 634 698 augustani:
661 655 762 689 cuius
788 654 959 688 historiae
986 667 1070 700 pars
1096 656 1212 700 prior,
1249 667 1340 699 quae
1366 656 1410 690 ab
1437 668 1468 690 a.
1499 657 1588 691 1559
1624 657 1668 690 ad
1694 669 1724 692 a.
1756 658 1843 692 1581

75 708 248 753 perducta
274 710 348 747 est,
385 708 429 742 ab
455 708 532 752 ipso
559 707 699 742 Radero
726 708 820 742 inter
855 719 885 741 a.
916 708 1005 743 1582
1043 711 1078 743 et
1107 709 1196 743 1596
1224 709 1367 743 videtur
1402 721 1481 743 esse
1508 710 1710 755 conscripta
1740 710 1845 753 (Can.

74 761 164 806 Epp.
191 761 243 803 H,
271 760 445 804 L1-L11);
482 762 591 804 atque
618 761 654 794 in
680 760 747 795 hac
774 763 987 795 nocturnum
1014 763 1154 796 tantum
1182 762 1319 804 visum,
1352 774 1441 804 non,
1475 764 1568 807 quod
1595 763 1766 808 postridie
1792 775 1846 798 se·

75 816 197 848 cutum
224 816 300 855 est,
337 814 626 858 experimentum
653 813 728 847 eius
755 814 832 847 sive
860 814 1082 848 confirmatio
1114 817 1292 849 narratur.
1342 815 1592 850 Narrationem
1618 828 1775 861 propono
1802 828 1847 851 ex

75 866 290 912 apographo,
318 867 412 911 quod
439 878 468 900 a.
492 867 581 900 1899
608 866 774 910 Friburgi
794 867 1041 901 Helvetiorum
1070 871 1218 902 curante
1243 868 1440 902 reverendo
1467 868 1607 903 domino
1633 869 1694 904 Dr.
1718 870 1846 904 Cat-olo

75 922 231 961 Holder,
258 919 498 955 bibliothecae
524 920 725 954 cantonalis
752 923 787 954 et
813 921 1039 955 academicae
1065 922 1263 966 praefecto,
1291 934 1336 956 ex
1362 922 1558 967 archetypo
1585 923 1662 957 sive
1689 935 1735 957 ex
1762 923 1845 957 Cod.

74 973 223 1017 friburg.
255 973 368 1016 „Hist.
397 973 476 1007 coll.
504 974 617 1016 Aug.“
652 974 713 1015 (cf.
743 974 829 1008 Can.
857 973 946 1018 Epp.
973 974 1017 1015 ΙΙ,
1044 974 1194 1018 L1——L11)
1223 987 1256 1019 p.
1285 975 1376 1009 7-9
1403 976 1660 1021 transcriptum
1687 978 1760 1011 est:

197 1027 350 1069 „Eodem
376 1038 468 1061 anno
488 1025 625 1061 Christi
654 1027 744 1061 1560
763 1027 900 1072 Sybilla
928 1027 1082 1061 coniunx
1101 1027 1215 1062 Marci
1236 1028 1389 1072 Fuggeri
1416 1029 1563 1063 Antonii
1590 1029 1663 1071 filii,
1691 1030 1846 1064 foemina

73 1079 290 1122 lectissima,
327 1082 362 1114 et
386 1080 581 1114 illustrium
609 1080 787 1114 Comitum
815 1080 1107 1115 Eberstainorum
1143 1081 1255 1126 stirpe
1282 1082 1448 1123 oriunda,
1485 1082 1546 1116 sed
1578 1083 1756 1117 erroribus
1783 1083 1846 1117 im-

73 1133 207 1178 plicata
243 1133 478 1174 Lutheranis,
514 1133 674 1167 oratione
709 1133 906 1178 crebraque
941 1134 1182 1179 disputatione
1214 1134 1347 1169 Canisii
1382 1136 1553 1179 fatigata,
1589 1147 1669 1170 cum
1701 1136 1847 1171 veritati

74 1187 209 1222 diutius
235 1187 404 1222 resistere
430 1199 500 1221 non
526 1189 659 1232 posset,
686 1198 814 1221 manus
840 1187 947 1229 dedit,
979 1190 1087 1231 atque
1113 1187 1149 1222 in
1175 1188 1426 1222 auctoritatem
1454 1189 1637 1224 Ecclesiae
1663 1189 1845 1224 Romanae

74 1241 271 1283 concessit,
298 1241 481 1275 admonita
506 1240 662 1285 primum
688 1252 752 1286 per
778 1252 961 1281 somnum,
993 1241 1029 1274 in
1056 1253 1125 1285 quo
1153 1241 1288 1275 Canisii
1314 1243 1452 1287 species
1478 1243 1665 1286 augustior
1689 1242 1846 1277 humana

72 1293 125 1327 1111
152 1294 273 1328 oblata
297 1294 509 1337 religionem
534 1293 697 1334 incussit,
724 1305 794 1338 qua
820 1306 857 1328 re
885 1296 1081 1336 commota,
1112 1296 1147 1328 et
1173 1307 1331 1329 errorem
1356 1296 1511 1330 veritate
1537 1297 1783 1337 commutauit,
1810 1299 1847 1331 et

74 1347 257 1382 Canisium
283 1347 470 1393 deinceps,
506 1359 577 1381 non
602 1359 707 1382 secus
734 1359 775 1381 ac
802 1347 900 1381 coelo
927 1347 1114 1392 delapsum
1140 1348 1319 1382 hominem
1345 1360 1387 1383 ac
1413 1349 1646 1393 magistrum,
1674 1350 1845 1384 diuinitus

73 1401 141 1435 sibi
167 1400 398 1435 commissum
424 1412 566 1445 semper
592 1403 766 1434 venerata
793 1403 848 1435 est
875 1402 911 1434 et
936 1401 1122 1435 admirata.
1173 1402 1276 1436 Hanc
1310 1402 1504 1436 foeminam
1529 1414 1631 1437 socer
1657 1403 1845 1444 Antonius,

73 1454 116 1488 ob
142 1453 297 1488 indolem
323 1453 555 1499 praeclaram,
583 1456 619 1488 et
645 1454 821 1488 formam³
847 1456 1102 1499 praestantem,
1130 1457 1166 1488 et
1183 1455 1365 1499 ingenium
1387 1455 1556 1500 pudicum
1575 1467 1616 1490 ac
1634 1457 1845 1498 modestum,

73 1507 234 1542 coluerat
258 1507 510 1548 vehementer,
547 1519 727 1552 saepeque
753 1508 798 1542 ad
824 1519 946 1549 5113111,
982 1507 1049 1542 1100
1076 1509 1150 1549 051,
1186 1508 1369 1542 Ecclesiae
1396 1508 1602 1543 Catholicae
1629 1510 1845 1544 sententiam

73 1561 380 1606 complectendam
406 1562 541 1596 frustra
576 1561 848 1595 sollicitauerat.
899 1561 1122 1602 Accedebat,
1158 1561 1201 1595 ab
1228 1561 1290 1596 illa
1326 1562 1501 1597 familiam
1527 1562 1765 1606 Fuggericam
1795 1563 1845 1597 in-

73 1616 178 1648 uecta
207 1626 272 1659 per
305 1614 452 1660 nuptias
485 1614 672 1649 nobilitat-e
708 1614 857 1649 clariore
894 1615 1086 1659 plurimum
1122 1626 1200 1649 esse
1235 1615 1473 1656 illustratam;
1509 1627 1579 1660 (1110
1613 1616 1774 1658 nomine,
1809 1618 1846 1651 et

73 1667 198 1709 simul,
236 1669 276 1701 ut
307 1668 506 1702 Lutherum
541 1668 743 1709 abiuraret,
779 1668 832 1702 illi
859 1667 1038 1702 Antonius
1073 1668 1255 1712 octoginta
1289 1668 1401 1703 millia
1435 1681 1619 1703 nummum
1655 1681 1844 1704 aureorum

72 1721 325 1755 liberalissime
351 1721 534 1766 pollicitus
564 1721 714 1761 obtulit,
750 1733 841 1765 quae
876 1721 939 1755 illa
975 1721 1267 1756 constantissimo
1302 1722 1419 1756 animo
1454 1734 1596 1768 semper
1630 1723 1844 1768 repudiauit,

71 1774 321 1820 haeresimque
347 1775 526 1809 mordicus
560 1775 697 1814 tenuit,
733 1777 768 1809 et
799 1775 1030 1820 pertinaciter
1064 1775 1241 1816 defendit,
1277 1776 1389 1810 donec
1422 1776 1520 1810 illam
1556 1775 1701 1810 meliore
1736 1788 1845 1811 sensu

71 1827 212 1862 Numen
238 1828 394 1862 00010510
420 1828 592 1870 afficeret,
620 1831 656 1862 et
682 1829 803 1862 diuina
829 1828 909 1862 luce
935 1840 999 1873 per
1017 1828 1199 1862 Canisium
1223 1829 1462 1863 collustraret.
1497 1829 1600 1864 Unde
1625 1830 1693 1864 sibi
1719 1832 1844 1875 postea

71 1892 328 1926 saepenumero
355 1882 531 1925 gratulari
556 1881 674 1923 solita,
701 1882 795 1926 quod
813 1893 941 1916 aurum
959 1881 1186 1926 repudiasset
1208 1881 1377 1923 oblatum,
1403 1894 1448 1916 ne
1467 1881 1651 1917 Christum
1669 1894 1710 1918 ac
1736 1883 1843 1917 fidem

71 1934 275 1969 vendidisse
294 1934 483 1977 diceretur,
510 1937 572 1969 aut
597 1947 636 1969 se
663 1935 824 1970 occultus
851 1935 982 1979 aliquis
1000 1934 1166 1969 stimulus
1189 1937 1335 1979 urgeret
1352 1936 1395 1970 de
1421 1938 1626 1981 permutata
1651 1937 1843 1980 religione;

70 2000 163 2022 nunc
189 2000 228 2022 se
254 1988 341 2022 adeo
376 1988 488 2022 libero
515 1991 551 2022 et
577 2000 702 2023 securo
729 1988 846 2022 animo
874 2000 972 2029 esse,
1008 1991 1048 2023 ut
1072 2000 1117 2022 ne
1143 1988 1299 2034 suspicio
1332 1990 1368 2023 et
1400 1989 1573 2033 cogitatio
1599 1990 1742 2034 quidem
1769 1990 1843 2024 ulla

69 2042 242 2086 pecuniae
268 2044 438 2087 acceptae
464 2044 622 2076 mentem
647 2041 810 2087 pulsaret
820 2042 843 2083 b,
871 2054 917 2076 ex
944 2053 1015 2086 qua
1040 2053 1079 2076 re
1105 2042 1326 2086 singularem
1352 2044 1499 2088 caperet
1518 2042 1754 2088 voluptatem,
1781 2055 1842 2077 ve-

69 2095 327 2139 hementerque
353 2096 389 2130 in
415 2098 584 2141 suscepta
611 2095 789 2130 catholica
815 2095 977 2129 doctrina
1003 2095 1306 2130 c011firmaretur.“

188 2148 375 2183 Asseritur
393 2149 537 2193 quidem
563 2149 599 2183 in
616 2149 685 2183 hac
702 2149 918 2190 narratione,
945 2148 1119 2194 Sibyllam
1140 2160 1172 2183 a.
1193 2149 1284 2184 1560
1301 2148 1450 2183 veritati
1475 2149 1673 2184 catholicae
1696 2161 1843 2193 „manus

71 2201 255 2243 dedisse²3
291 2202 354 2237 sed
380 2204 463 2236 ante
490 2214 522 2236 a.
551 2203 639 2237 1561
668 2202 772 2247 plene
808 2213 982 2236 conversa
1016 2214 1087 2236 non
1114 2204 1187 2243 est,
1224 2213 1315 2246 quae
1351 2203 1538 2237 conversio
1569 2203 1601 2237 si
1627 2215 1673 2237 ex
1699 2203 1842 2238 Canisio

69 2257 178 2289 noctu
203 2255 282 2290 viso
308 2255 450 2290 initium
477 2256 591 2301 cepit,
617 2256 755 2290 factum
780 2255 866 2297 hoc,
894 2256 923 2289 si
949 2267 1019 2290 non
1046 2267 1077 2290 a.
1107 2256 1216 2297 1561,
1244 2257 1341 2290 certe
1366 2255 1462 2290 haud
1487 2256 1600 2290 multo
1627 2258 1710 2290 ante
1736 2256 1843 2291 huius

70 2308 155 2342 anni
179 2308 322 2342 initium
347 2309 496 2349 accidit;
523 2309 559 2343 id
585 2309 679 2353 quod
707 2321 752 2343 ex
771 2309 905 2343 Canisii
931 2311 967 2342 et
985 2308 1153 2343 Eldereni
1178 2308 1412 2343 relationibus
1437 2320 1548 2354 supra
1570 2321 1603 2354 p.
1623 2311 1692 2344 656
1714 2310 1842 2355 positis

70 2361 307 2406 intellegitur.
357 2362 460 2396 Unde
495 2364 616 2397 autem
651 2362 687 2396 in
717 2362 915 2403 „Annales“
946 2362 1065 2396 visum
1100 2361 1190 2396 illud
1215 2361 1356 2396 illatum
1381 2362 1448 2402 sit,
1482 2375 1552 2396 non
1578 2365 1730 2397 constat.
1781 2363 1842 2398 Vi-

70 2415 180 2449 vebat
215 2415 323 2449 etiam
361 2427 475 2459 usque
511 2416 556 2450 ad
591 2427 622 2450 3.
653 2416 741 2450 1608
771 2416 879 2460 (Can.
906 2414 1076 2460 Epp.11‚
1112 2415 1195 2458 309)
1234 2415 1273 2450 P.
1301 2415 1537 2450 NVendelinus
1563 2415 1700 2457 Vijlck,
1735 2428 1842 2461 quem

70 2468 234 2503 Raderus
261 2467 395 2503 Canisii
421 2468 596 2514 Sibyllam
622 2469 776 2514 primum
803 2469 968 2502 adeuntis
994 2469 1130 2503 socium
1161 2469 1274 2503 fuisse
1300 2468 1478 2511 affirmat,
1515 2481 1690 2514 quemque
1715 2472 1841 2515 postea

70 2533 134 2567 per
159 2521 291 2556 multos
318 2533 430 2556 annos
455 2523 643 2566 Augustae
670 2522 812 2566 degisse
839 2524 875 2556 et
900 2522 1077 2566 Fuggeris
1111 2521 1338 2556 familiariter
1362 2534 1469 2557 usum
1494 2534 1573 2557 esse
1599 2535 1644 2557 ex
1669 2524 1841 2568 posterio-

69 2575 169 2609 ribus
194 2574 301 2609 huius
335 2575 452 2620 operis
478 2575 720 2609 voluminibus
750 2575 992 2618 intellegetur.
1044 2575 1211 2610 Ceterum
1235 2577 1359 2610 notum
1386 2578 1442 2610 est
1467 2588 1734 2621 nonnumquam
1760 2589 1840 2611 con-

69 2628 229 2672 tingere,
264 2630 304 2662 ut
329 2628 483 2663 illustria
510 2629 619 2663 etiam
645 2629 742 2662 facta
768 2641 838 2662 non
864 2629 987 2663 statim
1012 2628 1143 2663 litteris
1173 2629 1407 2668 mandentur.
1443 2629 1506 2663 sed
1532 2629 1754 2674 aliquamdiu
1780 2641 1840 2664 ore

69 2683 212 2716 tantum
236 2681 445 2721 tradantur;
473 2693 587 2726 neque
614 2682 657 2716 ob
683 2681 718 2715 id
745 2682 862 2716 solum
888 2682 982 2716 fictis
1007 2682 1140 2716 fabulis
1166 2682 1389 2716 accensenda
1414 2684 1510 2717 sunt.

189 2734 381 2779 Reliquum
408 2738 482 2777 est,
507 2737 548 2769 ut
573 2735 733 2769 breviter
758 2735 894 2776 dicam,
930 2735 1104 2780 quomodo
1130 2735 1318 2770 historiam
1344 2747 1539 2770 conversae
1565 2748 1633 2781 per
1655 2736 1839 2771 Canisium

71 2787 229 2833 Sibyllae
254 2789 467 2826 narraverit.
494 2789 555 2832 qui
585 2788 656 2830 „De
675 2788 761 2822 Vita
787 2790 821 2822 et
841 2788 961 2822 Rebus
987 2788 1100 2832 gestis
1119 2788 1160 2822 P.
1178 2789 1277 2822 Petri
1297 2788 1430 2823 Canisii
1450 2817 1456 2823 .
1477 2816 1484 2823 .
1506 2816 1513 2822 .
1541 2789 1833 2824 Commentariis“

70 2841 283 2885 Ingolstadii
309 2853 340 2875 a.
370 2842 460 2876 1616
487 2841 592 2875 editis
618 2841 816 2887 principem
842 2842 935 2876 inter
961 2844 1103 2876 veteres
1130 2842 1265 2876 Canisii
1295 2842 1512 2887 biographos
1544 2842 1661 2877 locum
1687 2843 1838 2877 meruit:

72 2896 109 2929 P.
129 2896 363 2929 Franciscum-
390 2895 603 2929 Saechinnm
633 2894 901 2938 (1570-1625)
922 2895 956 2929 S.
975 2895 1007 2930 J.
1035 2895 1124 2935 dico,
1150 2907 1260 2940 prope
1277 2895 1467 2929 Perusium
1493 2898 1628 2931 natum.
1655 2896 1839 2940 public-um

71 2947 262 2982 Societatis
296 2947 506 2982 historicum
525 2949 554 2989 ¹,
590 2948 651 2991 qui
677 2950 848 2992 quattuor
881 2948 953 2982 illis
979 2947 1221 2982 voluminibus
1257 2948 1300 2982 de
1334 2948 1445 2983 totius
1472 2948 1661 2983 Societatis
1687 2949 1839 2984 historia

189 3053 203 3068 a
229 3046 343 3081 forma
369 3057 490 3090 apogr.
589 3046 604 3067 ¹³
630 3046 748 3091 pulset
775 3059 832 3091 (¹2)-

194 3148 202 3167 ¹
233 3146 319 3187 „Ein
345 3146 663 3190 ausgezeichneter
689 3146 935 3181 Historiker‘:
965 3146 1068 3180 Card.
1095 3147 1130 3180 J.
1151 3146 1425 3189 Ηειῃωινϋίῖιθν,
1452 3145 1655 3181 Handbuch
1681 3146 1744 3180 der
1771 3146 1834 3180 all—

70 3200 258 3243 gemeinen
285 3199 654 3243 Kirchengeschichte
684 3200 731 3233 111
761 3199 951 3244 (Freiburg
977 3199 998 3233 i.
1027 3200 1084 3233 ssr.
1115 3199 1235 3243 1880).
1261 3199 1344 3234 473.
