2093 3444
735 150 848 184 Roma
875 151 906 186 7.
934 150 1056 185 Martii
1085 151 1186 186 1562.
1763 156 1846 197 387

195 267 343 310 Scriue
374 268 405 309 il
437 267 577 310 Padre
610 267 789 310 vittoria
824 268 901 310 che
932 269 977 310 in
1017 269 1060 310 la
1103 269 1468 312 commutatione³
1503 268 1562 324 [P]
1608 270 1686 312 che
1725 270 1761 312 si
1793 271 1849 313 ha

73 333 188 376 fatto
218 333 266 387 jn
298 333 477 375 Boemia
510 333 579 375 del
611 333 873 375 monastiero
909 335 960 376 de
994 333 1136 376 oibino
1175 348 1222 376 se
1254 334 1340 376 han
1378 348 1504 388 perso
1536 335 1635 389 piub
1678 335 1755 377 0110
1788 336 1849 378 501

72 400 201 441 cento
234 398 354 440 scudi
386 412 516 440 senza
548 399 688 440 altrae
720 398 853 440 molte
887 399 1103 441 comodita
1120 400 1147 442 1.
1193 399 1244 442 V.
1270 399 1534 442 Reuerentia
1566 401 1681 442 nella
1703 401 1849 452 visita,

14 462 15 466 ’
73 467 99 505 ὸ
133 478 213 505 000
245 463 404 506 lettere
425 462 656 518 prouidera
685 464 852 517 jntutto
888 499 895 506 .
931 467 975 506 et
1007 479 1093 506 non
1115 465 1362 507 ahacadera
1388 465 1484 506 chel
1505 465 1646 507 Padre
1669 466 1850 509 vittoria

74 528 233 582 vengia
262 529 310 583 jn
341 529 501 583 spruch
534 529 693 570 esendo
723 531 847 571 tanto
881 530 1104 572 necesario
1138 544 1293 584 apreso
1328 530 1442 572 della
1464 529 1640 572 Cesaria
1662 531 1850 574 Maiesta

74 593 255 636 masime
288 594 448 636 esendo
471 594 633 637 andato
651 594 687 649 jl
708 594 849 636 Padre
871 594 1006 636 Lanoi
1025 595 1073 648 jn
1096 595 1255 649 sprueh
1289 630 1298 638 .
1332 609 1355 637 e
1385 595 1671 638 desideriamo
1695 610 1849 651 sapere

73 659 191 701 della
223 657 367 702 riuata
399 659 469 701 del
500 659 642 701 Padre
675 659 898 701 valentino
932 661 976 701 et
1009 659 1252 714 compagni.

198 804 308 838 Pater
334 804 496 838 Victoria
522 804 657 845 scribit,
685 804 721 838 in
748 803 928 844 Boheinia,
957 815 1037 837 cum
1064 805 1322 838 monasterium
1349 805 1532 839 oibinense
1560 807 1850 846 commutaretur,

75 856 158 902 plus
185 868 292 901 quam
319 859 493 892 sexcenta
519 859 683 898 scutata,
720 859 862 902 praeter
888 857 1002 891 multa
1029 857 1101 891 alia
1127 858 1330 899 commoda,
1358 859 1494 903 perisse
1509 859 1530 892 ¹.
1582 859 1719 900 Quibus
1745 859 1852 894 rebus

73 910 241 945 omnibus
267 911 471 946 reverentia
489 913 613 945 vestra
636 910 705 952 vel,
733 922 812 945 cum
833 910 984 954 collegia
1003 911 1107 951 viset,
1135 911 1193 945 vel
1219 923 1283 955 per
1307 911 1450 946 litteras
1475 912 1688 957 providebit.
1726 912 1852 957 Neque

74 965 219 1009 patrem
246 964 445 999 Victoriam
473 964 710 1009 Oenipontem
737 964 860 998 venire
888 966 1047 1009 oportet,
1084 976 1165 998 01101
1192 965 1278 998 adeo
1305 967 1550 1000 necessarium
1575 966 1624 1000 sit
1650 978 1730 1000 eum
1759 966 1853 1011 apud

73 1029 284 1052 caesaream
309 1018 537 1053 maiestatem
565 1029 643 1052 esse
671 1020 707 1052 et
731 1018 899 1059 maxime,
927 1029 1007 1052 cum
1026 1019 1130 1063 pater
1149 1017 1305 1052 Lanoius
1326 1018 1563 1064 Oenipontem
1589 1019 1707 1053 iverit.
1744 1019 1851 1054 Intel-

75 1071 200 1115 legere
226 1073 346 1106 autem
373 1072 550 1117 cupimus,
576 1083 661 1106 num
687 1074 791 1117 pater
816 1071 1033 1106 Valentinus
1060 1071 1209 1116 eiusque
1235 1071 1322 1105 socii
1350 1084 1389 1106 eo
1416 1073 1639 1107 advenerint.

198 1158 309 1195 Nota:
347 1160 427 1194 Una
453 1172 534 1195 cum
560 1160 616 1194 his
642 1160 795 1201 litteris,
832 1162 871 1194 ut
906 1172 951 1194 ex
977 1161 1065 1205 ipsis
1101 1160 1345 1205 intellegitur,
1382 1161 1425 1194 ad
1453 1160 1635 1196 Canisium
1662 1161 1771 1195 missa
1799 1164 1854 1196 est

76 1213 302 1248 Salam-onis
334 1213 490 1259 epistula
517 1214 700 1248 Victoriae
727 1213 927 1255 destinata3
963 1214 1000 1248 in
1027 1225 1115 1258 qua,
1149 1214 1263 1248 Roma
1290 1215 1321 1248 7.
1349 1213 1472 1248 Martii
1501 1215 1591 1249 1562
1618 1215 1719 1257 data,
1752 1215 1852 1256 110100,

76 1268 222 1311 praeter
248 1266 337 1308 alia,
375 1267 561 1302 dicuntur:
601 1267 690 1309 „Gla
723 1279 762 1302 se
793 1267 919 1302 scritto
955 1267 990 1301 al
1017 1268 1056 1301 P.
1084 1267 1305 1312 prouinciale
1341 1268 1405 1301 0110
1441 1268 1592 1302 faeendo
1618 1269 1653 1302 la
1679 1269 1788 1303 visita
1823 1269 1853 1303 si

75 1319 251 1364 detenghi
277 1320 449 1365 alquanto
468 1320 557 1366 perli
585 1321 727 1366 collegij
754 1333 845 1355 enon
862 1321 946 1355 uadi
973 1321 1047 1355 cosi
1070 1321 1110 1366 jn
1129 1321 1257 1355 11011301ιι
1292 1320 1353 1365 (ex
1372 1321 1499 1365 quibus
1518 1321 1639 1356 verbis
1653 1322 1852 1356 Victoriam

76 1373 123 1408 de
162 1374 297 1408 Canisii
335 1374 446 1409 nimia
484 1374 520 1408 in
563 1374 726 1418 collegiis
764 1374 925 1409 visendis
968 1374 1200 1409 festinatione
1243 1377 1479 1419 conquestum
1517 1387 1596 1409 esse
1635 1375 1853 1419 collegeris).

77 1427 307 1473 Repetuntur
334 1428 454 1470 etiam,
482 1440 574 1473 quae
601 1428 644 1462 de
663 1428 983 1462 Car-thusianorum
1010 1428 1154 1472 negotio
1182 1428 1225 1462 ad
1245 1428 1430 1463 Canisium
1455 1429 1591 1474 scripta
1616 1431 1710 1463 sunt.
1755 1429 1854 1471 Quod

76 1481 263 1524 negotium
288 1482 372 1526 quia
398 1483 435 1515 et
453 1481 709 1526 gravissimum
738 1484 774 1516 et
799 1482 903 1516 modo
922 1481 998 1515 fere
1024 1481 1188 1525 ignotum
1215 1484 1280 1524 est,
1308 1481 1397 1516 haec
1423 1481 1466 1516 de
1493 1494 1532 1516 eo
1560 1483 1669 1516 addo:
1700 1484 1854 1516 Victoria

78 1534 290 1570 Vindobona
326 1536 357 1570 6.
386 1535 607 1580 Septembris
646 1535 733 1570 1561
771 1536 920 1569 Romam
958 1535 1001 1569 ad
1037 1535 1076 1569 P.
1104 1535 1330 1580 Alphonsum
1367 1535 1627 1578 Salmeronem,
1664 1535 1856 1571 Societatis

77 1588 255 1623 vicarium
283 1589 499 1633 generalem,
527 1588 720 1634 *scripsit:
753 1588 827 1631 „Ho
854 1591 1006 1623 trattato
1034 1601 1099 1623 con
1126 1589 1150 1622 il
1177 1589 1301 1623 Priore
1328 1591 1398 1633 qua
1424 1589 1458 1623 di
1482 1589 1697 1631 Cartusiani,
1724 1590 1854 1634 (11101110,

76 1653 118 1683 0,
146 1642 225 1676 vice
253 1642 460 1685 visitatore,
497 1655 516 1677 o
543 1642 763 1688 prouinciale
789 1643 825 1676 in
852 1645 981 1687 questa
1007 1642 1193 1688 prouincia
1218 1654 1326 1688 sopra
1350 1643 1386 1677 la
1412 1655 1496 1677 casa
1523 1643 1587 1677 che
1614 1643 1674 1688 qui
1700 1646 1856 1687 tengono

76 1695 201 1740 qualle
237 1696 268 1730 ci
303 1696 399 1730 saria
433 1696 544 1731 molto
580 1698 600 1730 a
634 1696 817 1742 proposito
845 1724 851 1730 .
880 1699 915 1730 et
950 1708 1056 1741 sopra
1090 1696 1115 1730 11
1151 1696 1204 1730 lor
1238 1696 1444 1742 monasterij
1481 1698 1517 1731 et
1552 1697 1701 1731 intratte
1737 1697 1856 1741 qualle

79 1751 236 1793 tengono
263 1750 298 1784 in
325 1752 453 1794 questa
480 1750 665 1796 prouincia
700 1750 737 1784 10
762 1750 814 1784 tal
840 1752 953 1784 statto
981 1750 1045 1784 che
1072 1762 1135 1795 per
1161 1750 1435 1785 inanchamento
1463 1750 1497 1784 di
1524 1752 1631 1795 gente
1657 1751 1856 1794 besognera

76 1803 113 1837 le
139 1802 277 1837 lascino
315 1806 351 1838 et
377 1804 520 1838 cascino
556 1803 592 1837 in
627 1815 732 1837 mano
759 1803 876 1838 forsse
904 1803 934 1837 d’
954 1803 1115 1838 heretici.
1168 1803 1237 1837 Per
1272 1803 1422 1849 impedir
1449 1806 1576 1848 questo
1611 1815 1650 1838 se
1676 1806 1793 1839 stasse
1820 1804 1855 1838 in

78 1868 185 1891 mano
211 1868 278 1891 51101
303 1857 354 1891 lui
380 1857 476 1891 saria
503 1859 687 1900 contento,
715 1859 751 1891 et
777 1857 891 1891 anche
919 1857 979 1891 vol
1004 1869 1197 1902 procurare
1224 1857 1255 1891 si
1281 1857 1487 1891 contentino
1513 1857 1535 1891 l’
1556 1857 1640 1892 altri
1666 1858 1793 1903 priori,
1821 1861 1857 1892 et

75 1911 110 1944 si
136 1922 320 1956 proponga
347 1911 381 1945 al
407 1911 461 1945 lor
487 1911 645 1956 capitulo
673 1911 860 1952 Generale,
888 1910 953 1945 che
980 1911 1011 1945 si
1038 1911 1169 1945 facessi
1195 1911 1313 1946 subito
1341 1923 1412 1945 vna
1437 1911 1682 1955 resignatione
1709 1912 1743 1946 di
1769 1912 1855 1946 tutti

76 1964 105 1998 li
131 1963 185 1998 lor
204 1965 285 1999 beni
311 1964 347 1998 in
366 1966 495 2009 questa
512 1964 698 2010 prouincia
725 1964 795 1998 011101
816 1964 1037 2010 Compagnia
1056 1964 1229 2009 piacendo
1248 1964 1320 1999 cosi
1349 1964 1383 1999 al
1409 1966 1531 2000 nostro
1550 1965 1661 2010 padre
1680 1965 1855 2000 Gener-ale

75 2017 116 2052 in
142 2029 224 2052 caso
244 2018 310 2052 che
328 2018 481 2062 qualche
507 2018 725 2053 monasterio
743 2019 868 2053 venesi
895 2020 915 2052 a
942 2029 1041 2052 esser
1060 2018 1104 2052 da
1129 2018 1203 2052 loro
1230 2018 1467 2053 auandonato.
1507 2018 1552 2052 Et
1578 2018 1655 2053 acio
1682 2019 1712 2053 si
1730 2019 1855 2053 hauesi

79 2072 244 2115 maggior
270 2072 491 2106 attentione⁰
517 2071 563 2116 [52]
596 2073 631 2106 et
657 2071 834 2106 fermezza
862 2099 869 2106 .
897 2073 933 2105 et
957 2071 993 2105 la
1020 2083 1104 2105 cosa
1130 2071 1161 2106 si
1187 2084 1251 2117 per
1273 2071 1307 2105 lo
1334 2071 1520 2117 spirituale
1548 2072 1583 2106 di
1608 2072 1684 2106 loro
1711 2075 1748 2107 et
1773 2073 1855 2107 altri

75 2136 180 2160 come
211 2137 275 2170 per
309 2125 335 2159 il
368 2125 567 2171 temporale
594 2125 806 2170 procedesse
841 2125 973 2169 meglio
1009 2125 1105 2159 saria
1141 2127 1308 2159 contento
1345 2125 1411 2160 che
1446 2124 1477 2159 si
1508 2125 1703 2160 lasciasero
1738 2126 1856 2160 subito

76 2179 123 2214 .5.
151 2178 359 2224 monasterij
388 2191 454 2213 con
478 2180 574 2213 tutte
600 2178 633 2212 le
659 2178 713 2212 lor
739 2178 908 2221 intratte,
936 2181 972 2212 et
998 2178 1084 2212 nelli
1109 2178 1194 2213 altri
1220 2179 1346 2213 cincve
1373 2178 1526 2213 restanti
1552 2179 1647 2213 della
1672 2180 1857 2224 prouincia

75 2232 110 2266 si
141 2232 373 2267 reducessero
400 2232 486 2267 tutti
512 2232 538 2267 li
563 2232 729 2266 monachi
757 2232 806 2266 dil
832 2232 885 2266 lor
921 2232 1043 2266 ordine
1079 2232 1144 2266 che
1180 2244 1310 2267 sarano
1346 2233 1382 2267 in
1409 2234 1505 2266 tutta
1539 2232 1575 2266 la
1601 2233 1786 2278 prouincia
1812 2234 1856 2268 da

198 2373 213 2388 ³
240 2369 296 2402 Ita
322 2369 412 2402 mihi
437 2370 575 2412 quidem
601 2370 742 2403 videtur
767 2380 837 2402 esse
862 2370 1132 2413 corriyemlum,
1170 2369 1263 2412 quod
1297 2369 1399 2402 habet
1433 2380 1512 2412 ap„-
1547 2368 1777 2411 eontatione‚·
1811 2371 1856 2412 cf.

77 2431 192 2464 supra
211 2433 250 2465 10.
279 2424 357 2455 314.
385 2424 466 2456 315.
564 2422 579 2442 b
604 2422 666 2467 pui
691 2433 748 2465 ap.
846 2428 859 2443 0
883 2423 1098 2456 Vocabulum
1124 2423 1309 2456 obscurius
1333 2424 1516 2466 scriptum.

203 2555 214 2576 ¹
239 2555 330 2590 Vide
348 2555 452 2596 infra,
479 2567 634 2589 monum.
655 2555 735 2590 382.
755 2555 834 2590 383.
870 2556 1118 2590 Ferdinandus
1136 2556 1175 2598 1.,
1200 2556 1317 2591 Sociis
1336 2568 1421 2590 cura
1441 2556 1561 2590 Oibini
1578 2556 1752 2598 liberatis,
1781 2557 1857 2591 eius

83 2609 235 2651 „Arcem
263 2609 406 2653 quidem
433 2620 475 2642 ac
502 2608 719 2643 Coenobium
746 2620 827 2643 011111
854 2609 1020 2654 praedio,
1057 2610 1126 2644 sibi
1152 2611 1358 2652 reservata,
1395 2609 1514 2644 vicino
1539 2609 1660 2644 Nobili
1685 2609 1772 2644 Viro
1799 2611 1858 2644 ad-

78 2661 329 2703 ministranda,
356 2662 528 2696 ditionem
551 2673 637 2696 vero
663 2662 779 2707 ipsam
806 2663 849 2697 ad
878 2675 989 2697 annos
1015 2663 1146 2706 viginti
1166 2663 1449 2698 Zittaviensibus
1476 2663 1533 2698 28.
1553 2663 1716 2697 Januarii
1736 2662 1857 2708 [1562]

80 2715 258 2750 locavit“:
294 2716 350 2749 lta
376 2716 535 2750 Schmidl
568 2715 591 2750 1.
619 2727 648 2750 0.
676 2716 711 2757 I,
750 2716 828 2751 161.
878 2717 998 2761 Atque
1034 2717 1129 2751 idem
1154 2717 1403 2751 Ferdinandus
1428 2717 1454 2751 Ι.
1482 2716 1625 2760 Pragae
1654 2718 1706 2751 15.
1734 2717 1858 2751 Martii

82 2769 174 2803 1562
211 2768 362 2812 collegio
398 2769 567 2814 pragensi
593 2769 757 2814 publicas
784 2770 882 2804 dedit
908 2770 1130 2805 fundationis
1166 2770 1329 2812 litteras,
1365 2770 1515 2815 quibus,
1551 2772 1592 2804 ut
1626 2770 1658 2804 ei
1685 2782 1730 2804 ex
1756 2771 1858 2805 bonis

75 2821 326 2857 oibinensibus
355 2822 446 2857 1400
472 2822 598 2864 taleri,
634 2835 680 2857 ex
705 2823 1028 2859 dobralucensibus
1054 2825 1123 2859 450
1148 2825 1293 2866 floreni,
1330 2836 1375 2858 ex
1402 2835 1545 2858 camera
1580 2835 1645 2858 sua
1670 2823 1858 2858 bohemica

76 2875 151 2911 300
176 2875 282 2910 taleri
308 2875 500 2920 quotannis
525 2875 780 2921 tribuerentur,
806 2877 842 2911 in
869 2879 1083 2923 perpetuum
1110 2878 1299 2912 constituit
1325 2877 1392 2922 (Io.
1419 2879 1518 2912 Flor.
1538 2878 1856 2923 Hammersckmid,

81 2929 300 2963 Prodromus
326 2928 462 2973 gloriae
488 2929 676 2973 Pragenae
703 2930 1011 2975 [Vetere—pragae
1041 2931 1144 2976 1717]
1172 2943 1206 2977 p.
1226 2931 1281 2966 86.
1323 2932 1482 2966 Sehmidl
1507 2930 1530 2964 1.
1556 2942 1585 2964 c.
1603 2930 1630 2972 I,
1659 2931 1856 2966 161—165.

81 2984 133 3017 W.
152 2983 221 3017 Wl.
246 2983 384 3024 Tomek,
411 2982 628 3018 Geschichte
645 2983 708 3018 der
726 2983 864 3028 Prager
881 2984 1111 3019 Universitat
1129 2984 1240 3029 [Prag
1260 2984 1365 3028 1849]
1394 2996 1425 3029 p.
1448 2983 1645 3019 160-—161.
1685 2985 1859 3019 Bueholtz

80 3035 104 3070 1.
132 3047 162 3070 c.
189 3036 250 3078 IX,
277 3036 495 3080 668-672).
539 3035 698 3078 Quarum
722 3037 928 3072 litterarum
955 3038 1161 3083 exemplum
1188 3037 1424 3082 archetypum
1454 3048 1485 3071 a.
1507 3037 1597 3071 1889
1624 3037 1699 3071 vidi
1726 3037 1857 3073 Vindo—

79 3089 195 3124 bonae
221 3090 256 3124 in
283 3089 430 3124 archivo
457 3089 574 3124 aulico
603 3089 654 3135 (k.
680 3090 715 3125 k.
736 3088 862 3133 Haus—,
890 3090 976 3125 Hof-
1002 3091 1074 3126 und
1102 3091 1383 3135 Staatsarchiv),
1409 3090 1535 3124 Bohm.
1563 3090 1666 3125 Kast.
1694 3091 1774 3126 250.
1800 3092 1856 3134 44,

78 3141 143 3177 Nr.
174 3143 276 3178 1755.

1503 3201 1578 3236 25*
