2093 3444
636 154 860 199 lngolstadio
887 155 943 190 30.
970 154 1186 190 Novembris
1215 155 1317 191 1561.
1781 158 1865 200 315

84 272 281 327 pensioni
323 272 435 314 delle
468 271 609 314 Citadi
642 272 711 314 del
743 287 879 326 regno
911 273 1187 316 rieeuendole
1229 273 1479 317 immediate
1521 273 1562 315 di
1598 288 1693 316 esse
1726 274 1867 316 Citadi

86 340 131 380 et
162 352 247 380 non
289 337 403 380 della
436 351 609 379 camera
650 338 790 389 reale,
833 339 1051 393 passando
1086 339 1228 393 Oybin
1271 340 1313 381 al
1355 354 1467 381 nouo
1510 339 1864 383 archiuescou01.

84 402 246 453 Questo
278 403 405 445 modo
438 402 620 457 piaeque
653 402 727 445 alli
760 405 898 446 nostri
929 404 1140 458 Pragensi
1174 419 1294 447 come
1328 405 1400 460 piu
1432 404 1575 456 facile,
1611 405 1693 447 ben
1727 406 1805 448 ohe
1837 405 1866 446 il

83 468 130 512 P.
165 467 358 512 Vittoria
398 482 483 510 non
517 468 582 510 sia
615 468 657 510 di
690 472 844 522 questo
885 483 1041 523 parere
1075 470 1152 512 che
1194 470 1230 512 si
1272 470 1379 512 lasci
1412 470 1500 512 cosi
1533 470 1562 511 il
1600 470 1866 514 monasterio

85 533 333 589 Oybinense
361 534 395 588 jl
429 534 557 587 quale
589 548 673 588 puo
707 534 967 577 fruttificare
989 535 1107 577 forse
1139 550 1165 578 a
1196 538 1265 578 tre
1297 535 1433 578 millia
1457 535 1606 590 dalerj,
1641 550 1713 577 ma
1746 550 1867 578 come

84 599 178 642 dice
210 599 239 641 il
263 599 495 642 Chromero
529 599 630 653 quid
653 599 776 641 vobis
802 614 898 641 cum
925 600 1113 642 dominio
1136 601 1398 655 temporali?
1433 603 1477 643 et
1500 602 1613 643 oltra
1636 601 1678 642 di
1712 604 1866 654 questo

84 664 268 707 diciamo
311 664 382 706 noi
415 664 523 715 Quid
565 664 689 707 nobis
732 679 826 706 611111
870 666 1088 720 parochijs
1128 666 1191 709 1111
1234 666 1448 709 Coenobio
1490 666 1742 709 annexis?2
1804 667 1867 709 La

84 730 297 784 caggione
331 730 373 772 di
404 731 580 785 pariare
612 730 654 772 al
682 729 914 772 Chromero
949 730 990 772 di
1023 735 1178 785 questa
1211 746 1313 774 cosa
1344 732 1402 774 mi
1435 732 1481 774 fu
1515 732 1592 774 che
1625 732 1655 774 il
1688 732 1734 775 P.
1760 732 1867 774 Pro-

82 795 268 838 1111161616
299 795 329 838 11
363 796 504 838 1161166
536 795 690 840 scritto
725 798 769 838 et
801 797 1182 840 raceommandato
1206 800 1360 851 questo
1392 797 1602 851 negotio3
1635 798 1705 840 dal
1739 798 1866 852 quale

82 876 165 916 pur
196 875 281 903 non
314 862 472 903 voleua
504 862 679 916 parlare
712 861 768 903 al’
792 861 1056 916 imperatore
1089 863 1271 905 essendo
1304 863 1364 905 lui
1396 863 1639 914 foresffiero,
1680 878 1751 905 ma
1783 863 1867 905 ben

81 928 272 969 trattare
305 927 372 969 601
403 926 728 969 Archiuescouo
763 927 984 980 Pragense
1018 928 1096 969 col’
1121 928 1249 981 quale
1282 928 1319 970 si
1353 929 1491 971 douea
1533 929 1628 971 fare
1666 929 1709 971 la
1742 929 1866 972 detta

82 992 405 1047 permutatione
438 992 481 1034 di
504 992 657 1047 Oybin.
702 992 748 1034 L’
772 992 1037 1046 imperatore
1070 1008 1147 1047 per
1179 994 1347 1047 erigere
1381 997 1425 1037 et
1457 996 1678 1036 restorare
1711 997 1865 1048 questo

82 1060 320 1100 vescouato
362 1058 584 1112 Pragense
627 1072 707 1100 con
752 1057 978 1111 maggiore
1023 1058 1190 1101 facilita
1231 1060 1360 1101 vuole
1405 1059 1483 1102 6116
1524 1060 1551 1101 l'
1574 1060 1751 1103 intrada
1796 1060 1865 1102 del

82 1136 271 1165 veseouo
305 1123 341 1165 si
373 1123 480 1178 pigli
513 1124 627 1166 della
660 1137 834 1166 camera
866 1124 997 1174 reale,
1033 1138 1103 1166 ma
1136 1125 1177 1166 al
1200 1139 1385 1167 vescouo
1419 1139 1503 1167 non
1527 1125 1676 1179 piacce
1710 1128 1866 1179 questa

83 1188 381 1243 assignatione
421 1189 625 1232 temendo
664 1190 743 1232 6116
775 1189 804 1230 11
838 1189 1072 1244 Camerarij
1108 1204 1131 1232 o
1164 1190 1393 1232 thesorieri
1433 1191 1570 1233 fiscali
1608 1205 1693 1233 non
1726 1191 1756 1233 li
1788 1206 1863 1234 ne-

82 1268 262 1308 gassero
294 1255 359 1298 tal
390 1255 513 1297 uolta
544 1255 575 1297 li
607 1254 701 1297 suoi
735 1254 908 1305 denari,
945 1269 1015 1297 ma
1047 1256 1130 1297 ben
1162 1256 1204 1298 lo
1238 1257 1636 1300 contentarebbono
1669 1257 1709 1298 16
1743 1257 1863 1300 dette

81 1319 301 1374 pensioni,
356 1334 477 1362 come
525 1321 708 1363 essendo
758 1335 860 1363 cosa
906 1320 979 1375 piu
1026 1320 1069 1362 in
1118 1335 1198 1363 sua
1244 1336 1371 1363 mano
1423 1325 1468 1365 et
1513 1321 1863 1376 maggiormente

81 1385 364 1441 piaccerebbe
398 1385 540 1440 Oybin
581 1400 703 1428 come
736 1386 1011 1441 possessione
1052 1386 1126 1441 piu
1164 1386 1306 1429 sioura
1348 1391 1391 1431 et
1422 1387 1599 1442 propria
1632 1390 1676 1430 et
1708 1402 1795 1430 non
1827 1388 1863 1430 si

83 1451 235 1494 dubita
267 1452 345 1494 6116
376 1451 404 1493 l'
427 1452 693 1506 imperatore
718 1467 803 1494 non
834 1451 1019 1494 hauesse
1052 1466 1130 1507 per
1153 1466 1254 1494 cosa
1277 1455 1406 1505 grata
1439 1452 1517 1494 6116
1550 1453 1593 1496 16
1616 1453 1864 1508 prouisione

84 1517 154 1559 del
186 1517 557 1561 Archiuescouato
591 1521 635 1561 et
668 1517 737 1559 del
765 1517 955 1571 Collegio
988 1520 1139 1560 nostro
1173 1518 1359 1560 andasse
1390 1532 1468 1573 per
1501 1521 1657 1572 questa
1689 1518 1861 1562 Strada.

84 1582 246 1633 Questo
289 1583 465 1638 negotio
507 1598 594 1625 non
627 1583 793 1626 andara
835 1583 924 1625 6061
966 1583 1008 1624 in
1051 1584 1187 1626 fretta
1229 1583 1307 1625 che
1339 1584 1382 1626 16
1413 1584 1464 1627 R.
1499 1584 1551 1627 V.
1585 1584 1765 1627 insieme
1798 1585 1865 1627 ool

82 1648 339 1691 Reuerendo
381 1649 428 1692 P.
463 1651 613 1691 nostro
654 1649 866 1692 Generale
904 1663 990 1691 non
1030 1648 1190 1691 habbia
1229 1651 1377 1704 tempo
1420 1649 1472 1692 de
1513 1650 1778 1705 respondere
1819 1654 1865 1693 et

86 1713 378 1757 determinare
410 1715 509 1769 quel
543 1715 622 1757 che
656 1717 678 1757 6
710 1714 784 1769 piu
817 1714 1081 1769 espediente.

82 1848 215 1893 legium
243 1849 287 1883 ab
314 1849 403 1895 ipsis
429 1849 503 1885 illis
529 1850 750 1893 civitatibus,
776 1863 847 1885 non
874 1862 894 1885 a
921 1862 1063 1886 camera
1089 1850 1190 1894 regia
1217 1861 1280 1885 eos
1299 1850 1486 1896 acciperet,
1515 1850 1642 1885 Oibino
1668 1851 1704 1884 in
1730 1862 1863 1885 novum

82 1902 415 1949 archiepiscopum¹
441 1904 630 1939 translato.
683 1904 750 1947 Qui
776 1905 913 1939 reditus
940 1904 1139 1950 accipiendi
1165 1904 1292 1938 modus
1319 1904 1564 1948 Pragensibus
1589 1904 1741 1946 nostris,
1769 1904 1863 1949 quod

82 1956 224 1991 facilior
249 1959 364 2000 esset,
400 1958 573 2003 probatus
601 1960 675 2000 est;
713 1970 930 2003 quamquam
958 1959 997 1992 P.
1017 1958 1179 1993 Victoria
1214 1970 1282 1992 non
1310 1960 1435 1992 censet
1460 1958 1511 1992 ita
1535 1958 1638 1993 nobis
1665 1958 1863 1992 cedendum

83 2022 163 2046 esse
190 2010 336 2053 Oibino,
364 2011 465 2046 cuius
490 2013 632 2047 fructus
659 2012 766 2047 annui
792 2013 948 2047 fortasse
976 2012 1020 2046 ad
1046 2011 1117 2046 tria
1143 2011 1243 2046 milia
1269 2011 1464 2046 talerorum
1491 2011 1685 2046 ascendere
1712 2011 1863 2057 possint.

83 2063 152 2099 Sed
180 2064 391 2100 Cromerus:
422 2065 569 2109 „Quid“,
605 2066 741 2111 inquit,
783 2066 905 2109 „vobis
931 2077 1012 2100 cum
1040 2065 1194 2100 dominio
1220 2065 1461 2111 temporali?“
1515 2065 1563 2099 Et
1587 2077 1651 2101 nos
1678 2068 1866 2111 praeterea

83 2118 254 2154 dicimus:
290 2118 383 2161 Quid
418 2119 521 2154 nobis
557 2132 636 2155 cum
664 2120 844 2166 parochiis
879 2119 932 2153 illi
968 2119 1136 2154 coenobio
1172 2119 1380 2154 annexis?²
1429 2119 1480 2153 Ut
1515 2121 1637 2153 autem
1672 2131 1714 2153 ea
1749 2119 1792 2153 de
1827 2130 1866 2153 re

85 2171 252 2207 Cromero
277 2172 455 2217 loquerer,
483 2174 662 2208 adductus
688 2185 767 2208 sum
794 2185 845 2215 eo,
873 2173 966 2218 quod
994 2174 1097 2218 pater
1122 2173 1349 2218 praepositus
1375 2172 1608 2218 provincialis
1634 2185 1698 2218 per
1722 2172 1866 2207 litteras

82 2226 267 2270 negotium
285 2225 354 2261 hoc
380 2226 411 2261 ei
438 2228 799 2268 eommendaverat³;
826 2227 868 2261 de
887 2238 957 2271 quo
982 2228 1105 2260 tamen
1130 2226 1217 2272 ipse,
1245 2227 1339 2271 quod
1365 2226 1506 2261 alienus
1524 2228 1631 2269 esset,
1657 2225 1867 2271 imperatori

83 2278 181 2323 loqui
215 2279 348 2322 noluit3
383 2281 428 2314 ad
464 2292 541 2315 rem
574 2283 696 2315 tamen
732 2292 812 2315 eum
848 2280 1118 2325 archiepiscopo
1144 2279 1334 2325 pragensi,
1371 2291 1525 2324 quocum
1551 2280 1769 2326 permutatio
1804 2279 1866 2314 illa

84 2332 204 2368 Oibini
242 2333 409 2368 facienda
447 2336 545 2376 erat,
585 2334 839 2369 conferendam
878 2336 1027 2379 paratus
1066 2335 1153 2368 erat.
1204 2333 1324 2378 Atque
1361 2333 1557 2379 imperator
1595 2333 1757 2379 quidem,
1796 2345 1867 2379 quo

83 2386 230 2421 facilius
265 2387 511 2433 episcopatum
548 2387 650 2422 illum
677 2399 893 2433 pragensem
928 2387 1095 2421 instituat
1126 2387 1397 2432 instauretque,
1436 2387 1595 2433 episcopi
1629 2387 1785 2422 reditum
1821 2400 1866 2422 ex

84 2451 228 2475 camera
262 2441 364 2485 regia
389 2441 525 2476 hauriri
551 2442 650 2483 vult3
687 2443 726 2476 at
760 2442 927 2487 episcopo
964 2452 1006 2475 ea
1039 2440 1238 2485 assignatio
1273 2453 1344 2475 non
1369 2441 1508 2486 placet;
1543 2441 1647 2476 timet
1673 2442 1787 2484 enim,
1822 2453 1868 2476 ne

84 2505 248 2529 camerae
283 2494 459 2530 officiales
484 2495 544 2529 vel
570 2495 732 2536 thesauri
766 2494 856 2539 regii
893 2494 1060 2529 custodes
1086 2506 1269 2537 nummos,
1307 2506 1395 2539 quos
1430 2495 1499 2530 sibi
1533 2495 1675 2530 solvere
1702 2495 1867 2537 debeant,

84 2547 264 2582 interdum
290 2550 480 2590 recusent;
517 2549 765 2594 probabuntur
790 2550 912 2582 tamen
947 2547 1017 2593 ipsi
1042 2548 1180 2582 reditus
1216 2547 1268 2582 illi
1303 2548 1513 2591 civitatum,
1549 2549 1643 2593 quod
1678 2548 1795 2593 magis
1830 2549 1866 2583 in

83 2600 199 2646 ipsius
224 2603 406 2647 potestate
432 2602 545 2637 futuri
572 2603 663 2644 sint,
702 2604 809 2646 atque
836 2601 946 2635 etiam
972 2601 1089 2646 magis
1117 2601 1267 2636 Oibinus
1293 2601 1468 2647 placebit,
1496 2603 1591 2647 quod
1618 2614 1660 2637 ea
1685 2603 1866 2648 possessio

83 2654 244 2690 securior
270 2657 306 2690 et
331 2656 448 2700 magis
474 2656 589 2701 ipsius
607 2655 751 2701 propria
774 2655 899 2689 futura
925 2655 992 2696 sit;
1018 2666 1134 2699 neque
1153 2655 1329 2697 dubitant,
1357 2655 1442 2700 quin
1468 2656 1678 2701 imperatori
1703 2656 1866 2690 futurum

83 2708 133 2743 sit
158 2710 313 2753 gratum,
340 2710 371 2744 si
398 2721 440 2744 66
465 2709 604 2744 ratione
631 2711 667 2743 et
693 2708 1018 2754 archiepiscopatui
1045 2711 1081 2743 et
1106 2708 1257 2753 collegio
1284 2710 1406 2743 nostro
1433 2710 1571 2744 reditus
1597 2709 1866 2755 provideantur.

84 2761 210 2806 Neque
235 2763 421 2806 negotium
446 2763 535 2797 illud
563 2763 650 2797 adeo
678 2761 955 2803 accelerabitur,
988 2763 1028 2796 ut
1053 2762 1095 2796 R.
1114 2762 1158 2797 V.
1185 2774 1255 2796 una
1283 2774 1364 2797 cum
1390 2764 1587 2798 reverendo
1613 2765 1717 2809 patre
1743 2765 1867 2798 nostro

83 2815 289 2861 praeposito
315 2816 477 2860 generali
502 2819 646 2861 tempus
672 2828 742 2850 non
768 2817 941 2860 suppetat
966 2815 1205 2861 respondendi
1232 2818 1288 2858 et,
1325 2816 1410 2860 quid
1436 2817 1553 2861 magis
1581 2817 1769 2863 expediat,
1806 2817 1866 2852 de-

84 2869 243 2904 finiendi.

208 2993 218 3013 ¹
244 2992 279 3027 Is
305 2994 384 3027 erat
409 2992 589 3027 Antonius
615 2991 709 3026 Brus
735 3002 756 3025 a
781 2991 947 3035 Muglitz.

205 3045 220 3067 ²
245 3044 408 3087 Quantae
436 3045 676 3080 difficultates
695 3044 809 3079 Sociis
835 3056 881 3079 ex
906 3045 1087 3090 parochiis
1112 3046 1186 3082 illis
1209 3049 1309 3082 ortae
1328 3046 1411 3090 sint,
1438 3047 1521 3082 vide
1547 3047 1584 3082 in
1605 3048 1692 3082 Can.
1712 3047 1800 3092 Epp.
1819 3046 1862 3088 ΙΙ,

86 3099 238 3134 52-53.
264 3099 346 3134 418.
371 3100 454 3134 419.
480 3099 551 3133 424
577 3101 646 3133 etc.

207 3154 220 3174 ³
246 3152 322 3187 Has
350 3152 485 3187 Canisii
510 3152 654 3187 litteras
679 3151 763 3186 vide
789 3163 898 3197 supra
925 3164 958 3197 p.
985 3153 1184 3189 257—258.
