2093 3444
330 194 409 229 541.
447 194 612 229 Canisius
639 195 766 229 Iacobo
792 194 927 230 Lainio.
970 195 1063 238 Aug.
1091 195 1231 230 Vindel.
1259 196 1291 230 5.
1319 196 1453 241 Aprilis
1482 198 1583 232 1561.
1765 199 1846 242 105

74 322 154 346 esse
181 313 277 345 certo
304 314 465 352 constat3
502 312 585 346 vide
611 312 705 346 infra
731 325 764 358 p.
795 313 991 347 121—123.
1022 314 1219 348 137—139.
1271 314 1367 349 Satis
1401 318 1522 349 autem
1558 316 1742 361 probabile
1782 319 1849 357 est,

75 364 272 399 Polancum
299 365 365 400 has
392 365 514 399 Broeti
539 365 682 400 litteras
709 366 934 410 significare,
962 379 1042 400 cum
1069 367 1105 400 in
1132 367 1287 412 epistula
1313 367 1376 402 illa
1404 368 1546 404 Canisio
1573 369 1717 404 scribit:
1761 369 1850 412 „Qui

74 419 203 453 mando
229 431 278 452 un
304 418 405 453 aviso
428 420 591 453 riceuuto
610 419 644 453 di
663 419 803 463 Parigi“
827 422 895 454 etc.
926 420 1034 463 (infra
1052 432 1085 465 p.
1108 421 1211 463 139);
1238 432 1349 465 quare
1368 423 1564 457 verisimile
1584 425 1648 465 est,
1677 424 1845 458 Broetum

74 484 144 507 non
170 471 238 506 soli
265 472 426 511 Canisio.
459 472 521 506 sed
548 473 615 507 toti
642 472 813 507 Societati
840 474 896 507 ve]
927 474 1085 508 eiusdem
1112 474 1317 519 praeposito
1343 476 1505 519 generali
1531 476 1620 511 haec
1646 478 1848 522 scripsisse.

75 526 187 560 Perez
214 525 339 559 folium
364 525 473 560 illud:
511 526 633 568 „Noua
658 527 833 571 quaedam
860 539 923 572 pro
949 527 1245 562 Monacensibus“
1276 528 1478 574 inscripsit;
1517 531 1610 574 quod
1638 533 1678 564 ut
1704 531 1848 565 taudem

75 580 264 623 Augustae
289 579 325 613 in
345 579 526 614 canisiano
553 579 614 613 illo
639 580 760 614 codice
790 580 889 623 (vida
915 592 1036 625 supra,
1063 581 1098 614 in
1126 581 1366 626 descriptione
1385 583 1547 617 codicum
1565 595 1598 618 n.
1621 583 1656 627 7)
1677 587 1849 626 maneret,

74 645 115 667 eo
141 633 297 667 fortasse
324 634 490 668 effectum
519 635 591 676 est,
629 634 722 677 quod
749 634 843 668 Socii
869 646 1102 669 monacenses
1134 635 1273 677 ἩΝο113“
1305 635 1384 677 1113,
1420 638 1460 670 ut
1495 648 1574 670 cuni
1602 637 1682 671 aliis
1709 650 1850 682 quoque

74 686 237 730 collegiis
264 686 518 721 communicari
546 689 703 732 possent,
732 688 776 721 ad
804 687 987 722 Cauisium
1014 689 1242 723 remiserunt.

905 808 1026 850 541.

528 909 582 955 Ρ.
623 908 975 955 HURTADUS
1014 909 1217 955 PEREZ
1264 909 1311 956 S.
1353 910 1399 956 J.

780 1006 952 1048 nomine
986 1007 1144 1049 Canisii

667 1105 948 1149 ΙΑοοΒο
982 1107 1262 1160 Lumo,

597 1187 802 1233 praeposito
830 1188 991 1231 generali
1017 1188 1209 1223 Societatis
1235 1189 1327 1224 Iesu.

552 1274 721 1322 Augusta
748 1274 1022 1312 Vindelicorum
1051 1276 1082 1313 5.
1109 1275 1251 1322 Aprilis
1277 1275 1364 1312 1561.

196 1357 251 1392 Ex
287 1357 510 1403 autographo
549 1358 626 1401 (203
663 1358 731 1401 3¹l2
768 1369 845 1403 pp.;
882 1357 917 1391 in
953 1370 986 1403 p.
1012 1358 1045 1392 4.
1082 1358 1189 1393 inser.
1217 1362 1254 1392 et
1288 1359 1486 1404 particulae
1520 1359 1619 1404 sig).
1672 1360 1754 1394 Cod.
1787 1359 1850 1402 ‚,G.

75 1411 140 1457 Ep.
168 1412 232 1445 Hs*
264 1411 287 1445 f.
318 1412 395 1446 103.
426 1412 503 1446 104.

195 1465 361 1510 Epistula
386 1465 443 1500 usi
468 1467 572 1500 sunt:
600 1466 817 1508 Sacclrinas,
846 1464 931 1499 Can.
958 1477 991 1509 p.
1022 1465 1099 1499 179.
1150 1467 1285 1510 Boero,
1313 1466 1398 1501 Can.
1425 1479 1458 1511 p.
1486 1466 1565 1501 235.
1616 1468 1745 1501 Me'chel
1771 1467 1793 1502 l.
1821 1478 1851 1502 c.

75 1530 110 1564 p.
137 1518 337 1554 248—250.
388 1520 446 1553 Al.
482 1521 597 1553 Kro'ss
632 1518 666 1552 S.
701 1519 753 1560 J.‚
790 1518 862 1552 Der
897 1518 1010 1562 selige
1046 1518 1178 1553 Petrus
1214 1518 1379 1554 Canisius
1414 1520 1449 1553 in
1485 1511 1690 1555 &sterreich
1730 1520 1853 1565 (Wien

79 1571 186 1617 1898)
217 1585 247 1617 p.
279 1573 355 1607 146.

195 1650 354 1682 Litterae
391 1660 463 1683 nori
503 1650 670 1682 traditae.
724 1649 894 1683 Canisessus
932 1653 1057 1682 contra
1095 1650 1135 1683 P.
1168 1650 1362 1683 Victoriam
1398 1661 1433 1683 se
1470 1651 1637 1693 defendit.
1688 1651 1729 1684 P.
1756 1652 1856 1684 Auel·

80 1703 378 1737 Commendonum
403 1704 571 1736 nantium
593 1704 789 1737 comitatus.
826 1704 904 1736 Alii
923 1704 1030 1737 Socii.
1069 1703 1223 1745 Collegyia
1242 1704 1495 1737 vindobonense
1521 1708 1551 1737 et
1569 1706 1855 1748 oem‘pontanam.

79 1757 250 1791 Canis-ius
275 1758 459 1800 Auyustae
483 1757 671 1790 detinetur.
724 1756 933 1790 Scholastici
959 1757 1155 1790 Societatis.
1207 1757 1361 1790 Libram
1388 1758 1463 1801 „De
1487 1758 1620 1800 pietate
1644 1759 1853 1801 principum

81 1808 318 1844 Germaniad‘
347 1811 476 1844 excudi
511 1821 582 1844 non
617 1811 798 1852 eonvenit‚·
829 1812 953 1853 potius
988 1821 1098 1843 novas
1123 1810 1212 1843 liber
1236 1811 1452 1844 scribendus.
1508 1811 1675 1845 C'miisins
1710 1813 1854 1855 colleyia

72 1864 185 1898 'risere
224 1866 330 1907 capit.
386 1863 577 1908 Colleyiam
615 1865 728 1896 Vallis
770 1864 927 1897 Tellz'riae
968 1864 1183 1897 Gre'som'lms
1221 1875 1243 1896 a
1274 1865 1504 1907 principibus
1542 1866 1853 1900 commendabitur.

80 1918 220 1951 canisii
245 1919 420 1951 contiones
446 1922 476 1951 et
501 1919 570 1951 iter
594 1928 811 1951 monacense.
860 1918 1108 1960 Praepositam
1130 1918 1329 1961 9eneralem
1358 1923 1571 1961 perpetuum
1606 1930 1675 1952 esse
1710 1923 1853 1962 oportet.

77 1972 258 2005 Bavariae
288 1973 499 2015 principum
523 1972 652 2015 favor,·
686 1971 866 2013 colleytmn
892 1981 1108 2004 monacense.
1158 1972 1454 2014 Anyustanorum
1478 1973 1594 2015 pietas
1604 1985 1617 2013 ‚·
1651 1973 1856 2005 Lutheram’

76 2026 236 2060 ecclesiae
260 2026 491 2059 reconciliati.
541 2026 664 2059 Timor
689 2037 732 2058 ex
755 2025 1039 2067 fenerationibus
1064 2029 1172 2058 ortas.
1221 2025 1389 2059 Canisc'as
1417 2026 1594 2069 Cypriam
1621 2037 1728 2069 opera
1755 2026 1854 2059 'valde

77 2080 260 2114 emendata
286 2083 317 2112 et
342 2079 560 2122 Hieronymi
587 2079 755 2122 epistulas
780 2079 879 2111 edere
905 2079 1011 2121 capit.

928 2161 1009 2203 Jhs

289 2238 384 2280 Pax
416 2236 576 2280 Christi
608 2237 831 2279 nobiscum
864 2237 998 2279 molto
1032 2237 1288 2279 Reuerendo
1320 2237 1362 2278 in
1396 2237 1565 2280 Christo
1598 2238 1644 2280 P.

196 2320 348 2370 Quella
390 2320 441 2362 de
474 2319 526 2362 V.
559 2319 606 2362 P.
651 2318 720 2361 del
754 2320 837 2361 22.
882 2318 924 2360 di
964 2333 1110 2360 marzo
1152 2318 1342 2361 riceuete
1382 2318 1485 2372 hogi
1525 2321 1675 2361 nostro
1714 2319 1854 2361 Padre

78 2385 364 2428 Prouinciale.

198 2450 252 2493 Se
283 2451 325 2493 16
365 2453 515 2493 nostre
546 2450 684 2492 letere
717 2464 795 2492 son
828 2451 1030 2491 mancate
1066 2449 1221 2491 alcuna
1262 2449 1519 2500 setfflmana,
1562 2449 1679 2492 forse
1722 2452 1745 2491 e
1777 2463 1855 2504 per

77 2516 214 2558 hauer
245 2516 458 2559 accaduto
492 2515 674 2569 qualche
707 2529 808 2557 cosa
840 2515 881 2557 al
912 2514 1081 2565 nuncio,
1116 2528 1237 2556 come
1269 2514 1297 2555 l’
1321 2514 1527 2557 accadete
1560 2529 1645 2568 qua
1677 2529 1854 2569 apresso

76 2595 163 2624 non
194 2595 273 2623 son
303 2581 438 2624 molte
470 2580 716 2632 settimane,
751 2594 871 2622 come
903 2579 976 2633 gia
1007 2579 1208 2621 habiamo
1241 2579 1394 2622 scritto
1429 2614 1438 2623 .
1471 2594 1543 2622 ma
1575 2594 1662 2621 non
1693 2580 1749 2621 mi
1783 2594 1856 2622 ra-

81 2646 210 2690 cordo
243 2647 321 2688 che
353 2646 418 2688 sia
450 2645 634 2688 lasoiato
668 2645 723 2687 da
755 2645 921 2687 scriuer
953 2644 1052 2698 ogni
1087 2644 1322 2687 settimana
1355 2647 1381 2687 3
1412 2659 1453 2688 ν.
1488 2659 1528 2699 p.

925 2787 1004 2822 Jhs.

197 2854 275 2888 Pax
305 2853 440 2888 Christi
464 2853 664 2894 nobiscum,
691 2852 882 2887 admodum
909 2852 1108 2886 reverende
1134 2852 1170 2885 in
1197 2850 1341 2886 Christo
1367 2854 1481 2897 pater.

198 2919 238 2954 P.
265 2919 309 2954 V.
345 2918 486 2952 litteras
525 2918 582 2952 22.
613 2917 736 2952 Martii
775 2917 878 2952 datas
916 2919 1020 2963 pater
1057 2917 1284 2962 praepositus
1322 2916 1555 2962 provincialis
1589 2919 1712 2950 noster
1750 2915 1854 2950 hodie

77 2975 300 3068 accepguod
325 3025 468 3060 litterae
494 3026 639 3059 nostrae
666 3024 788 3069 aliqua
813 3024 1035 3058 hebdomade
1061 3024 1164 3058 vobis
1189 3024 1344 3058 traditae
1369 3035 1439 3057 non
1465 3026 1561 3065 sunt,
1591 3023 1746 3058 fortasse
1772 3022 1855 3057 inde

79 3079 217 3114 factum
243 3081 319 3121 est,
346 3078 440 3123 quod
467 3077 603 3122 aliquid
629 3077 774 3112 adversi
801 3078 927 3112 nuntio
954 3077 1103 3119 accidit,
1137 3077 1232 3112 sicut
1256 3077 1294 3111 in
1319 3077 1453 3111 vicinia
1479 3079 1603 3111 nostra
1629 3076 1759 3111 abhinc
1783 3088 1854 3110 non

79 3132 213 3167 multas
238 3132 482 3167 hebdomades
517 3131 549 3165 ei
576 3131 726 3172 accidit;
760 3130 795 3165 id
822 3131 916 3175 quod
942 3130 1045 3165 vobis
1079 3130 1150 3164 iam
1177 3130 1399 3175 scripsimus.
1449 3129 1525 3164 Nec
1550 3131 1672 3164 tamen
1707 3129 1854 3164 memini

79 3197 136 3220 me
161 3186 305 3220 litteras
330 3185 485 3229 singulis
510 3184 744 3219 hebdomadis
771 3184 816 3218 ad
842 3184 881 3219 P.
895 3183 939 3218 V.
967 3184 1052 3218 dare
1079 3183 1254 3218 omisisse.
