2093 3444
216 165 301 206 298
361 162 440 197 627.
478 160 645 196 Canisius
670 161 794 196 Lamb.
823 160 929 195 Auer.
973 160 1066 204 Aug.
1094 159 1200 194 Vind.
1227 170 1273 193 m.
1300 158 1391 193 Nov.
1421 158 1520 202 (ante
1544 158 1717 203 medium)
1741 159 1842 194 1561.

1038 277 1170 319 62⁷.

956 370 1254 418 CANISIUS

632 472 696 513 P.
728 469 1139 513 LAMBERTO
1173 469 1376 513 AUER
1409 469 1464 512 S.
1498 470 1574 523 J„

830 551 962 586 rectori
989 550 1134 595 collegii
1159 550 1374 595 moguntini.

500 634 671 681 Augusta
697 632 974 669 vindelicorum
1000 642 1047 668 m.
1074 630 1268 668 Novembri
1295 632 1396 675 (ante
1422 630 1593 676 medium)
1619 630 1706 667 1561.

334 718 389 751 Ex
407 717 615 762 apographo
635 715 811 761 epistulae
829 715 951 757 Aueri,
979 715 1102 749 eodem
1120 716 1196 748 fere
1215 716 1375 759 tempore
1395 713 1561 748 Coloniae
1584 714 1628 748 ab
1646 714 1723 759 ipso
1742 713 1781 748 P.
1800 714 1991 748 Leonardo

214 772 371 805 Kesselio
397 771 532 816 scripto
559 773 594 804 et
620 770 673 804 sic
698 770 892 815 inscripto:
931 769 992 811 „D.
1018 768 1233 802 Lambertus
1260 779 1305 802 ex
1331 767 1521 811 Maguntia
1549 767 1591 802 15
1617 766 1865 802 Nouembris“.
1905 766 1989 801 Cod.

214 825 327 860 colon.
360 825 503 867 „Kess.“
534 825 559 859 f.
588 824 653 858 107
685 823 737 867 (in
763 835 794 857 a.
825 823 913 857 1561
942 823 966 857 f.
994 822 1067 865 39).

335 878 444 912 Aueri
471 877 662 924 epistulam
688 877 825 922 primus
852 876 963 910 edidit
988 877 1135 909 Hansen
1170 875 1193 910 l.
1221 886 1250 909 c.
1278 887 1310 920 p.
1336 874 1537 909 409—410.

337 950 379 982 In
405 950 578 993 colloquio
598 948 817 992 possiacensi
835 958 905 990 per
930 947 1105 980 Laz‘niam
1131 947 1260 980 Bezam
1295 947 1343 979 ad
1367 947 1545 979 silentiam
1572 947 1771 990 redactam„
1807 946 1992 979 catholicos

215 1003 443 1045 confirmatos
468 1014 545 1036 esse.
599 1003 651 1036 De
677 1002 860 1035 cardinali
885 1000 1116 1043 Lotharingso.
1168 1001 1361 1043 Epis-copas
1392 1000 1598 1033 Tridentmn
1628 1001 1753 1033 venire.

334 1087 382 1129 P.
416 1086 669 1128 Lambcrtzcs
701 1086 821 1126 Auer
853 1086 895 1127 S.
929 1084 987 1138 J.7
1025 1086 1195 1140 primas
1233 1085 1390 1138 collessii
1432 1085 1665 1138 moguntini
1702 1088 1858 1136 rector,
1901 1083 1990 1124 Mo-

213 1154 366 1207 quonia
408 1154 477 1194 15.
512 1150 759 1193 Novembris
792 1151 904 1192 1561
942 1150 1157 1191 Coloniam
1192 1150 1250 1190 ad
1282 1149 1330 1191 P.
1365 1149 1641 1190 Leonardmn
1674 1148 1822 1190 Kessel
1854 1148 1897 1190 S.
1932 1148 1990 1201 .].,

216 1219 374 1272 colleye'i
396 1218 643 1259 coloniensis
665 1221 876 1267 rectorem,
910 1216 1023 1269 haec,
1055 1220 1225 1270 praeter
1248 1216 1349 1267 alia,
1383 1216 1576 1269 scripsit:
1612 1213 1766 1267 „Noua
1789 1214 1992 1256 letissima

216 1288 304 1324 tum
338 1298 386 1325 ex
419 1282 597 1337 retliijl,
643 1286 729 1323 tam
763 1296 812 1322 ex
845 1280 1014 1335 Canisij
1053 1281 1186 1322 literis
1223 1279 1375 1332 habeo,
1418 1286 1583 1335 vterque
1625 1280 1761 1321 enimn
1792 1277 1863 1332 [ἓ]
1896 1292 1992 1320 con-

216 1349 336 1390 cordi
379 1349 472 1390 stilo
520 1348 686 1397 scribit,
739 1347 919 1400 feliciter
964 1347 1004 1387 in
1056 1346 1210 1400 Galliis
1257 1346 1480 1388 Catholicis
1525 1346 1689 1398 cedere,
1746 1349 1780 1386 et
1825 1349 1993 1386 strenae

217 1429 339 1469 ayere
371 1414 423 1456 R.
456 1429 497 1469 p.
532 1419 720 1455 nostrum
759 1413 1019 1467 yeneralem,
1066 1410 1131 1452 ut¹'
1170 1412 1286 1452 Rem
1319 1412 1575 1464 haereticus,
1618 1411 1690 1465 qui
1727 1411 1895 1465 primus
1937 1414 1993 1451 est

218 1480 578 1535 Colloquutoramc
618 1479 756 1534 partis
789 1478 992 1530 caluerse,
1036 1477 1194 1518 dixerit
1226 1477 1510 1531 quaesitonem
1543 1477 1594 1517 de
1624 1476 1868 1530 praesentia
1900 1489 1992 1517 cor-

210 1547 331 1600 poris
373 1550 408 1586 el
449 1545 674 1599 sanquinis
707 1544 869 1584 domini
913 1544 953 1583 ῖη
989 1543 1261 1584 Sacramento
1294 1542 1596 1584 Eucharistiae
1637 1542 1772 1597 maqis
1806 1541 1992 1582 arduam

217 1625 323 1664 esse,
372 1625 496 1665 quam
544 1615 582 1651 vt
626 1610 676 1650 de
719 1624 767 1650 ea
811 1623 886 1664 per
933 1622 974 1649 se.
1019 1613 1054 1650 et
1102 1622 1198 1649 suos
1245 1608 1431 1663 Colleyas
1474 1609 1698 1662 quicquam
1736 1611 1876 1662 posset
1920 1606 1992 1647 de-

213 1676 347 1730 finiri.
421 1675 567 1717 Noluit
616 1689 727 1715 nunc
769 1675 1015 1727 conuenire,
1071 1678 1145 1715 aut
1190 1673 1411 1728 disputare
1456 1674 1661 1728 amplias,
1710 1672 1784 1714 sed
1829 1676 1993 1713 tsmtum

215 1742 386 1796 scriptis
410 1755 543 1795 affere.
589 1741 795 1795 Maqnmn
812 1741 933 1794 patri
955 1744 1096 1781 nostro
1107 1738 1122 1758 ‘¹
1155 1739 1444 1780 ctzcctorc'tatem
1468 1738 1587 1793 apud
1610 1738 1755 1780 Gallos
1770 1741 1991 1792 paratam,

217 1811 340 1862 atque
365 1806 595 1848 Catlzolicos
618 1806 737 1846 haud
755 1819 913 1860 parum
929 1809 940 1824 ⁰
974 1806 1184 1846 animatos
1208 1809 1330 1858 atque
1353 1803 1617 1856 confirmatos
1641 1817 1738 1854 esse,
1772 1803 1883 1858 quod
1905 1807 1991 1843 tam

217 1873 376 1927 eyt·eyie
410 1871 567 1913 Christi
599 1884 773 1912 causam
808 1871 934 1924 eqerit
967 1870 1084 1925 apud
1118 1870 1307 1923 recinam
1341 1873 1376 1910 et
1406 1882 1598 1924 proceres
1630 1869 1750 1923 requi
1784 1868 1990 1909 Collectos.

216 1937 385 1979 Deinde
404 1937 653 1978 Cardhzalis
671 1936 892 1989 Lotorinyi
913 1933 1023 1988 [sic]
1038 1936 1268 1976 orationem
1287 1935 1437 1989 optime
1453 1934 1651 1975 cecidisse
1664 1934 1694 1988 2,
1719 1933 1992 1988 quantumuis

209 2007 336 2058 pater
367 2002 578 2056 mendalij
602 2016 682 2056 per
713 2002 910 2042 satellites
942 2014 1038 2042 saos
1071 2001 1332 2041 contrariam
1365 2001 1585 2055 sparserit.
1636 1999 1853 2040 Gallicani
1884 1997 1992 2053 Epi-

216 2069 329 2123 scopi
361 2068 420 2108 ad
454 2067 686 2109 Consilium
718 2064 829 2119 [sic]
862 2067 1028 2107 venturi
1060 2070 1157 2107 sant
1186 2070 1356 2120 praeter
1388 2065 1589 2120 hispanos
1622 2069 1657 2106 et
1689 2066 1746 2106 86
1777 2062 1988 2106 Italicos.“

335 2159 483 2194 Lainius
508 2161 652 2205 praeter
678 2158 958 2203 disputationes,
994 2160 1031 2192 et
1056 2157 1091 2192 in
1118 2157 1294 2202 colloquio
1321 2157 1382 2191 illo
1411 2157 1454 2191 de
1479 2156 1653 2201 religione
1678 2156 1772 2191 inter
1798 2155 1994 2190 catholicos

217 2216 253 2248 et
287 2215 533 2259 protestantes
567 2224 613 2247 m.
641 2211 842 2257 Septembri
879 2212 967 2246 1561
1006 2211 1167 2246 Possiaci
1203 2210 1325 2245 habito
1364 2212 1401 2244 et
1434 2211 1470 2244 in
1506 2210 1642 2244 minore
1676 2209 1830 2254 quodam
1863 2207 1994 2244 similis

216 2267 360 2311 generis
386 2268 585 2308 conventu,
621 2265 728 2311 paulo
754 2267 835 2311 post
861 2265 949 2299 Fani
977 2264 1147 2299 Germani
1179 2263 1346 2298 instituto
1384 2263 1481 2307 (vide
1513 2275 1623 2309 supra
1657 2275 1691 2309 p.
1718 2262 1802 2307 261)
1838 2261 1992 2304 habitas,

217 2320 448 2355 Catharinam
475 2319 650 2362 reginam,
677 2318 872 2353 Antonium
891 2318 1078 2352 Navarrae
1105 2329 1226 2362 regem
1246 2318 1488 2361 Ioannamque
1515 2316 1628 2362 ipsius
1654 2317 1851 2361 coniugem,
1878 2315 1991 2350 Ludo-

215 2373 338 2408 vicum
356 2373 554 2418 principem
574 2371 789 2412 Condaeum,
817 2371 950 2406 multos
977 2371 1067 2406 alios
1085 2382 1252 2417 proceres
1270 2370 1420 2405 seorsim
1439 2371 1587 2412 adierat,
1614 2369 1810 2404 adhortans
1835 2369 1992 2403 maxime

217 2427 262 2461 ad
299 2438 375 2461 rem
410 2425 554 2470 collegii
588 2425 775 2460 tridentini
810 2425 1091 2471 promovendam
1127 2437 1172 2459 ex
1208 2436 1319 2469 eoque
1354 2424 1680 2458 controversiarum
1716 2423 1991 2469 explicationem

216 2480 410 2526 petendam
440 2480 664 2523 (Sacchinus,
691 2478 785 2513 Hist.
814 2478 848 2513 S.
877 2479 910 2513 J.
938 2479 981 2521 II,
1008 2478 1031 2513 l.
1059 2479 1091 2519 5,
1118 2490 1151 2512 n.
1179 2478 1258 2512 212.
1310 2479 1436 2522 Boero,
1463 2477 1593 2512 Lainez
1618 2489 1652 2522 p.
1679 2476 1778 2520 239).

339 2609 354 2624 ²²
379 2604 461 2637 Vel:
486 2614 619 2637 eorum.
766 2602 781 2623 ¹³
807 2602 1025 2646 generalem.
1077 2602 1122 2636 Et
1148 2602 1196 2636 H.

335 2664 346 2678 ⁰
371 2657 468 2691 Mihi
494 2657 633 2701 quidem
658 2667 716 2690 res
741 2657 821 2700 ipsa
847 2658 985 2700 exiyere
1010 2656 1160 2699 ridetur,
1186 2660 1225 2689 ut
1249 2656 1301 2689 sic
1327 2656 1543 2698 corrigatur,
1571 2655 1664 2698 quod
1674 2659 1874 2698 posuerunt
1892 2655 1990 2689 Kess.

217 2716 247 2745 et
274 2712 319 2745 H.
329 2723 341 2744 :
366 2710 504 2756 primus
530 2711 586 2744 est
612 2709 880 2754 colloquiorum.
932 2710 1019 2743 Vide
1043 2720 1157 2753 supra
1177 2720 1216 2753 p.
1243 2710 1314 2742 257
1323 2708 1346 2742 ⁵.
1445 2707 1460 2728 ἃ
1485 2719 1507 2742 a
1532 2709 1636 2752 patre
1661 2709 1784 2742 nostro
1810 2708 1858 2742 H.

337 2770 350 2785 θ
375 2765 540 2809 paratam
564 2765 673 2808 atque
700 2762 916 2804 Catholicos,
942 2762 1056 2797 haudt
1078 2773 1205 2808 parum
1228 2762 1275 2796 K.
1300 2763 1463 2806 paratam
1490 2762 1599 2804 atque
1625 2760 1831 2795 catholicos.
1886 2760 1991 2795 Haud

218 2828 347 2862 parum
374 2818 421 2851 H.

341 2929 350 2948 ¹
379 2928 417 2962 P.
446 2927 599 2962 Ioannes
624 2926 779 2961 Rethius
804 2925 1106 2969 Aschaffenburgi
1142 2925 1237 2970 apud
1273 2924 1585 2970 archiepiscopum
1619 2925 1869 2968 moguntinum
1904 2926 1992 2960 tunc

219 2982 388 3016 versat-us
414 2992 495 3015 esse
519 2980 665 3015 videtur
693 2979 857 3024 (Hansen
882 2978 905 3014 l.
933 2990 962 3013 c.
989 2991 1023 3024 p.
1050 2978 1151 3022 409).

339 3034 353 3054 ²
377 3034 413 3068 Is
440 3034 495 3068 16.
522 3032 744 3079 Septembris
770 3033 948 3067 eruditam
974 3032 1171 3066 orationem
1206 3031 1384 3066 habuerat
1409 3032 1518 3075 atque
1544 3030 1652 3064 etiam
1677 3029 1736 3064 24.
1762 3031 1798 3064 et
1822 3029 1879 3064 26.
1906 3029 1991 3075 Sep·

220 3087 370 3121 tembris
405 3086 547 3121 dixerat
584 3087 814 3131 (Ra-analdus
848 3085 870 3120 l.
898 3097 928 3120 c.
963 3085 1000 3119 in
1035 3096 1067 3119 a.
1096 3085 1186 3119 1561
1223 3096 1258 3118 n.
1285 3084 1340 3119 90.
1392 3084 1513 3118 Precis
1545 3082 1766 3127 historiques
1790 3082 1990 3126 XXXVIII,

221 3140 372 3174 77—79.
425 3141 461 3174 J.
488 3141 524 3174 J.
556 3140 761 3184 Guillemin,
787 3138 837 3173 Le
864 3137 1034 3173 Cardinal
1060 3138 1103 3172 de
1128 3137 1299 3172 Lorraine
1325 3136 1442 3181 [Paris
1471 3135 1576 3180 1847]
1601 3147 1635 3181 p.
1661 3135 1879 3179 246—257).
1909 3152 1912 3155 >
