2093 3444
229 205 315 246 394
461 201 541 236 670.
579 200 744 235 Canisius
771 199 951 235 Stanislao
978 198 1098 233 Hosio.
1142 200 1238 242 Aug.
1264 199 1406 234 Vindel.
1436 200 1490 234 16.
1517 201 1639 235 Martii
1667 202 1769 237 1562.

227 319 395 369 messis,
430 318 502 360 ubi
535 317 644 371 (Deo
678 317 735 359 sit
768 316 906 358 omnis
937 315 1096 369 gloria)
1128 316 1295 370 piorum
1336 319 1379 359 et
1411 317 1743 372 Neophytorum
1774 334 2000 363 numerum

229 386 362 437 auget
395 383 604 434 Christus,
638 382 901 425 Dominus
934 380 1174 423 messis1.
1223 381 1436 434 Jgnoscat
1468 385 1612 425 autem
1646 383 1749 425 mihi
1783 384 2000 428 Celsitudo

227 452 326 498 tua,
376 449 489 502 quod
535 449 579 490 in
625 447 776 500 lingua
824 446 1082 489 Germanica
1128 445 1297 500 potius⁷
1352 461 1481 500 quam
1527 447 1685 490 Latina
1731 463 1800 492 me
1848 451 2000 493 studeo

230 513 458 556 Germanis
502 513 844 556 accommodare.
917 511 1091 553 Jdcirco
1139 511 1181 552 in
1230 511 1309 554 1100
1355 512 1671 567 Martyrologio
1720 515 1833 568 quod
1880 516 2001 558 breui

229 579 423 630 mittam,
473 578 509 620 si
554 578 678 619 modo
727 577 903 619 mittere
952 590 1037 618 non
1081 575 1251 626 licebit,
1306 576 1509 619 libentius
1556 578 1751 633 laborauj
1767 581 1796 623 2.
1872 580 2002 624 Faxit

229 645 445 693 Christus,
488 646 537 686 ut
570 658 667 685 eum
708 642 759 683 in
802 641 1021 684 sanctis
1062 641 1326 683 laudare3
1357 643 1584 696 possimus.
1648 644 1866 687 Fortassis
1900 660 2001 688 con-

228 710 342 752 feret
375 709 537 762 aliquid
569 708 637 750 hic
671 710 854 749 conatus
886 706 941 748 ad
964 709 1158 748 ueterem
1189 706 1398 761 pietatem
1423 708 1569 761 aliqua
1595 722 1651 750 ex
1682 712 1809 763 parte
1840 710 2002 754 nostris

228 775 472 818 hominibus
506 773 905 815 commendandam.
955 771 1040 826 Alij
1074 772 1240 814 maiora
1273 775 1317 814 et
1348 772 1527 815 meliora
1559 777 1742 828 possunt
1774 775 1891 827 dare,
1926 776 2002 818 sed

227 841 395 883 utinam
427 839 603 881 uellent.
668 838 876 881 Sanctum
910 839 954 879 et
986 836 1119 879 foelix
1149 837 1319 879 Pascha
1350 852 1504 892 precor
1536 839 1808 894 amplitudini
1841 843 1943 884 tuae
1976 855 2003 884 a

228 905 398 948 Christo
431 904 614 947 Domino
656 906 805 945 nostro
847 917 925 957 pro
966 902 1089 944 nobis
1121 905 1291 945 mortuo
1333 917 1383 944 ac
1419 904 1695 948 resuscitato.
1758 905 2000 960 Augustae.

231 973 284 1013 16
318 970 465 1024 Martij
506 968 776 1012 .M.D.LX1J.

1133 1032 1292 1075 Seruus
1324 1033 1367 1075 in
1400 1034 1570 1077 Christo
1604 1035 1697 1079 Pet.
1732 1036 1940 1080 Ganisius.

350 1135 513 1190 Accepi
545 1134 671 1177 modo
705 1147 815 1187 quae
848 1133 1008 1188 spiram
1052 1136 1095 1176 et
1128 1133 1183 1175 ad
1215 1132 1459 1188 Principem
1491 1135 1713 1176 Bauarum
1747 1135 1866 1178 breui
1901 1136 2002 1179 mit-

231 1203 392 1243 tentur.
437 1201 501 1242 De
535 1199 830 1242 catechismo4
861 1199 965 1240 nihil
999 1213 1092 1240 sum
1116 1199 1243 1253 plane
1276 1199 1500 1250 sollicitus,
1535 1214 1672 1253 neque
1696 1200 1872 1254 dignum
1906 1216 2003 1244 eum

234 1267 363 1316 duco,
409 1266 478 1319 qui
522 1264 705 1308 caeteris
737 1264 1024 1319 praeferatur.
1088 1266 1258 1306 tantum
1303 1265 1530 1319 optabam,
1574 1266 1710 1308 ueluti
1743 1266 2004 1309 catholicum

233 1331 480 1386 approbarj.
552 1330 775 1372 Meliorem
820 1344 925 1371 sane
971 1329 1181 1372 conscribi
1225 1330 1404 1380 uellem,
1454 1330 1526 1383 qui
1569 1331 1785 1385 publicam
1827 1332 2002 1386 Concilij

233 1397 545 1440 authoritatem
590 1396 632 1437 in
677 1395 871 1437 omnibus
916 1395 1123 1450 Ecclesijs
1167 1398 1420 1438 mereretur.
1496 1395 1726 1439 Orabimus
1771 1397 2003 1440 Dominum

232 1463 438 1513 libenter,
475 1465 523 1504 ut
557 1460 851 1516 amplitudinis
883 1463 986 1503 tuae
1019 1460 1312 1503 ualetudinem
1345 1461 1602 1503 incolumem
1635 1462 1802 1504 reddat.
1866 1463 2003 1505 Doleo

234 1528 398 1569 Theses
431 1527 808 1580 Jngolstadienses
840 1540 925 1568 non
959 1525 1120 1569 rectius
1154 1540 1337 1568 excusas
1371 1532 1506 1568 essea.

352 1623 378 1674 †
423 1620 799 1663 Reuerendissimo
853 1620 895 1661 in
945 1620 1113 1662 Christo
1160 1619 1307 1669 Patri,
1362 1621 1406 1661 et
1452 1619 1758 1662 ι11111513115511110
1805 1621 2002 1672 Domino,

233 1688 284 1729 D.
320 1686 538 1729 Stanislao
571 1686 718 1736 Hosio,
754 1685 970 1727 Cardinali
1003 1688 1047 1727 et
1075 1684 1290 1739 Episcopo
1314 1684 1589 1726 Vuarmiensi
1622 1720 1627 1727 .
1663 1686 1704 1728 S.
1724 1685 2004 1729 Tridentinae

233 1752 385 1806 synodj
422 1749 672 1806 [Pr]aesidi‚
705 1754 889 1805 patrono
923 1750 1201 1805 amplissimo.
1265 1749 1473 1792 Tridenti.

354 1844 582 1889 Inscriptioni
610 1843 736 1877 harum
763 1843 964 1877 litterarum
993 1854 1100 1876 manu
1127 1842 1287 1876 eiusdem
1305 1842 1478 1887 temporis
1499 1842 1663 1886 (Hosii‘P)
1692 1843 1902 1878 adnotatum
1928 1846 2003 1879 est:

241 1898 357 1940 „redd
385 1898 429 1932 20
456 1897 577 1943 Martij
608 1897 708 1937 1562,
735 1908 829 1941 resp.
857 1896 903 1930 24
928 1896 1082 1941 Martij.“

355 1984 519 2019 Canisius
538 1996 607 2018 11113
628 1996 706 2019 011111
726 1984 782 2018 1115
802 1984 943 2025 litteris,
971 1987 1011 2017 ut
1029 1995 1073 2017 ex
1092 1982 1180 2028 ipsis
1198 1982 1432 2026 intellegitur,
1460 1982 1570 2017 Hosio
1587 1982 1687 2017 misit
1707 1983 2004 2028 „precationem“,

234 2049 314 2082 qua,
342 2040 381 2072 ut
407 2037 542 2078 scribit,
576 2049 738 2079 „oramus
765 2037 976 2071 Dominum“
1006 2049 1069 2082 pro
1096 2035 1257 2070 concilio.
1297 2036 1410 2077 Quam
1437 2035 1679 2080 precationem
1705 2036 1870 2080 equidem
1902 2037 2004 2078 ⁷,Pre-

233 2091 386 2126 cationis
413 2092 628 2126 communisu
663 2090 948 2135 („Allgcmeines
975 2089 1149 2133 Gebet‘),
1183 2101 1289 2134 quam
1317 2090 1469 2123 dicimus
1498 2088 1597 2133 (vide
1626 2091 1712 2124 Can.
1739 2090 1828 2136 Epp.
1855 2090 1908 2132 ΙΙ,
1935 2090 2003 2124 695

233 2145 277 2178 3(1
305 2144 388 2189 697)
427 2145 583 2179 similem
615 2144 728 2179 fuisse
764 2148 800 2179 et
835 2156 855 2178 a
882 2143 1024 2178 canisio
1061 2155 1079 2177 e
1111 2146 1289 2187 suggestu
1317 2142 1534 2177 cathedralis
1571 2142 1744 2177 ecclesiae
1779 2145 2004 2188 augustanae

234 2198 404 2232 velante
431 2198 488 2232 vel
525 2200 605 2243 post
641 2198 843 2232 contionem
869 2197 1059 2231 recitatam
1095 2208 1174 2230 esse
1211 2196 1365 2237 conicio;
1403 2207 1484 2230 nam
1520 2196 1629 2230 etiam
1665 2198 1818 2231 exeunte
1854 2208 1884 2231 a.
1914 2197 2001 2231 1551

233 2251 448 2294 Ingolstadii
476 2251 641 2286 Canisius
677 2251 864 2292 effecerat,
900 2253 940 2284 ut
974 2251 1009 2284 in
1045 2249 1208 2284 omnibus
1244 2249 1469 2284 contionibus
1503 2261 1628 2294 preces
1654 2262 1717 2295 pro
1752 2249 1892 2284 concilii
1927 2260 2004 2284 suc-

233 2316 338 2339 cessu
366 2308 432 2339 etc.
461 2317 541 2339 cum
569 2305 700 2350 populo
732 2304 972 2339 recitarentur
1001 2304 1105 2347 (Can.
1133 2303 1222 2348 Epp.
1250 2303 1284 2343 I,
1321 2303 1419 2346 394).
1470 2303 1662 2337 Praeterea
1690 2302 1855 2338 Canisius
1881 2303 2003 2338 theses

232 2357 315 2392 illas
341 2358 576 2401 tubingenses
612 2361 648 2392 et
674 2358 996 2401 ingolstadienses,
1032 2357 1074 2391 de
1101 2357 1231 2401 quibus
1268 2356 1301 2390 in
1327 2356 1385 2390 his
1410 2356 1543 2390 litteris
1578 2356 1722 2398 scribit,
1758 2356 1868 2391 Hosio
1894 2356 2002 2391 misit.

236 2409 335 2452 Quod
363 2414 483 2445 autem
509 2423 549 2446 50
575 2411 730 2446 fortasse
756 2423 837 2446 cum
864 2411 952 2455 ipsis
978 2410 1087 2444 etiam
1105 2409 1405 2454 Martyrologium
1431 2409 1676 2453 germanicum
1703 2409 1898 2444 missurum
1925 2420 2004 2444 esse

232 2463 365 2498 ibidem
401 2464 545 2506 scribit,
584 2476 628 2498 ex
663 2465 776 2509 ipsius
813 2463 968 2509 epistula
1002 2463 1058 2498 28.
1085 2463 1207 2497 Martii
1237 2463 1327 2497 1562
1363 2463 1406 2497 ad
1433 2462 1581 2497 Hosium
1610 2463 1695 2497 data
1728 2462 1843 2507 liquet
1872 2462 2002 2497 librum

232 2517 335 2552 illum
363 2517 433 2551 alia
460 2517 519 2551 via
546 2517 756 2552 Tridentum
784 2517 827 2552 ab
854 2517 932 2562 ipso
958 2516 1107 2551 missum
1135 2527 1225 2550 esse.

354 2670 369 2685 ²
399 2664 504 2707 Cypr.
532 2674 598 2697 om.
625 2675 673 2696 vc.
700 2674 772 2707 sqq.

357 2810 368 2830 1
393 2809 524 2844 Mat-th.
552 2809 584 2850 9,
611 2808 666 2843 38.
719 2808 804 2842 Luc.
833 2808 887 2848 10,
915 2808 947 2841 2.

354 2862 368 2882 ²
393 2863 509 2896 Adam
536 2862 724 2896 Walasser
749 2860 1068 2905 Martyrologium,
1105 2858 1247 2894 Canisio
1283 2858 1407 2892 multis
1441 2858 1555 2892 modis
1590 2858 1738 2892 iuvante
1773 2860 1810 2893 et
1843 2858 2000 2903 amplam

234 2914 494 2959 praefationem
528 2914 845 2954 subministrante,
880 2913 1085 2957 germanice
1110 2914 1272 2946 verterat
1307 2913 1343 2945 et
1373 2911 1703 2955 ,Martyrologium
1746 2910 1818 2946 Der
1843 2911 2000 2946 Kirchen

234 2966 434 3009 Kalender,
571 2967 682 3002 durch
716 2967 850 3001 Doctor
875 2966 1023 3000 Petrum
1050 2965 1233 3000 Canisium
1261 2992 1295 2999 ..
1321 2964 1357 2998 in
1383 2963 1504 2998 Truck
1538 2964 1749 3008 verfertigt¹⁴
1787 2964 2000 3010 inscriptum

234 3019 402 3064 Dilingae
427 3021 581 3066 primum
608 3032 639 3055 a.
669 3020 759 3055 1562
786 3019 916 3060 edidit;
944 3020 986 3054 de
1013 3030 1082 3063 quo
1109 3017 1190 3053 vide
1217 3017 1319 3063 plura
1344 3017 1449 3059 infra,
1475 3028 1631 3051 monum.
1658 3017 1738 3052 399.

357 3074 369 3094 ³
393 3073 454 3108 Ps.
483 3074 560 3116 150,
588 3074 619 3108 1.
718 3074 731 3093 4
759 3072 812 3107 Cf.
839 3084 948 3117 supra
973 3084 1006 3117 p.
1034 3072 1114 3107 384.
