2093 3444
225 173 309 214 326
432 171 510 205 640.
549 170 715 205 Canisius
741 169 921 205 Stanislao
948 169 1069 204 Hosio.
1112 170 1206 213 Aug.
1232 169 1422 203 Vind.·10.
1449 168 1657 203 Decembris
1685 169 1788 204 1561.

342 286 571 332 Inscriptioni
597 286 726 321 harum
751 286 953 320 litterarum
985 296 1094 319 manu
1120 284 1269 328 antiqua
1301 283 1460 318 eiusdem
1485 285 1658 330 temporis
1685 285 1893 320 adnotatum
1919 288 1994 321 est:

228 340 421 383 „Redditae
449 341 492 375 16
520 339 718 374 decembris
747 339 848 373 1561.
875 349 1087 383 responsum
1114 338 1158 371 22
1185 337 1415 371 (1000011)115.“ι

342 427 399 462 Ex
436 427 562 461 iisdem
599 426 731 461 litteris
768 425 1009 469 intellegitur,
1047 425 1229 459 0301511101
1264 436 1335 459 1103
1371 437 1451 459 cum
1484 425 1572 470 ipsis
1608 426 1817 461 Tridentum
1852 427 1995 463 misisse

225 480 367 515 Clebitii
396 480 454 524 (de
481 492 550 524 quo
569 491 677 525 supra
697 491 728 524 p.
749 479 853 522 318³)
883 479 1013 513 librum
1036 478 1216 520 „Victoria
1244 478 1419 520 veritatis,
1447 490 1488 513 ac
1513 479 1616 513 ruina
1642 482 1795 524 papatus
1814 479 1994 516 saxonici.

224 533 423 579 Responsio
449 533 656 567 VVilhelmi
691 531 840 566 Klebitii
874 531 1089 566 Necessaria
1125 531 1169 565 ad
1195 532 1418 574 Argumenta
1449 531 1550 566 Doct.
1577 532 1777 567 Tilemanni
1812 533 1995 579 Heshusij.

223 587 528 631 Friburgi.1561“
563 587 633 629 (40;
662 586 706 620 35
733 586 767 619 ff.
794 597 865 619 non
891 584 1013 629 sign.)
1053 584 1105 618 De
1132 596 1200 628 quo
1227 584 1317 618 libro
1344 586 1478 619 Hosius
1503 585 1672 619 Tridento
1699 586 1754 620 25.
1781 586 1997 621 Novembris

227 642 314 676 1561
345 640 493 674 Claudio
513 639 642 673 Comiti
669 639 711 673 de
729 638 839 679 Luna,
866 637 1024 683 Philippi
1043 638 1086 671 Il.
1114 637 1207 682 apud
1235 649 1417 671 caesarem
1444 638 1586 679 oratori,
1612 639 1854 684 *scripserat:
1886 639 1994 682 „Cum

224 695 430 739 Augustam
449 694 578 728 fuisset
605 692 737 727 allatus
765 719 772 726 .
799 692 921 726 statim
950 691 1170 736 exemplaria
1190 691 1365 725 distracta
1391 694 1475 725 sunt
1500 691 1628 732 omnia,
1654 692 1785 736 Jtaque
1803 692 1894 726 liber
1918 692 1997 738 ipse

225 748 269 782 ad
296 760 352 782 me
378 747 577 782 transmitti
603 758 673 780 non
699 745 824 790 potuit.
864 744 933 779 Sed
958 745 1069 779 missa
1094 744 1327 779 nihilominus
1353 744 1504 788 quedam
1530 747 1615 779 sunt
1641 772 1648 780 .
1675 756 1766 789 quae
1785 745 1827 780 D.
1851 747 1997 780 vestrae

224 801 328 835 mitto
356 828 363 835 .
391 803 499 844 atque
535 802 575 834 ut
611 799 777 834 ostendat
810 798 1044 833 Serenissimo
1080 798 1156 842 regi
1190 797 1451 842 [Maximiliano
1477 796 1536 841 11.]
1571 801 1664 843 peto.
1715 797 1814 839 Quod
1848 799 1879 833 si
1913 799 1996 833 libri

224 854 341 900 ipsius
367 856 530 899 potestas
565 852 652 887 mihi
689 852 882 896 aliquando
908 851 1006 886 facta
1031 851 1140 885 fuerit
1168 878 1175 885 .
1203 851 1345 885 dabitur
1371 863 1390 885 a
1416 863 1473 885 me
1499 863 1605 896 opera
1638 854 1679 886 ut
1705 863 1785 886 eum
1813 851 1997 886 Celsitudo

224 919 290 942 sua
316 907 417 951 regia
443 907 556 952 primo
576 918 716 950 quoque
742 908 902 951 tempore
929 905 1079 939 11311031*ι
1112 904 1172 948 (ex
1199 904 1310 938 totius
1337 904 1512 949 epistulae
1539 905 1803 939 commentario.
1847 905 1930 940 Cod.
1951 906 1996 940 63

225 961 463 996 bibliothecae
505 959 756 994 universitatis
794 958 1035 993 cracoviensis
1077 970 1110 992 n.
1140 957 1212 1001 73).
1264 956 1363 999 Quod
1406 960 1525 992 autem
1565 958 1730 993 Canisius
1771 958 1914 1000 scribit,
1956 970 1997 993 se

229 1014 414 1059 „Vergerij
434 1013 653 1058 Epistolam“
676 1013 777 1047 modo
797 1012 940 1057 quidem
965 1011 1108 1045 mittere
1134 1023 1204 1045 non
1231 1022 1343 1056 posse.
1373 1011 1558 1054 Tubingae
1576 1014 1697 1046 tamen
1726 1011 1800 1055 (ubi
1820 1011 1997 1056 Georgius

225 1068 373 1109 Willer,
400 1066 592 1112 bibliopola
618 1068 843 1110 augustanus
868 1066 970 1109 isque
997 1064 1214 1105 catholicus,
1241 1064 1413 1099 librorum
1439 1066 1576 1110 copiam
1603 1065 1814 1100 collocatam
1840 1065 1998 1099 habebat

231 1121 457 1166 Allgemeine
495 1119 677 1154 Deutsche
714 1120 931 1163 Bioyraphi'e
956 1118 1090 1160 XLIII,
1128 1117 1227 1162 269])
1264 1118 1505 1163 quaerendam
1542 1130 1685 1160 curare,
1720 1119 1839 1153 nescio
1874 1121 1995 1153 utrum

224 1175 366 1209 litteras
393 1174 437 1208 ad
464 1173 680 1219 Delphinum
707 1185 752 1207 an
778 1172 970 1218 epistulam
998 1172 1042 1206 ad
1069 1171 1286 1206 cardinalem
1313 1171 1568 1213 Mantuanum,
1605 1183 1695 1216 quas
1721 1183 1830 1217 supra
1865 1184 1898 1217 p.
1926 1171 1997 1207 240

225 1229 318 1270 dixi,
358 1240 400 1262 an
438 1227 536 1261 illam
573 1225 688 1268 dicat,
727 1238 832 1271 quam
860 1225 1057 1268 Yergerius
1084 1225 1248 1269 'subiuga
1287 1226 1315 1259 1.
1342 1225 1556 1259 Novembris
1585 1226 1672 1260 1561
1714 1225 1777 1267 „Ai
1813 1225 1996 1269 magnifici

225 1281 367 1326 Signori
394 1281 486 1315 delle
511 1283 567 1314 tre
593 1280 717 1324 leghe“
749 1280 869 1314 datam
897 1279 1154 1322 evulgaverat;
1183 1278 1224 1312 de
1243 1290 1314 1322 qua
1333 1278 1414 1312 vide
1440 1278 1544 1319 infra,
1571 1290 1724 1313 monum.
1743 1278 1823 1313 412.
1860 1278 1996 1322 Vulga-

224 1337 329 1369 verat
355 1335 464 1369 etiam
478 1334 675 1378 Vergerius
701 1333 808 1378 paulo
835 1335 919 1367 ante
951 1331 1221 1377 „Comparation
1248 1331 1319 1366 tral
1347 1331 1503 1366 Concilio
1529 1331 1730 1366 Basiliense
1755 1344 1774 1366 e
1800 1331 1825 1366 il
1850 1331 1996 1366 Triden-

224 1389 318 1430 tino,
356 1387 597 1422 Cresceranno
633 1387 666 1420 in
700 1386 865 1430 maggior
899 1386 1066 1431 impieta,
1103 1385 1123 1418 2
1150 1385 1194 1419 ad
1220 1385 1340 1419 Timo:
1379 1396 1456 1430 cap.
1484 1385 1516 1419 2.
1566 1384 1721 1419 L'Anno
1746 1384 1910 1420 MDLXI.
1937 1385 1996 1420 nel

225 1453 323 1476 mese
349 1441 380 1475 d⁷
396 1441 554 1476 ottob1·e“
581 1441 720 1483 (Weller
744 1440 767 1474 1.
795 1452 824 1474 c.
852 1451 884 1484 p.
909 1440 964 1473 92.
1002 1440 1138 1473 Hubert
1164 1438 1185 1472 l.
1206 1450 1234 1472 0.
1260 1450 1292 1483 p.
1312 1438 1395 1480 315)
1425 1440 1461 1472 et
1486 1438 1641 1472 fortasse
1668 1438 1776 1472 etiam
1801 1439 1995 1473 secundam

226 1495 417 1530 editionem
452 1494 585 1535 libelli,
625 1494 726 1528 cuius
761 1505 854 1527 1111110
890 1492 997 1526 tertia
1023 1494 1163 1526 tantum
1200 1491 1308 1525 editio
1344 1503 1457 1536 eaque
1492 1503 1523 1525 a.
1555 1492 1644 1526 1562
1683 1503 1816 1526 excusa
1850 1495 1996 1527 exstare

225 1549 387 1583 videtur:
429 1547 549 1590 „Della
577 1547 811 1588 declination,
849 1546 913 1580 che
938 1546 985 1579 ha
1011 1545 1102 1580 fatto
1137 1545 1162 1579 il
1191 1545 1327 1590 Papato
1354 1545 1552 1579 solamente
1579 1545 1623 1579 da
1648 1544 1710 1579 XI.
1737 1544 1820 1579 anni
1849 1545 1885 1579 [n
1913 1556 1996 1590 qua.

225 1602 271 1636 Ai
306 1602 440 1636 fratelli
468 1601 638 1635 d'Italia“
672 1600 825 1644 (Hubert
860 1600 882 1634 l.
911 1611 940 1634 0.
968 1611 1000 1644 p.
1029 1599 1126 1641 316).
1178 1598 1271 1632 Num
1308 1600 1426 1632 autem
1455 1598 1620 1632 Canisius
1646 1597 1811 1642 Vergerii
1836 1597 1998 1632 libellum

225 1656 405 1690 invenerit
441 1657 477 1689 et
503 1666 584 1689 cum
611 1654 762 1696 libellis,
799 1664 888 1697 quos
923 1664 962 1687 se
989 1652 1060 1687 iam
1086 1652 1297 1686 Tridentum
1324 1651 1467 1686 mittere
1503 1651 1559 1686 29.
1585 1651 1742 1686 Ianuarii
1770 1651 1860 1686 1562
1887 1651 1999 1686 Hosio

226 1709 371 1750 scribit,
408 1709 529 1743 eodem
566 1707 723 1748 miserit,
759 1719 829 1741 non
864 1708 1016 1741 constat.
1071 1705 1350 1747 „Ferrariensis“
1381 1708 1501 1739 tamen
1533 1704 1729 1748 „theologi“
1759 1705 1890 1739 librum
1917 1716 1998 1739 eum

229 1765 377 1797 nactum
404 1774 483 1796 esse
510 1773 552 1796 ex
581 1761 694 1806 ipsius
720 1760 875 1806 epistula
903 1760 957 1794 29.
985 1759 1193 1793 Decembris
1225 1759 1269 1792 ad
1296 1758 1446 1792 Hosium
1473 1758 1557 1792 data
1589 1757 1758 1802 colligere
1784 1758 1879 1792 licet.
1930 1756 1998 1799 Qui

225 1815 346 1850 nescio
382 1826 427 1849 an
461 1814 555 1849 idem
591 1814 637 1849 sit
674 1825 714 1848 ac
746 1814 834 1856 „Pro
860 1812 921 1847 SS.
950 1813 1109 1846 Romano
1145 1815 1179 1846 01
1208 1811 1413 1846 Catholicae
1439 1811 1624 1846 Ecclesiae
1651 1811 1845 1856 Episcopo.
1897 1811 1998 1846 Sacri

226 1868 394 1903 veritatis
419 1870 533 1902 testes
561 1895 595 1901 ..
623 1868 798 1902 adversus
824 1866 975 1907 vitiosa,
1012 1870 1047 1900 et
1079 1868 1264 1910 corrupta,
1302 1867 1364 1899 aut
1398 1865 1489 1899 falso
1523 1865 1760 1910 interpretata
1796 1876 1817 1899 a
1842 1864 2000 1898 Matthia

226 1922 354 1956 Flacco
372 1921 518 1967 Illyrico
548 1950 552 1954 .
575 1949 581 1955 .
602 1949 608 1955 .
637 1921 891 1955 Testimoniaffi
929 1919 1041 1961 Quem
1068 1919 1198 1953 librum
1218 1920 1268 1953 Io.
1293 1919 1354 1952 Th.
1381 1920 1423 1952 de
1440 1919 1646 1952 Roccaberti
1663 1918 1702 1953 Ο.
1723 1918 1781 1952 Pr.
1808 1929 1830 1952 a
1848 1917 1999 1952 Camillo

229 1975 422 2020 Campegio
441 1975 481 2009 O.
502 1975 559 2009 Pr.
579 1975 820 2019 conscriptum
847 1985 926 2008 esse
945 1972 1059 2007 videri
1086 1973 1228 2017 iamque
1255 1984 1300 2006 ex
1326 1972 1446 2006 codice
1472 1983 1580 2006 manu
1605 1971 1739 2017 scripto
1761 1971 2000 2006 bibliothecae

227 2029 428 2069 vaticanae,
455 2029 515 2072 qui
534 2030 640 2062 antea
659 2027 892 2072 [Christinae]
912 2026 1060 2061 Sueciae
1087 2026 1233 2070 reginae
1251 2025 1371 2066 fuerit,
1398 2037 1418 2059 a
1444 2037 1482 2059 50
1509 2025 1544 2059 10
1562 2025 1678 2060 11100111
1698 2025 1814 2060 emitti
1840 2024 1999 2059 affirmat

231 2082 469 2126 (Bibliotheca
495 2081 655 2116 Maxima
682 2081 870 2115 Pontificia
893 2080 961 2114 VII
989 2079 1137 2124 [Romae
1167 2078 1282 2123 1698]‚
1312 2078 1525 2122 133—264).
1578 2078 1794 2124 Campegius
1820 2089 1906 2112 sane
1932 2078 2000 2112 sub

226 2135 262 2169 id
288 2138 431 2180 tempus
457 2137 493 2169 et
518 2146 647 2169 munus
674 2134 853 2179 generalis
880 2133 1101 2178 inquisitoris
1128 2132 1355 2167 ferrariensis
1380 2132 1540 2166 tenuisse
1567 2134 1602 2166 et
1624 2131 1784 2166 Tridenti
1809 2131 2001 2174 theologus

228 2189 368 2223 concilii
400 2189 513 2223 fuisse
539 2189 682 2222 videtur
711 2188 756 2230 (I.
786 2188 909 2230 Qudtif
931 2193 967 2221 et
993 2188 1021 2221 I.
1048 2188 1211 2231 Echard,
1239 2186 1280 2221 O.
1307 2185 1387 2226 Pr.‚
1415 2184 1616 2230 Scriptores
1642 2184 1786 2220 Ordinis
1812 2184 1999 2219 Praedica-

227 2244 345 2276 torum
364 2242 396 2276 II
417 2241 596 2286 [Lutetiae
617 2241 837 2276 Parisiorum
859 2240 974 2285 1721],
993 2239 1210 2283 201—202).
1250 2238 1383 2280 Quodsi
1403 2241 1494 2282 Auy.
1514 2240 1555 2272 de
1572 2238 1781 2282 Roskovciny
1801 2238 2001 2282 (Romanus

228 2295 398 2330 Pontifex
426 2296 458 2329 II
485 2295 636 2340 [Nitriae
662 2296 698 2329 et
724 2294 926 2329 Comaronii
955 2293 1069 2338 1367J,
1097 2293 1180 2336 368)
1208 2292 1303 2327 hunc
1331 2291 1516 2337 Campegii
1541 2291 1671 2326 librum
1697 2292 1768 2326 iam
1794 2303 1825 2326 3.
1847 2292 1937 2326 1555
1962 2291 1999 2325 10

228 2349 346 2384 lucem
372 2349 534 2394 prodisse
560 2348 708 2389 asserit,
745 2348 779 2381 id
805 2347 901 2381 haud
927 2349 1024 2381 recte
1051 2346 1164 2381 asseri
1191 2358 1236 2380 ex
1262 2345 1328 2379 hoc
1355 2345 1432 2390 ipso
1458 2346 1577 2390 patet,
1613 2345 1705 2389 quod
1732 2344 1845 2379 Flacii
1876 2343 1999 2387 „Cata-

228 2402 333 2446 logus
367 2402 515 2436 testium
551 2401 751 2443 veritatis‘,
791 2412 896 2445 quem
923 2400 1140 2446 Campegius
1178 2399 1233 2443 (ut
1266 2399 1344 2444 ipse
1379 2398 1414 2431 in
1449 2398 1530 2432 libri
1565 2397 1787 2443 praefatione
1822 2397 1998 2441 affirmat)

229 2456 388 2490 refutare
414 2455 577 2496 volebat,
613 2454 768 2500 primum
795 2454 989 2498 evulgatus
1015 2456 1070 2488 est
1095 2465 1187 2488 anno
1217 2453 1306 2487 1556
1337 2452 1454 2495 (Wilh.
1482 2453 1623 2496 Preyer,
1654 2450 1831 2486 Matthias
1856 2450 2001 2486 Flacius

230 2509 397 2554 Illyricus
424 2509 457 2542 11
484 2508 681 2552 [Erlangen
709 2507 826 2552 1861],
851 2508 950 2551 463).

350 2561 450 2604 Quod
468 2564 589 2595 autem
605 2561 771 2595 Canisius
789 2561 845 2595 his
863 2560 1005 2602 litteris,
1024 2563 1064 2594 ut
1081 2560 1260 2594 orationes
1275 2558 1412 2602 aliquot
1426 2558 1588 2592 Tridenti
1600 2557 1775 2592 recitatae
1787 2557 1886 2602 typis
1901 2556 1998 2591 evul-

230 2618 413 2660 garentur,
432 2614 707 2655 commendavit,
726 2614 793 2648 hoc
811 2626 898 2648 sane
917 2616 1078 2648 constat:
1106 2613 1207 2648 Sicut
1225 2623 1256 2646 a.
1278 2612 1366 2646 1547
1387 2613 1423 2646 et
1440 2612 1574 2646 Romae
1593 2614 1629 2645 et
1646 2610 1796 2645 Parisiis
1814 2609 2002 2655 praeclara

231 2669 292 2704 illa
311 2668 527 2704 Salmeronis
554 2668 667 2702 oratio
693 2668 888 2702 tridentina
915 2666 1086 2710 evulgata
1112 2670 1169 2700 est
1189 2665 1470 2710 (Sommemroyel,
1496 2664 1587 2699 Bibl.
1607 2664 1685 2706 VII,
1703 2663 1922 2706 478—479),
1947 2663 2002 2697 ita

231 2723 334 2757 annis
354 2722 444 2756 1562
471 2724 507 2755 et
527 2721 616 2755 1563
637 2720 789 2761 Patavii,
816 2721 970 2762 Brixiae,
997 2720 1109 2765 Ripae
1133 2722 1200 2754 010.
1218 2719 1315 2753 haud
1340 2729 1474 2763 paucas
1493 2717 1672 2752 orationes
1690 2717 1945 2760 contionesque
1963 2716 1999 2749 in

232 2775 381 2811 concilio
406 2774 569 2816 habitas,
604 2785 777 2819 responsa
802 2776 945 2819 patrum
972 2773 1132 2815 concilii,
1166 2774 1397 2807 monumenta
1422 2770 1555 2805 similia
1581 2770 1776 2816 separatim
1812 2769 1847 2803 in
1871 2770 1921 2810 40,
1959 2771 2001 2803 ut

232 2829 393 2869 dicimus,
421 2839 555 2862 excusa
581 2838 671 2868 esse,
698 2829 738 2861 ut
763 2838 947 2862 sermones
973 2838 1095 2861 sacros
1121 2838 1142 2861 a
1167 2826 1214 2860 Io.
1234 2825 1359 2859 Franc.
1378 2824 1577 2858 Lombardo
1595 2824 1650 2858 26.
1670 2822 1877 2857 Decembris
1897 2822 2000 2863 1561,

231 2883 358 2917 Franc.
385 2893 406 2916 3
424 2882 591 2915 Zamorra
609 2880 650 2915 Ο.
669 2880 756 2914 Min.
776 2880 831 2914 22.
851 2880 1035 2914 Februarii
1056 2880 1156 2921 1562,
1184 2880 1274 2922 Aug.
1294 2878 1426 2912 Loscos
1447 2876 1606 2921 (Loschi)
1629 2876 1670 2911 Ο.
1690 2876 1724 2911 S.
1743 2876 1783 2910 Β.
1804 2875 1857 2909 12.
1876 2874 2000 2908 Martii

235 2936 325 2970 1562
351 2935 504 2975 habitos,
532 2933 710 2968 orationes
736 2934 877 2968 nomine
904 2932 1106 2968 Sebastiam
1132 2931 1341 2967 Lusitaniae
1367 2931 1474 2974 regis,
1502 2930 1634 2965 Cosimi
1658 2928 1860 2964 Florentiae
1887 2927 2000 2969 ducis,

232 2991 372 3034 septem
397 2989 589 3022 cantorium
608 2986 797 3021 Helvetiae
825 2986 1082 3021 catholicorum
1104 2986 1286 3027 recitatas,
1313 2996 1392 3019 cum
1411 2982 1703 3028 responsionibus
1720 2981 1849 3027 synodi
1869 2981 1917 3024 (9.
1935 2980 1962 3014 F
1965 2991 1999 3014 e-

232 3041 377 3083 bruarii,
406 3041 460 3075 18.
487 3042 524 3074 01
548 3041 605 3075 20.
632 3040 755 3074 Martii
784 3039 910 3082 1562),
940 3040 1085 3074 nomina
1111 3041 1254 3084 patrum
1281 3037 1422 3072 concilii
1448 3040 1515 3071 etc.
1545 3036 1603 3080 (L.
1630 3035 1841 3078 Rosenthal,
1868 3032 1999 3067 Biblio-

232 3094 337 3129 theca
366 3093 784 3136 Catholico-Theologica
809 3093 911 3127 Nona
937 3092 1029 3137 [Cat.
1056 3092 1189 3132 XLIX,
1225 3091 1260 3135 2]
1288 3103 1320 3136 p.
1351 3089 1564 3133 104—105).
1615 3087 1772 3130 Quorum
1796 3086 1999 3121 libellorum

235 3147 399 3192 exempla
426 3146 608 3191 complura
635 3148 782 3181 exstant
802 3145 1002 3191 Oeniponte
1028 3146 1064 3180 in
1082 3146 1208 3180 Museo
1225 3143 1480 3184 Ferdinandeo,
1507 3142 1599 3176 Bibl.
1618 3141 1663 3175 33
1680 3140 1715 3175 11.
1734 3140 1775 3174 31
1791 3153 1798 3182 ;
1817 3140 1861 3175 33
1879 3139 1914 3174 11.
1941 3138 1999 3174 39.
