2093 3444
305 184 461 218 Monuni.
492 184 724 228 (augustana)
755 185 834 220 241.
865 186 911 228 (A
939 198 983 219 111.
1012 186 1175 220 Ianuario
1203 187 1247 220 ad
1273 187 1435 231 Aprilem
1464 187 1582 231 1562.)
1747 190 1828 231 607

67 299 166 342 Νο11
198 304 395 355 repetam
436 301 521 342 iam
555 316 685 355 saepe
726 302 938 344 indicatos
971 317 1208 357 pergraues
1250 308 1293 347 et
1327 306 1553 348 continuos
1593 306 1707 348 illius
1740 306 1831 348 fere

66 365 256 416 labores,
291 380 397 419 quos
429 366 510 407 hoc
542 381 697 408 munus
731 368 1011 409 concionandi
1044 370 1157 423 apud
1190 371 1398 412 sectarios
1431 372 1633 424 praebet,
1673 372 1831 414 multo-

67 444 148 483 que
193 431 333 484 magis
377 433 510 484 auget
555 446 658 473 cura
704 432 984 475 Germanicae
1028 435 1276 488 prouinciae
1321 436 1740 482 administrandael.
1788 440 1831 479 et

67 495 235 537 illorum
268 496 562 550 interpellatio
590 497 807 549 frequens,
843 498 913 550 qui
947 499 1325 553 occupatissimum
1360 501 1539 542 subinde
1572 502 1745 553 adeunt,
1781 516 1831 544 ac

65 561 271 613 grauibus
306 561 356 603 de
388 561 517 603 rebus
557 575 702 603 coram
745 565 789 604 et
821 576 898 616 per
929 563 1100 605 litteras
1133 566 1362 608 consulunt
1368 601 1511 609 .....
1549 567 1607 609 Vt
1640 567 1832 609 breuiter

67 625 118 667 de
150 625 420 680 Augustanis
459 626 618 675 dicam,
664 626 804 679 magis
846 641 896 669 ac
935 629 1075 681 magis
1117 631 1229 684 apud
1262 631 1340 672 hos
1382 631 1553 673 elucent
1584 632 1831 674 Catholicae

66 690 243 744 pietatis
276 694 548 744 argumenta,
583 692 820 745 eademque
851 707 936 733 non
969 707 994 734 a
1028 694 1178 736 uicinis
1210 696 1350 746 modo,
1385 696 1595 739 sedetiam
1622 711 1646 738 a
1670 697 1830 750 Belgis,

68 755 272 810 Hispanis
306 760 349 799 et
383 756 545 799 exteris
579 756 676 811 alijs
689 758 718 807 2,
763 759 812 799 ut
844 757 1107 808 audiuimus,
1151 759 1327 802 mirifice
1359 761 1687 814 praedicantur,
1731 776 1831 804 con-

66 820 352 864 sentientibus
394 821 438 863 in
471 835 520 863 eo
554 821 789 872 Vniuersis,
832 836 910 876 per
951 824 1177 866 conciones
1216 839 1266 867 ac
1304 826 1474 868 labores
1507 827 1556 869 R.
1591 827 1659 870 Ρ.3
1692 828 1830 868 Ι)011111

66 885 258 937 efficere,
293 887 407 940 quod
439 886 513 928 vix
546 901 728 940 usquam
760 888 803 928 in
838 888 1069 930 Germania
1101 890 1249 932 uideas
1281 891 1547 944 praeclarius
1580 896 1624 935 et
1657 892 1829 942 certius,

65 951 266 994 nimirum
299 955 347 994 ut
369 953 613 1006 complures
646 953 700 994 ab
723 952 955 995 haereticis
978 954 1219 1008 deprauati,
1254 970 1404 998 sanam
1429 957 1649 999 Ecclesiae
1673 958 1831 1000 Catho-

65 1016 173 1059 licae
218 1017 460 1060 doctrinam
507 1017 707 1068 audiant,
758 1018 1015 1069 admittant,
1064 1021 1270 1073 probent,
1319 1024 1466 1064 ament
1512 1022 1828 1076 retineantque.

66 1081 255 1124 Habitae
288 1085 390 1125 sunt
423 1083 650 1124 conciones
683 1096 760 1136 per
793 1083 1176 1137 Quadragesimam
1212 1086 1263 1127 de
1295 1086 1445 1129 iuditio
1479 1090 1697 1137 extremo,
1731 1090 1831 1142 post

64 1148 290 1201 prandium
326 1150 470 1190 autem
504 1148 556 1190 de
586 1148 870 1199 CatechismO,
904 1153 1081 1203 praeter
1113 1150 1221 1192 alias
1254 1151 1305 1193 de
1339 1152 1626 1195 Sacrosancta
1659 1153 1830 1195 Eucha-

64 1212 210 1263 ristia,
254 1227 304 1255 ac
346 1213 437 1255 01115
470 1213 616 1255 debita
656 1213 900 1267 sumptione
914 1215 941 1257 4.
1006 1215 1091 1256 Vbi
1127 1230 1197 1258 res
1229 1216 1323 1270 ipsa
1357 1217 1522 1268 docuit,
1565 1218 1828 1271 singularem

65 1278 132 1320 dei
177 1279 384 1321 virtutem
428 1293 513 1320 non
554 1278 743 1320 defuisse
787 1282 879 1321 tum
922 1280 1240 1334 euangelizanti
1284 1284 1375 1324 tum
1422 1283 1711 1333 auditoribus,
1758 1285 1829 1337 qui

64 1343 281 1396 frequenti
323 1358 556 1394 concursu,
600 1347 644 1386 et
676 1344 811 1398 varijs
851 1345 1113 1400 testimonijs
1145 1347 1407 1400 probarunt,
1450 1361 1496 1389 se
1537 1348 1615 1390 tali
1650 1348 1829 1390 docendi

64 1409 233 1451 ratione
267 1412 310 1452 et
342 1409 531 1452 recreari
564 1412 608 1452 et
634 1409 831 1451 adiuuari
852 1410 1096 1464 plurimum.
1123 1447 1130 1454 .
1158 1447 1165 1454 .
1192 1447 1199 1454 .
1243 1412 1326 1453 Per
1358 1427 1436 1454 nos
1468 1413 1599 1455 etiam
1622 1413 1829 1455 Dominus

65 1474 259 1517 seruauit
292 1475 505 1529 uirginem
538 1489 674 1517 annos
706 1477 855 1517 natam
892 1478 945 1517 26
980 1479 1024 1518 et
1054 1477 1168 1518 male
1202 1477 1481 1528 catholicam,
1526 1478 1644 1528 Quae
1676 1493 1829 1532 pecca-

63 1542 205 1581 torum
238 1540 359 1583 facta
390 1540 513 1583 nobis
546 1540 891 1593 exomologesi5,
936 1544 980 1584 et
1011 1556 1169 1595 magno
1203 1543 1373 1595 quidem
1413 1558 1507 1585 cum
1547 1543 1710 1586 eiulatu
1742 1544 1827 1586 uim

65 1607 109 1647 et-
149 1605 310 1647 rabiem
346 1605 568 1648 daemonis
600 1606 893 1649 truculentam
936 1606 1097 1657 euasit,
1140 1607 1207 1649 Ab
1239 1607 1319 1649 hoc
1361 1608 1473 1650 enim
1510 1612 1637 1651 nocte
1679 1623 1730 1651 ac
1763 1609 1830 1651 die

64 1670 221 1713 misere
254 1671 616 1722 discruciabatur,
659 1674 872 1725 nocteque
904 1686 1087 1725 surgens
1119 1687 1424 1726 nonnunquam
1456 1673 1500 1715 in
1533 1674 1711 1716 aedibus
1743 1674 1830 1716 dis-

65 1737 287 1787 currebat,
333 1751 383 1779 ac
415 1739 599 1780 mortem
639 1737 720 1778 sibi
752 1738 928 1780 uolebat
967 1738 1254 1789 consciscere,
1298 1739 1627 1793 desperabunda
1660 1774 1668 1782 .
1703 1739 1830 1781 Jnter

65 1801 173 1843 alios
196 1802 269 1855 qui
299 1816 451 1845 recens
474 1802 581 1844 facti
614 1805 716 1845 sunt
738 1803 960 1856 Catholicj,
994 1803 1078 1846 fuit
1103 1818 1212 1845 unus
1245 1818 1301 1845 ex
1323 1804 1523 1859 Patricijs
1546 1804 1827 1858 Augustanis,

65 1866 132 1908 uir
163 1867 340 1919 nobilis,
385 1882 436 1910 ac
466 1870 563 1910 tota
595 1867 688 1910 uita
719 1882 890 1922 semper
923 1883 949 1910 a
981 1869 1212 1911 Catholicis
1244 1869 1431 1920 alienus,
1476 1869 1595 1911 cuius
1628 1872 1672 1912 et
1703 1872 1830 1924 pater

64 1932 201 1974 ueluti
242 1935 373 1988 caput
415 1933 708 1976 Sectariorum
749 1933 944 1983 habitus,
991 1937 1131 1977 mater
1174 1948 1276 1976 uero
1322 1934 1556 1977 etiamnum
1601 1935 1829 1977 haeresum

65 1998 277 2040 Doctores
318 1999 388 2041 uel
428 1999 617 2041 maxime
659 1999 961 2053 complectitur
974 2000 1004 2042 ⁴3.
1066 1999 1252 2041 Difficile
1285 1999 1422 2050 dictu,
1466 2014 1595 2053 quam
1634 2000 1830 2054 grauiter

64 2063 333 2117 molesteque
374 2065 520 2106 ferant
560 2063 708 2115 amici,
755 2064 869 2117 quod
910 2064 982 2106 ille
1014 2079 1040 2107 a
1072 2079 1185 2106 noua
1216 2064 1407 2119 ipsorum
1439 2065 1522 2107 fide
1555 2065 1785 2107 desciuerit
1819 2081 1828 2107 z

64 2127 156 2170 Nec
198 2132 404 2172 uerentur
435 2130 547 2172 hanc
581 2129 870 2172 defectionem
911 2130 1021 2172 bono
1060 2130 1152 2171 uiro
1191 2130 1303 2171 clam
1334 2130 1478 2184 palam
1518 2131 1828 2185 improperare,

64 2193 298 2247 multisque
329 2195 467 2237 modis
499 2194 688 2248 indignis
712 2194 965 2248 calumniarj
1001 2230 1009 2238 .
1043 2195 1150 2236 adeo
1183 2194 1258 2237 uix
1280 2198 1513 2250 conspectu
1547 2198 1591 2238 et
1617 2195 1828 2249 colloquio

65 2259 301 2312 dignantur
333 2260 534 2313 aliquem,
569 2260 605 2302 si
637 2274 661 2302 e
692 2260 911 2302 Luterano
945 2260 1191 2302 Catholicus
1222 2261 1300 2303 fiat
1334 2295 1342 2303 .

186 2423 195 2443 ¹
223 2422 247 2456 1.
276 2434 305 2456 0.
332 2422 442 2456 officii
466 2421 663 2467 praepositi
689 2420 921 2466 provincialis
947 2419 1137 2454 Societatis
1163 2432 1225 2465 per
1251 2420 1479 2454 Germaniam
1514 2420 1732 2465 superiorem
1771 2421 1828 2455 ad-

63 2475 310 2517 ministrandi3
337 2476 420 2510 vide
450 2476 538 2510 Can.
565 2475 653 2520 Epp.
680 2474 706 2516 I,
733 2474 931 2508 622—623.

183 2529 197 2550 ²
221 2530 390 2573 Augusta
417 2540 435 2563 e
460 2528 586 2573 primis
611 2530 698 2562 tunc
725 2529 802 2561 erat
828 2527 991 2572 Europae
1017 2526 1196 2571 emporiis.

184 2583 197 2602 ³
224 2582 368 2616 Canisii.

184 2637 196 2655 4
222 2635 275 2669 De
301 2635 358 2669 his
385 2635 519 2669 Canisii
546 2634 770 2669 contionibus
796 2633 878 2667 vide
903 2633 1008 2674 infra,
1033 2645 1188 2667 monum.
1215 2634 1295 2667 ⁶248.
1323 2634 1402 2667 249.

185 2690 198 2707 5
224 2689 249 2722 I.
277 2701 307 2722 e.
334 2688 568 2729 confessione,
595 2688 632 2721 in
657 2687 899 2732 paenitentiae
925 2689 1161 2721 sacramento.

184 2743 197 2761 ⁶
223 2742 258 2775 Is
284 2742 438 2776 fortasse
464 2741 561 2775 filius
588 2743 665 2775 erat
691 2740 850 2774 Udalrici
877 2751 897 2774 a
923 2739 1123 2783 Rehlingen
1152 2739 1394 2784 (Rechlinger,
1421 2739 1645 2784 Rehlinger),
1672 2740 1732 2784 qui
1758 2739 1828 2774 Au-

66 2796 194 2838 gustae
238 2795 332 2828 inter
376 2806 407 2829 a.
445 2795 533 2829 1521
571 2796 607 2828 et
643 2794 733 2828 1555
781 2793 925 2838 saepius
967 2793 1143 2836 magister
1185 2793 1318 2827 civium
1356 2792 1673 2837 (Burgermeister)
1711 2793 1830 2827 fuerat

63 2847 266 2891 ibidemque
293 2847 625 2892 protestantismum
652 2858 722 2881 non
756 2846 872 2880 solum
906 2846 1092 2890 professus
1127 2849 1224 2890 erat,
1262 2847 1325 2880 sed
1359 2846 1467 2880 etiam
1501 2845 1607 2880 valde
1642 2846 1829 2880 studuerat

65 2900 296 2946 amplificare.
347 2900 525 2935 Henricus
551 2899 747 2944 Rehlinger
772 2899 816 2934 ab
843 2911 874 2933 a.
904 2900 993 2934 1556
1020 2899 1064 2933 ad
1092 2899 1202 2939 1575,
1228 2899 1405 2933 Antonius
1433 2899 1712 2944 Christophorus
1738 2899 1829 2933 Reh-

64 2954 183 2998 linger
208 2954 252 2988 ab
282 2955 371 2989 1575
398 2954 443 2988 3(1
470 2954 560 2988 1589
587 2955 774 2996 Augustae
800 2953 976 2998 praetoris
1005 2952 1277 2998 (Stadtpfleger)
1305 2964 1434 2986 munus
1459 2954 1663 2987 tenuerunt.
1709 2953 1829 2997 Atque

64 3007 159 3042 hunc
186 3007 308 3042 Socios
334 3019 550 3052 magnopere
576 3006 772 3041 reveritum
799 3017 878 3040 esse
904 3008 940 3040 et
966 3006 1009 3040 ad
1036 3005 1228 3048 collegium
1254 3007 1441 3049 Augustae
1466 3005 1511 3040 iis
1540 3006 1830 3040 constituendum

65 3060 217 3095 multum
243 3060 437 3095 contulisse
464 3063 685 3105 compertum
712 3062 768 3094 est
787 3060 895 3100 (Paul
916 3071 981 3093 ron
1001 3061 1128 3094 Stetten
1146 3059 1229 3101 iun.,
1255 3059 1426 3093 Adeliche
1445 3058 1703 3094 Geschlechter
1720 3071 1753 3104 p.
1773 3060 1829 3095 90.

65 3115 173 3158 Idem,
199 3113 647 3158 Lebensbeschreibungen
675 3125 737 3147 zur
762 3112 988 3157 Erweckung
1013 3113 1085 3146 und
1112 3112 1381 3156 Unterhaltung
1406 3112 1653 3156 burgerlicher
1679 3113 1829 3157 Tugend

66 3166 81 3199 1
109 3165 319 3210 [Augsburg
348 3166 463 3211 17781.
492 3167 569 3201 175.
599 3166 694 3210 188).
