<?xml version="1.0" encoding="UTF-8"?>
<!DOCTYPE html PUBLIC "-//W3C//DTD XHTML 1.0 Transitional//EN"
    "http://www.w3.org/TR/xhtml1/DTD/xhtml1-transitional.dtd">
<html xmlns="http://www.w3.org/1999/xhtml" xml:lang="en" lang="en">
 <head>
  <title>
</title>
<meta http-equiv="Content-Type" content="text/html;charset=utf-8" />
  <meta name='ocr-system' content='tesseract 3.04.00' />
  <meta name='ocr-capabilities' content='ocr_page ocr_carea ocr_par ocr_line ocrx_word'/>
</head>
<body>
  <div class='ocr_page' id='page_1' title='image "beatipetricanisi03cani_0842.png"; bbox 0 0 2093 3444; ppageno 0'>
   <div class='ocr_carea' id='block_1_1' title="bbox 253 196 1700 243">
    <p class='ocr_par' dir='ltr' id='par_1_1' title="bbox 253 196 1700 243">
     <span class='ocr_line' id='line_1_1' title="bbox 253 196 1700 243; baseline 0.004 -15"><span class='ocrx_word' id='word_1_1' title='bbox 253 201 336 241; x_wconf 69' lang='grc'>766</span> <span class='ocrx_word' id='word_1_2' title='bbox 560 197 717 230; x_wconf 90' lang='lat' dir='ltr'>Monum.</span> <span class='ocrx_word' id='word_1_3' title='bbox 747 196 1057 240; x_wconf 74' lang='lat' dir='ltr'>(vindobonensia)</span> <span class='ocrx_word' id='word_1_4' title='bbox 1087 197 1165 231; x_wconf 77' lang='lat'>382.</span> <span class='ocrx_word' id='word_1_5' title='bbox 1195 198 1334 240; x_wconf 80' lang='lat' dir='ltr'>(Mense</span> <span class='ocrx_word' id='word_1_6' title='bbox 1360 197 1553 233; x_wconf 88' lang='lat' dir='ltr'>Novembri</span> <span class='ocrx_word' id='word_1_7' title='bbox 1583 199 1700 243; x_wconf 84' lang='lat'>1561.)</span> 
     </span>
    </p>
   </div>
   <div class='ocr_carea' id='block_1_2' title="bbox 247 313 2014 1083">
    <p class='ocr_par' dir='ltr' id='par_1_2' title="bbox 247 313 2014 1083">
     <span class='ocr_line' id='line_1_2' title="bbox 251 313 2014 370; baseline 0.003 -16"><span class='ocrx_word' id='word_1_8' title='bbox 251 317 378 366; x_wconf 85' lang='lat' dir='ltr'>grato</span> <span class='ocrx_word' id='word_1_9' title='bbox 420 314 461 354; x_wconf 89' lang='lat' dir='ltr'>al</span> <span class='ocrx_word' id='word_1_10' title='bbox 502 313 752 355; x_wconf 88' lang='lat' dir='ltr'>serenisimo</span> <span class='ocrx_word' id='word_1_11' title='bbox 785 313 901 367; x_wconf 89' lang='lat' dir='ltr'>Rey,</span> <span class='ocrx_word' id='word_1_12' title='bbox 944 329 970 367; x_wconf 89' lang='lat' dir='ltr'><strong>y</strong></span> <span class='ocrx_word' id='word_1_13' title='bbox 1004 314 1195 356; x_wconf 89' lang='lat' dir='ltr'>tuuiesse</span> <span class='ocrx_word' id='word_1_14' title='bbox 1235 316 1402 358; x_wconf 90' lang='lat' dir='ltr'>talento</span> <span class='ocrx_word' id='word_1_15' title='bbox 1445 316 1496 358; x_wconf 91' lang='lat' dir='ltr'>de</span> <span class='ocrx_word' id='word_1_16' title='bbox 1538 316 1755 366; x_wconf 87' lang='lat' dir='ltr'>doctrina,</span> <span class='ocrx_word' id='word_1_17' title='bbox 1799 331 1827 370; x_wconf 90' lang='lat' dir='ltr'><strong>y</strong></span> <span class='ocrx_word' id='word_1_18' title='bbox 1869 316 2014 359; x_wconf 83' lang='lat' dir='ltr'>virtud</span> 
     </span>
     <span class='ocr_line' id='line_1_3' title="bbox 252 379 2014 436; baseline 0.002 -16"><span class='ocrx_word' id='word_1_19' title='bbox 252 379 506 428; x_wconf 83' lang='lat' dir='ltr'>christiana,</span> <span class='ocrx_word' id='word_1_20' title='bbox 556 379 785 432; x_wconf 88' lang='lat' dir='ltr'>prudentia</span> <span class='ocrx_word' id='word_1_21' title='bbox 831 393 881 420; x_wconf 93' lang='lat' dir='ltr'>en</span> <span class='ocrx_word' id='word_1_22' title='bbox 928 382 1071 421; x_wconf 88' lang='lat' dir='ltr'>tratar</span> <span class='ocrx_word' id='word_1_23' title='bbox 1115 394 1138 421; x_wconf 92' lang='lat' dir='ltr'>O</span> <span class='ocrx_word' id='word_1_24' title='bbox 1183 394 1417 432; x_wconf 85' lang='lat' dir='ltr'>gouernar,</span> <span class='ocrx_word' id='word_1_25' title='bbox 1466 396 1495 435; x_wconf 90' lang='lat' dir='ltr'><strong>y</strong></span> <span class='ocrx_word' id='word_1_26' title='bbox 1538 383 1699 435; x_wconf 85' lang='lat' dir='ltr'>alguna</span> <span class='ocrx_word' id='word_1_27' title='bbox 1743 382 1941 423; x_wconf 83' lang='lat' dir='ltr'>destreza</span> <span class='ocrx_word' id='word_1_28' title='bbox 1984 396 2014 436; x_wconf 87' lang='lat' dir='ltr'><strong>y</strong></span> 
     </span>
     <span class='ocr_line' id='line_1_4' title="bbox 252 443 2011 500; baseline 0.002 -16"><span class='ocrx_word' id='word_1_29' title='bbox 252 443 491 485; x_wconf 86' lang='lat' dir='ltr'>vrbanidad</span> <span class='ocrx_word' id='word_1_30' title='bbox 524 443 806 485; x_wconf 90' lang='lat' dir='ltr'>conueniente</span> <span class='ocrx_word' id='word_1_31' title='bbox 839 458 919 485; x_wconf 91' lang='lat' dir='ltr'>con</span> <span class='ocrx_word' id='word_1_32' title='bbox 950 445 1171 498; x_wconf 71' lang='lat' dir='ltr'>presentia</span> <span class='ocrx_word' id='word_1_33' title='bbox 1203 459 1310 499; x_wconf 89' lang='lat' dir='ltr'>para</span> <span class='ocrx_word' id='word_1_34' title='bbox 1341 449 1485 488; x_wconf 88' lang='lat' dir='ltr'>tratar</span> <span class='ocrx_word' id='word_1_35' title='bbox 1517 461 1596 488; x_wconf 89' lang='lat' dir='ltr'>con</span> <span class='ocrx_word' id='word_1_36' title='bbox 1636 450 1751 489; x_wconf 90' lang='lat' dir='ltr'>estos</span> <span class='ocrx_word' id='word_1_37' title='bbox 1784 446 2011 500; x_wconf 77' lang='lat' dir='ltr'>principes,</span> 
     </span>
     <span class='ocr_line' id='line_1_5' title="bbox 250 509 2014 566; baseline 0.002 -17"><span class='ocrx_word' id='word_1_38' title='bbox 250 523 278 561; x_wconf 92' lang='lat' dir='ltr'>y</span> <span class='ocrx_word' id='word_1_39' title='bbox 320 522 398 549; x_wconf 91' lang='lat' dir='ltr'>con</span> <span class='ocrx_word' id='word_1_40' title='bbox 440 509 634 561; x_wconf 87' lang='lat' dir='ltr'>aquellos</span> <span class='ocrx_word' id='word_1_41' title='bbox 676 523 758 561; x_wconf 91' lang='lat' dir='ltr'>que</span> <span class='ocrx_word' id='word_1_42' title='bbox 803 513 1103 552; x_wconf 88' lang='lat' dir='ltr'>comunmente</span> <span class='ocrx_word' id='word_1_43' title='bbox 1147 524 1225 551; x_wconf 90' lang='lat' dir='ltr'>son</span> <span class='ocrx_word' id='word_1_44' title='bbox 1269 524 1479 564; x_wconf 74' lang='lat' dir='ltr'>personas</span> <span class='ocrx_word' id='word_1_45' title='bbox 1520 525 1602 564; x_wconf 88' lang='lat' dir='ltr'>que</span> <span class='ocrx_word' id='word_1_46' title='bbox 1643 512 1812 566; x_wconf 88' lang='lat' dir='ltr'>puedan</span> <span class='ocrx_word' id='word_1_47' title='bbox 1856 511 2014 553; x_wconf 84' lang='lat' dir='ltr'>fundar</span> 
     </span>
     <span class='ocr_line' id='line_1_6' title="bbox 250 572 2013 630; baseline 0.003 -17"><span class='ocrx_word' id='word_1_48' title='bbox 250 572 482 626; x_wconf 82' lang='lat' dir='ltr'>Collegios,</span> <span class='ocrx_word' id='word_1_49' title='bbox 526 588 555 627; x_wconf 89' lang='lat' dir='ltr'><strong>y</strong></span> <span class='ocrx_word' id='word_1_50' title='bbox 588 588 669 626; x_wconf 89' lang='lat' dir='ltr'>que</span> <span class='ocrx_word' id='word_1_51' title='bbox 700 577 834 627; x_wconf 88' lang='lat' dir='ltr'>tenga</span> <span class='ocrx_word' id='word_1_52' title='bbox 865 588 959 616; x_wconf 88' lang='lat' dir='ltr'>mas</span> <span class='ocrx_word' id='word_1_53' title='bbox 991 574 1159 617; x_wconf 92' lang='lat' dir='ltr'>intento</span> <span class='ocrx_word' id='word_1_54' title='bbox 1192 577 1218 616; x_wconf 77' lang='lat' dir='ltr'>a</span> <span class='ocrx_word' id='word_1_55' title='bbox 1250 579 1478 619; x_wconf 86' lang='lat' dir='ltr'>aumentar</span> <span class='ocrx_word' id='word_1_56' title='bbox 1509 591 1587 630; x_wconf 91' lang='lat' dir='ltr'>por</span> <span class='ocrx_word' id='word_1_57' title='bbox 1622 591 1700 619; x_wconf 89' lang='lat' dir='ltr'>aca</span> <span class='ocrx_word' id='word_1_58' title='bbox 1732 577 1796 618; x_wconf 82' lang='lat' dir='ltr'>las</span> <span class='ocrx_word' id='word_1_59' title='bbox 1830 591 1952 618; x_wconf 88' lang='lat' dir='ltr'>cosas</span> <span class='ocrx_word' id='word_1_60' title='bbox 1984 591 2013 630; x_wconf 86' lang='lat' dir='ltr'><strong>y</strong></span> 
     </span>
     <span class='ocr_line' id='line_1_7' title="bbox 250 637 2013 695; baseline 0.003 -17"><span class='ocrx_word' id='word_1_61' title='bbox 250 637 462 690; x_wconf 88' lang='lat' dir='ltr'>Collegios</span> <span class='ocrx_word' id='word_1_62' title='bbox 510 639 606 680; x_wconf 88' lang='lat' dir='ltr'>dela</span> <span class='ocrx_word' id='word_1_63' title='bbox 651 639 878 692; x_wconf 79' lang='lat' dir='ltr'>compania</span> <span class='ocrx_word' id='word_1_64' title='bbox 922 653 1004 692; x_wconf 84' lang='lat' dir='ltr'>que</span> <span class='ocrx_word' id='word_1_65' title='bbox 1049 642 1074 681; x_wconf 77' lang='grc'>6</span> <span class='ocrx_word' id='word_1_66' title='bbox 1118 640 1380 694; x_wconf 88' lang='lat' dir='ltr'>multiplicar</span> <span class='ocrx_word' id='word_1_67' title='bbox 1424 655 1447 682; x_wconf 93' lang='lat' dir='ltr'>o</span> <span class='ocrx_word' id='word_1_68' title='bbox 1493 644 1721 683; x_wconf 89' lang='lat' dir='ltr'>aumentar</span> <span class='ocrx_word' id='word_1_69' title='bbox 1769 641 1940 695; x_wconf 90' lang='lat' dir='ltr'>obispos</span> <span class='ocrx_word' id='word_1_70' title='bbox 1983 656 2013 695; x_wconf 87' lang='lat' dir='ltr'><strong>y</strong></span> 
     </span>
     <span class='ocr_line' id='line_1_8' title="bbox 249 702 2012 761; baseline 0.002 -17"><span class='ocrx_word' id='word_1_71' title='bbox 249 702 509 757; x_wconf 83' lang='lat' dir='ltr'>obispados1</span> <span class='ocrx_word' id='word_1_72' title='bbox 541 718 704 758; x_wconf 88' lang='lat' dir='ltr'>porque</span> <span class='ocrx_word' id='word_1_73' title='bbox 726 718 882 758; x_wconf 88' lang='lat' dir='ltr'>parece</span> <span class='ocrx_word' id='word_1_74' title='bbox 914 705 1092 757; x_wconf 88' lang='lat' dir='ltr'>negocio</span> <span class='ocrx_word' id='word_1_75' title='bbox 1116 709 1207 748; x_wconf 91' lang='lat' dir='ltr'>este</span> <span class='ocrx_word' id='word_1_76' title='bbox 1240 706 1332 747; x_wconf 89' lang='lat' dir='ltr'>alos</span> <span class='ocrx_word' id='word_1_77' title='bbox 1356 721 1437 759; x_wconf 90' lang='lat' dir='ltr'>que</span> <span class='ocrx_word' id='word_1_78' title='bbox 1469 721 1562 748; x_wconf 89' lang='lat' dir='ltr'>mas</span> <span class='ocrx_word' id='word_1_79' title='bbox 1594 710 1805 761; x_wconf 88' lang='lat' dir='ltr'>penetran</span> <span class='ocrx_word' id='word_1_80' title='bbox 1837 707 1879 748; x_wconf 90' lang='grc'>16</span> <span class='ocrx_word' id='word_1_81' title='bbox 1912 720 2012 748; x_wconf 92' lang='grc'><strong>0066</strong></span> 
     </span>
     <span class='ocr_line' id='line_1_9' title="bbox 248 768 2012 825; baseline 0.003 -17"><span class='ocrx_word' id='word_1_82' title='bbox 248 782 351 822; x_wconf 88' lang='lat' dir='ltr'>muy</span> <span class='ocrx_word' id='word_1_83' title='bbox 384 768 435 810; x_wconf 87' lang='lat' dir='ltr'>de</span> <span class='ocrx_word' id='word_1_84' title='bbox 467 783 574 823; x_wconf 90' lang='lat' dir='ltr'>poco</span> <span class='ocrx_word' id='word_1_85' title='bbox 607 769 724 811; x_wconf 88' lang='lat' dir='ltr'>fruto</span> <span class='ocrx_word' id='word_1_86' title='bbox 758 784 809 811; x_wconf 93' lang='lat' dir='ltr'>en</span> <span class='ocrx_word' id='word_1_87' title='bbox 843 773 960 812; x_wconf 90' lang='lat' dir='ltr'>estos</span> <span class='ocrx_word' id='word_1_88' title='bbox 992 770 1198 824; x_wconf 80' lang='lat' dir='ltr'>tiempOS,</span> <span class='ocrx_word' id='word_1_89' title='bbox 1243 772 1381 813; x_wconf 87' lang='lat' dir='ltr'>donde</span> <span class='ocrx_word' id='word_1_90' title='bbox 1423 786 1479 825; x_wconf 89' lang='lat' dir='ltr'>ay</span> <span class='ocrx_word' id='word_1_91' title='bbox 1511 775 1637 814; x_wconf 89' lang='lat' dir='ltr'>tanta</span> <span class='ocrx_word' id='word_1_92' title='bbox 1674 772 1928 814; x_wconf 88' lang='lat' dir='ltr'>necessidad</span> <span class='ocrx_word' id='word_1_93' title='bbox 1960 772 2012 813; x_wconf 92' lang='lat' dir='ltr'>de</span> 
     </span>
     <span class='ocr_line' id='line_1_10' title="bbox 249 834 2012 891; baseline 0.003 -17"><span class='ocrx_word' id='word_1_94' title='bbox 249 847 319 874; x_wconf 87' lang='lat' dir='ltr'>ser</span> <span class='ocrx_word' id='word_1_95' title='bbox 358 834 423 875; x_wconf 87' lang='lat' dir='ltr'>los</span> <span class='ocrx_word' id='word_1_96' title='bbox 467 834 667 876; x_wconf 87' lang='lat' dir='ltr'>hombres</span> <span class='ocrx_word' id='word_1_97' title='bbox 710 834 958 877; x_wconf 82' lang='lat' dir='ltr'>instituidos</span> <span class='ocrx_word' id='word_1_98' title='bbox 1002 849 1054 877; x_wconf 91' lang='lat' dir='ltr'>en</span> <span class='ocrx_word' id='word_1_99' title='bbox 1098 836 1232 878; x_wconf 86' lang='grc'><strong>161166</strong></span> <span class='ocrx_word' id='word_1_100' title='bbox 1277 851 1305 890; x_wconf 91' lang='lat' dir='ltr'>y</span> <span class='ocrx_word' id='word_1_101' title='bbox 1349 838 1639 884; x_wconf 74' lang='lat' dir='ltr'>costumbres,</span> <span class='ocrx_word' id='word_1_102' title='bbox 1686 851 1806 879; x_wconf 90' lang='lat' dir='ltr'>como</span> <span class='ocrx_word' id='word_1_103' title='bbox 1850 851 1930 891; x_wconf 90' lang='lat' dir='ltr'>por</span> <span class='ocrx_word' id='word_1_104' title='bbox 1969 837 2012 879; x_wconf 87' lang='lat' dir='ltr'>la</span> 
     </span>
     <span class='ocr_line' id='line_1_11' title="bbox 249 898 2012 956; baseline 0.003 -17"><span class='ocrx_word' id='word_1_105' title='bbox 249 898 393 940; x_wconf 88' lang='lat' dir='ltr'>diuina</span> <span class='ocrx_word' id='word_1_106' title='bbox 425 899 595 941; x_wconf 87' lang='lat' dir='ltr'>bondad</span> <span class='ocrx_word' id='word_1_107' title='bbox 628 900 668 941; x_wconf 93' lang='lat' dir='ltr'>lo</span> <span class='ocrx_word' id='word_1_108' title='bbox 701 899 806 941; x_wconf 86' lang='lat' dir='ltr'>haze</span> <span class='ocrx_word' id='word_1_109' title='bbox 839 900 881 941; x_wconf 91' lang='lat' dir='ltr'>la</span> <span class='ocrx_word' id='word_1_110' title='bbox 915 901 1140 954; x_wconf 78' lang='lat' dir='ltr'>compania</span> <span class='ocrx_word' id='word_1_111' title='bbox 1172 905 1320 952; x_wconf 88' lang='lat' dir='ltr'>antes,</span> <span class='ocrx_word' id='word_1_112' title='bbox 1364 916 1446 955; x_wconf 90' lang='lat' dir='ltr'>que</span> <span class='ocrx_word' id='word_1_113' title='bbox 1478 916 1650 956; x_wconf 85' lang='lat' dir='ltr'>vengan</span> <span class='ocrx_word' id='word_1_114' title='bbox 1689 917 1714 944; x_wconf 88' lang='lat' dir='ltr'>a</span> <span class='ocrx_word' id='word_1_115' title='bbox 1746 902 1940 956; x_wconf 87' lang='lat' dir='ltr'>obispar,</span> <span class='ocrx_word' id='word_1_116' title='bbox 1982 916 2012 955; x_wconf 89' lang='lat' dir='ltr'><strong>y</strong></span> 
     </span>
     <span class='ocr_line' id='line_1_12' title="bbox 248 966 2011 1022; baseline 0.002 -17"><span class='ocrx_word' id='word_1_117' title='bbox 248 977 305 1017; x_wconf 89' lang='lat' dir='ltr'>ay</span> <span class='ocrx_word' id='word_1_118' title='bbox 336 967 413 1006; x_wconf 90' lang='lat' dir='ltr'>tan</span> <span class='ocrx_word' id='word_1_119' title='bbox 445 979 588 1018; x_wconf 89' lang='lat' dir='ltr'>pocos,</span> <span class='ocrx_word' id='word_1_120' title='bbox 624 979 705 1017; x_wconf 90' lang='lat' dir='ltr'>que</span> <span class='ocrx_word' id='word_1_121' title='bbox 737 966 906 1019; x_wconf 87' lang='lat' dir='ltr'>puedan</span> <span class='ocrx_word' id='word_1_122' title='bbox 941 966 1107 1007; x_wconf 86' lang='lat' dir='ltr'>receuir</span> <span class='ocrx_word' id='word_1_123' title='bbox 1128 967 1240 1009; x_wconf 88' lang='lat' dir='ltr'>tales</span> <span class='ocrx_word' id='word_1_124' title='bbox 1263 967 1531 1020; x_wconf 86' lang='lat' dir='ltr'>dignidades,</span> <span class='ocrx_word' id='word_1_125' title='bbox 1565 983 1593 1022; x_wconf 90' lang='lat' dir='ltr'><strong>y</strong></span> <span class='ocrx_word' id='word_1_126' title='bbox 1617 982 1742 1009; x_wconf 86' lang='lat' dir='ltr'>curas</span> <span class='ocrx_word' id='word_1_127' title='bbox 1766 967 2011 1010; x_wconf 87' lang='lat' dir='ltr'>fructuosa-</span> 
     </span>
     <span class='ocr_line' id='line_1_13' title="bbox 247 1030 1012 1083; baseline 0.004 -13"><span class='ocrx_word' id='word_1_128' title='bbox 247 1032 404 1080; x_wconf 88' lang='lat' dir='ltr'>mente,</span> <span class='ocrx_word' id='word_1_129' title='bbox 439 1044 521 1083; x_wconf 91' lang='lat' dir='ltr'>que</span> <span class='ocrx_word' id='word_1_130' title='bbox 555 1044 600 1071; x_wconf 90' lang='lat' dir='ltr'>es</span> <span class='ocrx_word' id='word_1_131' title='bbox 633 1030 685 1071; x_wconf 85' lang='lat' dir='ltr'>de</span> <span class='ocrx_word' id='word_1_132' title='bbox 717 1030 1012 1074; x_wconf 80' lang='lat' dir='ltr'>marauillar2.</span> 
     </span>
    </p>
   </div>
   <div class='ocr_carea' id='block_1_3' title="bbox 240 1121 2010 2824">
    <p class='ocr_par' dir='ltr' id='par_1_3' title="bbox 241 1121 2010 2286">
     <span class='ocr_line' id='line_1_14' title="bbox 365 1121 2009 1168; baseline 0.001 -13"><span class='ocrx_word' id='word_1_133' title='bbox 365 1121 420 1155; x_wconf 79' lang='lat' dir='ltr'>Ex</span> <span class='ocrx_word' id='word_1_134' title='bbox 445 1121 502 1156; x_wconf 89' lang='lat' dir='ltr'>his</span> <span class='ocrx_word' id='word_1_135' title='bbox 528 1121 658 1155; x_wconf 89' lang='lat' dir='ltr'>litteris</span> <span class='ocrx_word' id='word_1_136' title='bbox 684 1122 773 1156; x_wconf 87' lang='lat' dir='ltr'>satis</span> <span class='ocrx_word' id='word_1_137' title='bbox 801 1122 931 1163; x_wconf 86' lang='lat' dir='ltr'>elucet,</span> <span class='ocrx_word' id='word_1_138' title='bbox 965 1122 1162 1157; x_wconf 72' lang='lat' dir='ltr'>Victoriam</span> <span class='ocrx_word' id='word_1_139' title='bbox 1188 1123 1254 1158; x_wconf 90' lang='lat' dir='ltr'>hoc</span> <span class='ocrx_word' id='word_1_140' title='bbox 1280 1126 1440 1168; x_wconf 89' lang='lat' dir='ltr'>tempore</span> <span class='ocrx_word' id='word_1_141' title='bbox 1467 1124 1572 1158; x_wconf 86' lang='lat' dir='ltr'>valde</span> <span class='ocrx_word' id='word_1_142' title='bbox 1599 1136 1707 1167; x_wconf 84' lang='lat' dir='ltr'>aegro</span> <span class='ocrx_word' id='word_1_143' title='bbox 1733 1123 1845 1158; x_wconf 88' lang='lat' dir='ltr'>fuisse</span> <span class='ocrx_word' id='word_1_144' title='bbox 1872 1123 2009 1164; x_wconf 71' lang='lat' dir='ltr'>animo,</span> 
     </span>
     <span class='ocr_line' id='line_1_15' title="bbox 246 1175 2010 1221; baseline 0.002 -13"><span class='ocrx_word' id='word_1_145' title='bbox 246 1186 311 1209; x_wconf 90' lang='lat' dir='ltr'>nec</span> <span class='ocrx_word' id='word_1_146' title='bbox 336 1175 464 1208; x_wconf 88' lang='lat' dir='ltr'>mirum</span> <span class='ocrx_word' id='word_1_147' title='bbox 493 1177 564 1215; x_wconf 88' lang='lat' dir='ltr'>est,</span> <span class='ocrx_word' id='word_1_148' title='bbox 593 1187 691 1217; x_wconf 89' lang='lat' dir='ltr'>eum,</span> <span class='ocrx_word' id='word_1_149' title='bbox 719 1179 759 1209; x_wconf 89' lang='lat' dir='ltr'>ut</span> <span class='ocrx_word' id='word_1_150' title='bbox 785 1187 826 1210; x_wconf 91' lang='lat' dir='ltr'>ea</span> <span class='ocrx_word' id='word_1_151' title='bbox 853 1176 1076 1219; x_wconf 73' lang='lat' dir='ltr'>aegritudine</span> <span class='ocrx_word' id='word_1_152' title='bbox 1102 1176 1304 1218; x_wconf 88' lang='lat' dir='ltr'>levaretur,</span> <span class='ocrx_word' id='word_1_153' title='bbox 1331 1177 1411 1211; x_wconf 87' lang='lat' dir='ltr'>illos</span> <span class='ocrx_word' id='word_1_154' title='bbox 1439 1177 1546 1211; x_wconf 90' lang='lat' dir='ltr'>animi</span> <span class='ocrx_word' id='word_1_155' title='bbox 1572 1178 1730 1211; x_wconf 86' lang='lat' dir='ltr'>medicos</span> <span class='ocrx_word' id='word_1_156' title='bbox 1756 1177 1893 1218; x_wconf 88' lang='lat' dir='ltr'>adisse,</span> <span class='ocrx_word' id='word_1_157' title='bbox 1921 1188 2010 1221; x_wconf 89' lang='lat' dir='ltr'>quos</span> 
     </span>
     <span class='ocr_line' id='line_1_16' title="bbox 245 1228 2010 1275; baseline 0.002 -14"><span class='ocrx_word' id='word_1_158' title='bbox 245 1228 343 1262; x_wconf 88' lang='lat' dir='ltr'>Deus</span> <span class='ocrx_word' id='word_1_159' title='bbox 369 1229 445 1272; x_wconf 90' lang='lat' dir='ltr'>ipse</span> <span class='ocrx_word' id='word_1_160' title='bbox 472 1229 503 1262; x_wconf 93' lang='lat' dir='ltr'>ei</span> <span class='ocrx_word' id='word_1_161' title='bbox 530 1229 720 1263; x_wconf 86' lang='lat' dir='ltr'>offerebat:</span> <span class='ocrx_word' id='word_1_162' title='bbox 754 1241 940 1274; x_wconf 90' lang='lat' dir='ltr'>supremos</span> <span class='ocrx_word' id='word_1_163' title='bbox 967 1230 1044 1264; x_wconf 91' lang='lat' dir='ltr'>dico</span> <span class='ocrx_word' id='word_1_164' title='bbox 1071 1230 1204 1264; x_wconf 86' lang='lat' dir='ltr'>ordinis</span> <span class='ocrx_word' id='word_1_165' title='bbox 1230 1231 1442 1275; x_wconf 73' lang='lat' dir='ltr'>praefectos.</span> <span class='ocrx_word' id='word_1_166' title='bbox 1479 1231 1566 1265; x_wconf 86' lang='lat' dir='ltr'>Cum</span> <span class='ocrx_word' id='word_1_167' title='bbox 1593 1232 1780 1275; x_wconf 88' lang='lat' dir='ltr'>praeterea</span> <span class='ocrx_word' id='word_1_168' title='bbox 1805 1251 1852 1254; x_wconf 98' lang='lat'><strong>—</strong></span> <span class='ocrx_word' id='word_1_169' title='bbox 1876 1232 1917 1265; x_wconf 89' lang='lat' dir='ltr'>ut</span> <span class='ocrx_word' id='word_1_170' title='bbox 1942 1230 2010 1275; x_wconf 92' lang='lat' dir='ltr'>ipsi</span> 
     </span>
     <span class='ocr_line' id='line_1_17' title="bbox 246 1282 2010 1329; baseline 0.002 -14"><span class='ocrx_word' id='word_1_171' title='bbox 246 1282 389 1326; x_wconf 90' lang='lat' dir='ltr'>quidem</span> <span class='ocrx_word' id='word_1_172' title='bbox 415 1284 501 1316; x_wconf 88' lang='lat' dir='ltr'>tunc</span> <span class='ocrx_word' id='word_1_173' title='bbox 527 1294 738 1327; x_wconf 89' lang='lat' dir='ltr'>persuasum</span> <span class='ocrx_word' id='word_1_174' title='bbox 765 1285 843 1316; x_wconf 85' lang='lat' dir='ltr'>erat</span> <span class='ocrx_word' id='word_1_175' title='bbox 868 1303 913 1307; x_wconf 86' lang='lat'>-—</span> <span class='ocrx_word' id='word_1_176' title='bbox 941 1283 1083 1326; x_wconf 77' lang='lat' dir='ltr'>collegii</span> <span class='ocrx_word' id='word_1_177' title='bbox 1112 1284 1395 1325; x_wconf 87' lang='lat' dir='ltr'>vindobonensis,</span> <span class='ocrx_word' id='word_1_178' title='bbox 1422 1285 1529 1318; x_wconf 91' lang='lat' dir='ltr'>immo</span> <span class='ocrx_word' id='word_1_179' title='bbox 1555 1284 1665 1318; x_wconf 88' lang='lat' dir='ltr'>totius</span> <span class='ocrx_word' id='word_1_180' title='bbox 1691 1284 1787 1318; x_wconf 85' lang='lat' dir='ltr'>illius</span> <span class='ocrx_word' id='word_1_181' title='bbox 1806 1284 2010 1329; x_wconf 83' lang='lat' dir='ltr'>provinciae</span> 
     </span>
     <span class='ocr_line' id='line_1_18' title="bbox 245 1335 2009 1380; baseline 0.002 -12"><span class='ocrx_word' id='word_1_182' title='bbox 245 1335 473 1369; x_wconf 76' lang='lat' dir='ltr'>incolumitas</span> <span class='ocrx_word' id='word_1_183' title='bbox 499 1335 781 1380; x_wconf 71' lang='lat' dir='ltr'>periclitaretur,</span> <span class='ocrx_word' id='word_1_184' title='bbox 819 1348 918 1376; x_wconf 89' lang='lat' dir='ltr'>eum,</span> <span class='ocrx_word' id='word_1_185' title='bbox 946 1348 1026 1370; x_wconf 91' lang='lat' dir='ltr'>cum</span> <span class='ocrx_word' id='word_1_186' title='bbox 1052 1336 1118 1371; x_wconf 89' lang='lat' dir='ltr'>has</span> <span class='ocrx_word' id='word_1_187' title='bbox 1143 1337 1285 1371; x_wconf 73' lang='lat' dir='ltr'>litteras</span> <span class='ocrx_word' id='word_1_188' title='bbox 1312 1338 1504 1378; x_wconf 85' lang='lat' dir='ltr'>scriberet,</span> <span class='ocrx_word' id='word_1_189' title='bbox 1539 1350 1608 1372; x_wconf 91' lang='lat' dir='ltr'>non</span> <span class='ocrx_word' id='word_1_190' title='bbox 1636 1338 1857 1371; x_wconf 90' lang='lat' dir='ltr'>clandestina</span> <span class='ocrx_word' id='word_1_191' title='bbox 1883 1337 1917 1371; x_wconf 92' lang='lat' dir='ltr'>in</span> <span class='ocrx_word' id='word_1_192' title='bbox 1946 1336 2009 1371; x_wconf 83' lang='lat' dir='ltr'>Ca-</span> 
     </span>
     <span class='ocr_line' id='line_1_19' title="bbox 245 1388 2009 1433; baseline 0.002 -12"><span class='ocrx_word' id='word_1_193' title='bbox 245 1388 376 1421; x_wconf 86' lang='lat' dir='ltr'>nisium</span> <span class='ocrx_word' id='word_1_194' title='bbox 403 1388 553 1422; x_wconf 89' lang='lat' dir='ltr'>consilia</span> <span class='ocrx_word' id='word_1_195' title='bbox 578 1390 776 1430; x_wconf 80' lang='lat' dir='ltr'>struxisse,</span> <span class='ocrx_word' id='word_1_196' title='bbox 803 1390 866 1423; x_wconf 90' lang='lat' dir='ltr'>sed</span> <span class='ocrx_word' id='word_1_197' title='bbox 893 1389 968 1423; x_wconf 88' lang='lat' dir='ltr'>iure</span> <span class='ocrx_word' id='word_1_198' title='bbox 995 1402 1059 1424; x_wconf 91' lang='lat' dir='ltr'>suo</span> <span class='ocrx_word' id='word_1_199' title='bbox 1086 1402 1189 1424; x_wconf 88' lang='lat' dir='ltr'>usum</span> <span class='ocrx_word' id='word_1_200' title='bbox 1216 1403 1314 1433; x_wconf 89' lang='lat' dir='ltr'>esse,</span> <span class='ocrx_word' id='word_1_201' title='bbox 1341 1391 1448 1425; x_wconf 78' lang='lat' dir='ltr'>imino</span> <span class='ocrx_word' id='word_1_202' title='bbox 1475 1391 1591 1425; x_wconf 87' lang='lat' dir='ltr'>officio</span> <span class='ocrx_word' id='word_1_203' title='bbox 1617 1391 1838 1425; x_wconf 88' lang='lat' dir='ltr'>satisfecisse</span> <span class='ocrx_word' id='word_1_204' title='bbox 1864 1390 2009 1426; x_wconf 82' lang='lat' dir='ltr'>dixeris.</span> 
     </span>
     <span class='ocr_line' id='line_1_20' title="bbox 247 1441 2010 1489; baseline 0.002 -14"><span class='ocrx_word' id='word_1_205' title='bbox 247 1441 437 1486; x_wconf 83' lang='lat' dir='ltr'>Complura</span> <span class='ocrx_word' id='word_1_206' title='bbox 463 1453 549 1476; x_wconf 88' lang='lat' dir='ltr'>sane</span> <span class='ocrx_word' id='word_1_207' title='bbox 576 1454 621 1476; x_wconf 85' lang='lat' dir='ltr'>ex</span> <span class='ocrx_word' id='word_1_208' title='bbox 646 1442 700 1484; x_wconf 86' lang='lat' dir='ltr'>iis,</span> <span class='ocrx_word' id='word_1_209' title='bbox 727 1454 818 1486; x_wconf 91' lang='lat' dir='ltr'>quae</span> <span class='ocrx_word' id='word_1_210' title='bbox 844 1442 1005 1477; x_wconf 80' lang='lat' dir='ltr'>Victoria</span> <span class='ocrx_word' id='word_1_211' title='bbox 1031 1444 1066 1477; x_wconf 92' lang='lat' dir='ltr'>in</span> <span class='ocrx_word' id='word_1_212' title='bbox 1093 1444 1148 1478; x_wconf 89' lang='lat' dir='ltr'>his</span> <span class='ocrx_word' id='word_1_213' title='bbox 1175 1444 1306 1478; x_wconf 87' lang='lat' dir='ltr'>litteris</span> <span class='ocrx_word' id='word_1_214' title='bbox 1333 1445 1544 1486; x_wconf 86' lang='lat' dir='ltr'>affirmavit,</span> <span class='ocrx_word' id='word_1_215' title='bbox 1573 1457 1636 1479; x_wconf 86' lang='lat' dir='ltr'>suo</span> <span class='ocrx_word' id='word_1_216' title='bbox 1661 1456 1887 1489; x_wconf 88' lang='lat' dir='ltr'>nequaquam</span> <span class='ocrx_word' id='word_1_217' title='bbox 1914 1456 2010 1478; x_wconf 91' lang='lat' dir='ltr'>care-</span> 
     </span>
     <span class='ocr_line' id='line_1_21' title="bbox 245 1495 2008 1542; baseline 0.002 -14"><span class='ocrx_word' id='word_1_218' title='bbox 245 1495 332 1529; x_wconf 84' lang='lat' dir='ltr'>bant</span> <span class='ocrx_word' id='word_1_219' title='bbox 357 1495 608 1530; x_wconf 85' lang='lat' dir='ltr'>fundamento:</span> <span class='ocrx_word' id='word_1_220' title='bbox 637 1495 901 1530; x_wconf 88' lang='lat' dir='ltr'>Contionatoris</span> <span class='ocrx_word' id='word_1_221' title='bbox 928 1497 1097 1531; x_wconf 87' lang='lat' dir='ltr'>ordinarii</span> <span class='ocrx_word' id='word_1_222' title='bbox 1122 1509 1262 1536; x_wconf 88' lang='lat' dir='ltr'>munus,</span> <span class='ocrx_word' id='word_1_223' title='bbox 1289 1499 1382 1542; x_wconf 87' lang='lat' dir='ltr'>quod</span> <span class='ocrx_word' id='word_1_224' title='bbox 1407 1498 1548 1532; x_wconf 87' lang='lat' dir='ltr'>Canisio</span> <span class='ocrx_word' id='word_1_225' title='bbox 1575 1498 1896 1532; x_wconf 85' lang='lat' dir='ltr'>administrandum</span> <span class='ocrx_word' id='word_1_226' title='bbox 1922 1500 2008 1539; x_wconf 89' lang='lat' dir='ltr'>erat,</span> 
     </span>
     <span class='ocr_line' id='line_1_22' title="bbox 245 1548 2009 1597; baseline 0.002 -16"><span class='ocrx_word' id='word_1_227' title='bbox 245 1559 324 1582; x_wconf 90' lang='lat' dir='ltr'>cum</span> <span class='ocrx_word' id='word_1_228' title='bbox 352 1548 468 1582; x_wconf 87' lang='lat' dir='ltr'>officio</span> <span class='ocrx_word' id='word_1_229' title='bbox 495 1549 689 1593; x_wconf 88' lang='lat' dir='ltr'>praepositi</span> <span class='ocrx_word' id='word_1_230' title='bbox 715 1549 948 1594; x_wconf 87' lang='lat' dir='ltr'>provincialis</span> <span class='ocrx_word' id='word_1_231' title='bbox 983 1550 1077 1584; x_wconf 88' lang='lat' dir='ltr'>haud</span> <span class='ocrx_word' id='word_1_232' title='bbox 1115 1551 1165 1584; x_wconf 86' lang='lat' dir='ltr'>ita</span> <span class='ocrx_word' id='word_1_233' title='bbox 1198 1552 1287 1585; x_wconf 86' lang='lat' dir='ltr'>bene</span> <span class='ocrx_word' id='word_1_234' title='bbox 1322 1552 1560 1595; x_wconf 86' lang='lat' dir='ltr'>congruebat;</span> <span class='ocrx_word' id='word_1_235' title='bbox 1599 1554 1637 1586; x_wconf 90' lang='lat' dir='ltr'>at</span> <span class='ocrx_word' id='word_1_236' title='bbox 1670 1551 1874 1597; x_wconf 84' lang='lat' dir='ltr'>praesidum</span> <span class='ocrx_word' id='word_1_237' title='bbox 1909 1551 2009 1585; x_wconf 89' lang='lat' dir='ltr'>iussu</span> 
     </span>
     <span class='ocr_line' id='line_1_23' title="bbox 245 1601 2008 1650; baseline 0.001 -14"><span class='ocrx_word' id='word_1_238' title='bbox 245 1601 409 1636; x_wconf 87' lang='lat' dir='ltr'>Oanisius</span> <span class='ocrx_word' id='word_1_239' title='bbox 445 1604 635 1646; x_wconf 90' lang='lat' dir='ltr'>utrumque</span> <span class='ocrx_word' id='word_1_240' title='bbox 668 1614 756 1637; x_wconf 89' lang='lat' dir='ltr'>onus</span> <span class='ocrx_word' id='word_1_241' title='bbox 791 1603 826 1637; x_wconf 93' lang='lat' dir='ltr'>in</span> <span class='ocrx_word' id='word_1_242' title='bbox 861 1614 900 1637; x_wconf 91' lang='lat' dir='ltr'>se</span> <span class='ocrx_word' id='word_1_243' title='bbox 935 1607 1163 1648; x_wconf 78' lang='lat' dir='ltr'>susceperat3</span> <span class='ocrx_word' id='word_1_244' title='bbox 1200 1605 1330 1648; x_wconf 86' lang='lat' dir='ltr'>quibus</span> <span class='ocrx_word' id='word_1_245' title='bbox 1366 1605 1657 1650; x_wconf 81' lang='lat' dir='ltr'>occupationibus</span> <span class='ocrx_word' id='word_1_246' title='bbox 1683 1607 1723 1639; x_wconf 90' lang='lat' dir='ltr'>ut</span> <span class='ocrx_word' id='word_1_247' title='bbox 1749 1604 1837 1638; x_wconf 86' lang='lat' dir='ltr'>alios</span> <span class='ocrx_word' id='word_1_248' title='bbox 1868 1604 2008 1638; x_wconf 89' lang='lat' dir='ltr'>labores</span> 
     </span>
     <span class='ocr_line' id='line_1_24' title="bbox 243 1654 2009 1703; baseline 0.001 -15"><span class='ocrx_word' id='word_1_249' title='bbox 243 1654 400 1696; x_wconf 86' lang='lat' dir='ltr'>adderet,</span> <span class='ocrx_word' id='word_1_250' title='bbox 426 1656 555 1700; x_wconf 87' lang='lat' dir='ltr'>partim</span> <span class='ocrx_word' id='word_1_251' title='bbox 583 1668 769 1700; x_wconf 85' lang='lat' dir='ltr'>procerum</span> <span class='ocrx_word' id='word_1_252' title='bbox 799 1656 1021 1701; x_wconf 88' lang='lat' dir='ltr'>aliorumque</span> <span class='ocrx_word' id='word_1_253' title='bbox 1048 1657 1330 1702; x_wconf 80' lang='lat' dir='ltr'>importunitate,</span> <span class='ocrx_word' id='word_1_254' title='bbox 1356 1658 1487 1703; x_wconf 89' lang='lat' dir='ltr'>partim</span> <span class='ocrx_word' id='word_1_255' title='bbox 1514 1658 1698 1699; x_wconf 89' lang='lat' dir='ltr'>immenso,</span> <span class='ocrx_word' id='word_1_256' title='bbox 1726 1670 1794 1702; x_wconf 92' lang='lat' dir='ltr'>quo</span> <span class='ocrx_word' id='word_1_257' title='bbox 1820 1657 2009 1700; x_wconf 84' lang='lat' dir='ltr'>flagrabat,</span> 
     </span>
     <span class='ocr_line' id='line_1_25' title="bbox 243 1708 2008 1755; baseline 0.002 -14"><span class='ocrx_word' id='word_1_258' title='bbox 243 1708 386 1742; x_wconf 88' lang='lat' dir='ltr'>divinae</span> <span class='ocrx_word' id='word_1_259' title='bbox 412 1709 547 1752; x_wconf 90' lang='lat' dir='ltr'>gloriae</span> <span class='ocrx_word' id='word_1_260' title='bbox 574 1709 778 1744; x_wconf 84' lang='lat' dir='ltr'>dilatandae</span> <span class='ocrx_word' id='word_1_261' title='bbox 804 1710 922 1744; x_wconf 87' lang='lat' dir='ltr'>studio</span> <span class='ocrx_word' id='word_1_262' title='bbox 948 1711 1233 1755; x_wconf 85' lang='lat' dir='ltr'>permovebatur.</span> <span class='ocrx_word' id='word_1_263' title='bbox 1285 1711 1379 1746; x_wconf 89' lang='lat' dir='ltr'>Vere</span> <span class='ocrx_word' id='word_1_264' title='bbox 1406 1712 1514 1746; x_wconf 89' lang='lat' dir='ltr'>etiam</span> <span class='ocrx_word' id='word_1_265' title='bbox 1540 1712 1701 1746; x_wconf 86' lang='lat' dir='ltr'>Victoria</span> <span class='ocrx_word' id='word_1_266' title='bbox 1733 1711 1907 1752; x_wconf 87' lang='lat' dir='ltr'>asseruit,</span> <span class='ocrx_word' id='word_1_267' title='bbox 1944 1710 2008 1745; x_wconf 87' lang='grc'>06-</span> 
     </span>
     <span class='ocr_line' id='line_1_26' title="bbox 243 1761 2008 1806; baseline 0.001 -11"><span class='ocrx_word' id='word_1_268' title='bbox 243 1761 374 1796; x_wconf 91' lang='lat' dir='ltr'>nisium</span> <span class='ocrx_word' id='word_1_269' title='bbox 399 1762 647 1797; x_wconf 83' lang='lat' dir='ltr'>Maximiliano</span> <span class='ocrx_word' id='word_1_270' title='bbox 674 1763 751 1806; x_wconf 87' lang='lat' dir='ltr'>regi</span> <span class='ocrx_word' id='word_1_271' title='bbox 777 1763 993 1798; x_wconf 89' lang='lat' dir='ltr'>invidiosum</span> <span class='ocrx_word' id='word_1_272' title='bbox 1022 1775 1119 1805; x_wconf 85' lang='lat' dir='ltr'>esse;</span> <span class='ocrx_word' id='word_1_273' title='bbox 1156 1764 1321 1799; x_wconf 87' lang='lat' dir='ltr'>Canisius</span> <span class='ocrx_word' id='word_1_274' title='bbox 1348 1765 1439 1799; x_wconf 89' lang='lat' dir='ltr'>enim</span> <span class='ocrx_word' id='word_1_275' title='bbox 1467 1777 1499 1799; x_wconf 89' lang='grc'>6.</span> <span class='ocrx_word' id='word_1_276' title='bbox 1529 1766 1616 1799; x_wconf 89' lang='lat'>1555</span> <span class='ocrx_word' id='word_1_277' title='bbox 1643 1765 1906 1799; x_wconf 85' lang='lat' dir='ltr'>Ferdinandum</span> <span class='ocrx_word' id='word_1_278' title='bbox 1932 1763 2008 1798; x_wconf 89' lang='lat' dir='ltr'>eius</span> 
     </span>
     <span class='ocr_line' id='line_1_27' title="bbox 243 1816 2008 1863; baseline 0.001 -15"><span class='ocrx_word' id='word_1_279' title='bbox 243 1817 391 1860; x_wconf 84' lang='lat' dir='ltr'>patrem,</span> <span class='ocrx_word' id='word_1_280' title='bbox 418 1816 454 1849; x_wconf 93' lang='lat' dir='ltr'>in</span> <span class='ocrx_word' id='word_1_281' title='bbox 481 1818 654 1860; x_wconf 86' lang='lat' dir='ltr'>quantum</span> <span class='ocrx_word' id='word_1_282' title='bbox 680 1817 763 1850; x_wconf 89' lang='lat' dir='ltr'>fidei</span> <span class='ocrx_word' id='word_1_283' title='bbox 790 1817 982 1851; x_wconf 86' lang='lat' dir='ltr'>discrimen</span> <span class='ocrx_word' id='word_1_284' title='bbox 1000 1817 1271 1852; x_wconf 86' lang='lat' dir='ltr'>Maximilianus</span> <span class='ocrx_word' id='word_1_285' title='bbox 1298 1830 1360 1863; x_wconf 88' lang='lat' dir='ltr'>per</span> <span class='ocrx_word' id='word_1_286' title='bbox 1378 1818 1602 1852; x_wconf 87' lang='lat' dir='ltr'>Phauserum</span> <span class='ocrx_word' id='word_1_287' title='bbox 1620 1821 1833 1863; x_wconf 88' lang='lat' dir='ltr'>apostatam,</span> <span class='ocrx_word' id='word_1_288' title='bbox 1860 1816 2008 1852; x_wconf 87' lang='lat' dir='ltr'>Lutheri</span> 
     </span>
     <span class='ocr_line' id='line_1_28' title="bbox 244 1868 2007 1917; baseline 0.001 -15"><span class='ocrx_word' id='word_1_289' title='bbox 244 1868 424 1903; x_wconf 88' lang='lat' dir='ltr'>doctrinas</span> <span class='ocrx_word' id='word_1_290' title='bbox 450 1881 468 1903; x_wconf 95' lang='lat' dir='ltr'>e</span> <span class='ocrx_word' id='word_1_291' title='bbox 494 1872 671 1913; x_wconf 87' lang='lat' dir='ltr'>suggestu</span> <span class='ocrx_word' id='word_1_292' title='bbox 698 1870 1011 1913; x_wconf 86' lang='lat' dir='ltr'>disseminantem,</span> <span class='ocrx_word' id='word_1_293' title='bbox 1047 1872 1256 1916; x_wconf 89' lang='lat' dir='ltr'>similesque</span> <span class='ocrx_word' id='word_1_294' title='bbox 1281 1872 1443 1906; x_wconf 86' lang='lat' dir='ltr'>homines</span> <span class='ocrx_word' id='word_1_295' title='bbox 1476 1873 1733 1914; x_wconf 85' lang='lat' dir='ltr'>adduceretur,</span> <span class='ocrx_word' id='word_1_296' title='bbox 1769 1883 1832 1917; x_wconf 86' lang='lat' dir='ltr'>per</span> <span class='ocrx_word' id='word_1_297' title='bbox 1866 1871 2007 1905; x_wconf 83' lang='lat' dir='ltr'>litteras</span> 
     </span>
     <span class='ocr_line' id='line_1_29' title="bbox 243 1922 2006 1970; baseline 0.002 -15"><span class='ocrx_word' id='word_1_298' title='bbox 243 1922 404 1965; x_wconf 89' lang='lat' dir='ltr'>graviter</span> <span class='ocrx_word' id='word_1_299' title='bbox 430 1925 634 1965; x_wconf 86' lang='lat' dir='ltr'>monuerat,</span> <span class='ocrx_word' id='word_1_300' title='bbox 670 1935 711 1957; x_wconf 89' lang='lat' dir='ltr'>ac</span> <span class='ocrx_word' id='word_1_301' title='bbox 738 1924 1008 1958; x_wconf 84' lang='lat' dir='ltr'>Maximilianus</span> <span class='ocrx_word' id='word_1_302' title='bbox 1035 1925 1174 1959; x_wconf 88' lang='lat' dir='ltr'>discidii</span> <span class='ocrx_word' id='word_1_303' title='bbox 1209 1925 1302 1959; x_wconf 91' lang='lat' dir='ltr'>inter</span> <span class='ocrx_word' id='word_1_304' title='bbox 1336 1937 1374 1960; x_wconf 90' lang='lat' dir='ltr'>se</span> <span class='ocrx_word' id='word_1_305' title='bbox 1411 1928 1446 1960; x_wconf 90' lang='lat' dir='ltr'>et</span> <span class='ocrx_word' id='word_1_306' title='bbox 1480 1928 1618 1970; x_wconf 87' lang='lat' dir='ltr'>patrem</span> <span class='ocrx_word' id='word_1_307' title='bbox 1653 1926 1696 1960; x_wconf 93' lang='lat' dir='ltr'>ob</span> <span class='ocrx_word' id='word_1_308' title='bbox 1731 1925 1914 1969; x_wconf 83' lang='lat' dir='ltr'>religionis</span> <span class='ocrx_word' id='word_1_309' title='bbox 1948 1935 2006 1958; x_wconf 86' lang='lat' dir='ltr'>res</span> 
     </span>
     <span class='ocr_line' id='line_1_30' title="bbox 242 1974 2005 2023; baseline 0.002 -15"><span class='ocrx_word' id='word_1_310' title='bbox 242 1975 310 2008; x_wconf 88' lang='lat' dir='ltr'>orti</span> <span class='ocrx_word' id='word_1_311' title='bbox 337 1974 518 2010; x_wconf 88' lang='lat' dir='ltr'>Canisium</span> <span class='ocrx_word' id='word_1_312' title='bbox 553 1976 783 2021; x_wconf 84' lang='lat' dir='ltr'>praecipuum</span> <span class='ocrx_word' id='word_1_313' title='bbox 821 1977 875 2020; x_wconf 88' lang='lat' dir='ltr'>(ut</span> <span class='ocrx_word' id='word_1_314' title='bbox 910 1977 1067 2020; x_wconf 84' lang='lat' dir='ltr'>videtur)</span> <span class='ocrx_word' id='word_1_315' title='bbox 1104 1979 1255 2023; x_wconf 85' lang='lat' dir='ltr'>putabat</span> <span class='ocrx_word' id='word_1_316' title='bbox 1290 1990 1368 2013; x_wconf 87' lang='lat' dir='ltr'>esse</span> <span class='ocrx_word' id='word_1_317' title='bbox 1404 1981 1587 2013; x_wconf 88' lang='lat' dir='ltr'>auctorem</span> <span class='ocrx_word' id='word_1_318' title='bbox 1619 1979 1717 2022; x_wconf 90' lang='lat' dir='ltr'>(vide</span> <span class='ocrx_word' id='word_1_319' title='bbox 1747 1978 1832 2012; x_wconf 73' lang='lat' dir='ltr'>Can.</span> <span class='ocrx_word' id='word_1_320' title='bbox 1859 1978 1948 2023; x_wconf 83' lang='lat' dir='ltr'>Epp.</span> <span class='ocrx_word' id='word_1_321' title='bbox 1979 1977 2005 2019; x_wconf 86' lang='lat' dir='ltr'>I,</span> 
     </span>
     <span class='ocr_line' id='line_1_31' title="bbox 243 2028 2005 2077; baseline 0.001 -15"><span class='ocrx_word' id='word_1_322' title='bbox 243 2028 440 2063; x_wconf 77' lang='lat'>524-535.</span> <span class='ocrx_word' id='word_1_323' title='bbox 470 2030 555 2070; x_wconf 72' lang='lat'>7323</span> <span class='ocrx_word' id='word_1_324' title='bbox 584 2030 627 2071; x_wconf 78' lang='grc' dir='ltr'>ΙΙ,</span> <span class='ocrx_word' id='word_1_325' title='bbox 657 2031 752 2073; x_wconf 79' lang='grc'><strong>194).</strong></span> <span class='ocrx_word' id='word_1_326' title='bbox 787 2030 862 2064; x_wconf 88' lang='grc' dir='ltr'>Ν60</span> <span class='ocrx_word' id='word_1_327' title='bbox 888 2043 1076 2076; x_wconf 86' lang='lat' dir='ltr'>perperam</span> <span class='ocrx_word' id='word_1_328' title='bbox 1102 2031 1310 2073; x_wconf 87' lang='lat' dir='ltr'>Victoriam,</span> <span class='ocrx_word' id='word_1_329' title='bbox 1337 2034 1378 2066; x_wconf 89' lang='lat' dir='ltr'>ut</span> <span class='ocrx_word' id='word_1_330' title='bbox 1403 2032 1588 2077; x_wconf 91' lang='lat' dir='ltr'>provincia</span> <span class='ocrx_word' id='word_1_331' title='bbox 1613 2032 1676 2066; x_wconf 87' lang='lat' dir='ltr'>illa</span> <span class='ocrx_word' id='word_1_332' title='bbox 1701 2031 1894 2077; x_wconf 87' lang='lat' dir='ltr'>superioris</span> <span class='ocrx_word' id='word_1_333' title='bbox 1921 2030 2005 2065; x_wconf 84' lang='lat' dir='ltr'>Ger-</span> 
     </span>
     <span class='ocr_line' id='line_1_32' title="bbox 242 2082 2005 2130; baseline 0.002 -15"><span class='ocrx_word' id='word_1_334' title='bbox 242 2082 382 2116; x_wconf 88' lang='lat' dir='ltr'>maniae</span> <span class='ocrx_word' id='word_1_335' title='bbox 408 2083 442 2116; x_wconf 90' lang='lat' dir='ltr'>in</span> <span class='ocrx_word' id='word_1_336' title='bbox 470 2083 558 2117; x_wconf 87' lang='lat' dir='ltr'>duas</span> <span class='ocrx_word' id='word_1_337' title='bbox 585 2083 816 2125; x_wconf 86' lang='lat' dir='ltr'>divideretur,</span> <span class='ocrx_word' id='word_1_338' title='bbox 843 2085 1083 2129; x_wconf 89' lang='lat' dir='ltr'>proposuisse,</span> <span class='ocrx_word' id='word_1_339' title='bbox 1111 2097 1156 2118; x_wconf 81' lang='lat' dir='ltr'>ex</span> <span class='ocrx_word' id='word_1_340' title='bbox 1183 2097 1224 2119; x_wconf 90' lang='lat' dir='ltr'>eo</span> <span class='ocrx_word' id='word_1_341' title='bbox 1251 2086 1488 2128; x_wconf 84' lang='lat' dir='ltr'>cognoscitur,</span> <span class='ocrx_word' id='word_1_342' title='bbox 1515 2085 1607 2130; x_wconf 82' lang='lat' dir='ltr'>quod</span> <span class='ocrx_word' id='word_1_343' title='bbox 1635 2085 1727 2120; x_wconf 89' lang='lat' dir='ltr'>idem</span> <span class='ocrx_word' id='word_1_344' title='bbox 1754 2085 1860 2130; x_wconf 92' lang='lat' dir='ltr'>paulo</span> <span class='ocrx_word' id='word_1_345' title='bbox 1886 2085 1967 2129; x_wconf 87' lang='lat' dir='ltr'>post</span> <span class='ocrx_word' id='word_1_346' title='bbox 1985 2095 2005 2118; x_wconf 92' lang='lat' dir='ltr'>a</span> 
     </span>
     <span class='ocr_line' id='line_1_33' title="bbox 242 2134 2004 2184; baseline 0.001 -15"><span class='ocrx_word' id='word_1_347' title='bbox 242 2134 280 2169; x_wconf 87' lang='grc' dir='ltr'>Ρ.</span> <span class='ocrx_word' id='word_1_348' title='bbox 300 2135 483 2180; x_wconf 90' lang='lat' dir='ltr'>Alphonso</span> <span class='ocrx_word' id='word_1_349' title='bbox 502 2136 642 2178; x_wconf 90' lang='lat' dir='ltr'>Pisano,</span> <span class='ocrx_word' id='word_1_350' title='bbox 669 2137 870 2182; x_wconf 85' lang='lat' dir='ltr'>professore</span> <span class='ocrx_word' id='word_1_351' title='bbox 897 2138 1170 2181; x_wconf 82' lang='lat' dir='ltr'>ingolstadiensi</span> <span class='ocrx_word' id='word_1_352' title='bbox 1197 2141 1232 2173; x_wconf 92' lang='lat' dir='ltr'>et</span> <span class='ocrx_word' id='word_1_353' title='bbox 1254 2139 1459 2184; x_wconf 89' lang='lat' dir='ltr'>provinciae</span> <span class='ocrx_word' id='word_1_354' title='bbox 1479 2139 1692 2181; x_wconf 87' lang='lat' dir='ltr'>consultore,</span> <span class='ocrx_word' id='word_1_355' title='bbox 1719 2138 2004 2173; x_wconf 87' lang='lat' dir='ltr'>commendatum</span> 
     </span>
     <span class='ocr_line' id='line_1_34' title="bbox 241 2189 2003 2235; baseline 0.002 -13"><span class='ocrx_word' id='word_1_356' title='bbox 241 2191 277 2222; x_wconf 90' lang='lat' dir='ltr'>et</span> <span class='ocrx_word' id='word_1_357' title='bbox 302 2200 332 2223; x_wconf 93' lang='lat' dir='ltr'>a.</span> <span class='ocrx_word' id='word_1_358' title='bbox 363 2189 452 2223; x_wconf 82' lang='lat'>1563</span> <span class='ocrx_word' id='word_1_359' title='bbox 488 2201 508 2223; x_wconf 92' lang='lat' dir='ltr'>a</span> <span class='ocrx_word' id='word_1_360' title='bbox 543 2189 582 2224; x_wconf 89' lang='lat' dir='ltr'>P.</span> <span class='ocrx_word' id='word_1_361' title='bbox 610 2190 827 2235; x_wconf 83' lang='lat' dir='ltr'>Hieronymo</span> <span class='ocrx_word' id='word_1_362' title='bbox 853 2190 1002 2233; x_wconf 86' lang='lat' dir='ltr'>Natale‚</span> <span class='ocrx_word' id='word_1_363' title='bbox 1039 2191 1230 2226; x_wconf 82' lang='lat' dir='ltr'>Societatis</span> <span class='ocrx_word' id='word_1_364' title='bbox 1266 2192 1473 2234; x_wconf 85' lang='lat' dir='ltr'>visitatore,</span> <span class='ocrx_word' id='word_1_365' title='bbox 1510 2193 1673 2227; x_wconf 88' lang='lat' dir='ltr'>effectum</span> <span class='ocrx_word' id='word_1_366' title='bbox 1711 2195 1767 2226; x_wconf 90' lang='lat' dir='ltr'>est</span> <span class='ocrx_word' id='word_1_367' title='bbox 1804 2192 1864 2235; x_wconf 86' lang='lat' dir='ltr'>(cf.</span> <span class='ocrx_word' id='word_1_368' title='bbox 1900 2191 2003 2232; x_wconf 86' lang='lat' dir='ltr'>infra,</span> 
     </span>
     <span class='ocr_line' id='line_1_35' title="bbox 241 2243 520 2286; baseline 0.007 -11"><span class='ocrx_word' id='word_1_369' title='bbox 241 2254 394 2276; x_wconf 88' lang='lat' dir='ltr'>monum.</span> <span class='ocrx_word' id='word_1_370' title='bbox 423 2243 520 2286; x_wconf 81' lang='lat'>383).</span> 
     </span>
    </p>

    <p class='ocr_par' dir='ltr' id='par_1_4' title="bbox 240 2296 2004 2663">
     <span class='ocr_line' id='line_1_36' title="bbox 359 2296 2004 2343; baseline 0.002 -14"><span class='ocrx_word' id='word_1_371' title='bbox 359 2296 409 2330; x_wconf 87' lang='lat' dir='ltr'>At</span> <span class='ocrx_word' id='word_1_372' title='bbox 435 2307 561 2340; x_wconf 90' lang='lat' dir='ltr'>parum</span> <span class='ocrx_word' id='word_1_373' title='bbox 587 2299 684 2330; x_wconf 89' lang='lat' dir='ltr'>recte</span> <span class='ocrx_word' id='word_1_374' title='bbox 704 2297 868 2332; x_wconf 87' lang='lat' dir='ltr'>Canisius</span> <span class='ocrx_word' id='word_1_375' title='bbox 895 2309 916 2331; x_wconf 90' lang='lat' dir='ltr'>a</span> <span class='ocrx_word' id='word_1_376' title='bbox 932 2297 1094 2332; x_wconf 85' lang='lat' dir='ltr'>Victoria</span> <span class='ocrx_word' id='word_1_377' title='bbox 1120 2298 1314 2340; x_wconf 87' lang='lat' dir='ltr'>incusatur,</span> <span class='ocrx_word' id='word_1_378' title='bbox 1342 2299 1435 2343; x_wconf 86' lang='lat' dir='ltr'>quod</span> <span class='ocrx_word' id='word_1_379' title='bbox 1461 2299 1505 2333; x_wconf 85' lang='lat' dir='ltr'>ad</span> <span class='ocrx_word' id='word_1_380' title='bbox 1531 2310 1713 2333; x_wconf 85' lang='lat' dir='ltr'>sermones</span> <span class='ocrx_word' id='word_1_381' title='bbox 1739 2310 1861 2333; x_wconf 88' lang='lat' dir='ltr'>sacros</span> <span class='ocrx_word' id='word_1_382' title='bbox 1892 2297 2004 2341; x_wconf 83' lang='lat' dir='ltr'>„male</span> 
     </span>
     <span class='ocr_line' id='line_1_37' title="bbox 241 2350 2003 2396; baseline 0.002 -13"><span class='ocrx_word' id='word_1_383' title='bbox 241 2360 279 2383; x_wconf 89' lang='lat' dir='ltr'>se</span> <span class='ocrx_word' id='word_1_384' title='bbox 306 2350 537 2394; x_wconf 85' lang='lat' dir='ltr'>praeparet“;</span> <span class='ocrx_word' id='word_1_385' title='bbox 573 2361 618 2384; x_wconf 85' lang='lat' dir='ltr'>ex</span> <span class='ocrx_word' id='word_1_386' title='bbox 644 2350 731 2395; x_wconf 89' lang='lat' dir='ltr'>ipsis</span> <span class='ocrx_word' id='word_1_387' title='bbox 758 2351 871 2393; x_wconf 90' lang='lat' dir='ltr'>enim,</span> <span class='ocrx_word' id='word_1_388' title='bbox 908 2351 967 2395; x_wconf 89' lang='lat' dir='ltr'>qui</span> <span class='ocrx_word' id='word_1_389' title='bbox 994 2351 1110 2385; x_wconf 90' lang='lat' dir='ltr'>adhuc</span> <span class='ocrx_word' id='word_1_390' title='bbox 1136 2354 1300 2393; x_wconf 83' lang='lat' dir='ltr'>exstant,</span> <span class='ocrx_word' id='word_1_391' title='bbox 1337 2352 1517 2386; x_wconf 88' lang='lat' dir='ltr'>codicibus</span> <span class='ocrx_word' id='word_1_392' title='bbox 1543 2353 1747 2386; x_wconf 89' lang='lat' dir='ltr'>contionum</span> <span class='ocrx_word' id='word_1_393' title='bbox 1782 2352 1858 2386; x_wconf 90' lang='lat' dir='ltr'>eius</span> <span class='ocrx_word' id='word_1_394' title='bbox 1893 2353 2003 2396; x_wconf 82' lang='lat' dir='ltr'>patet,</span> 
     </span>
     <span class='ocr_line' id='line_1_38' title="bbox 242 2402 2003 2450; baseline 0.001 -14"><span class='ocrx_word' id='word_1_395' title='bbox 242 2414 322 2436; x_wconf 91' lang='lat' dir='ltr'>eum</span> <span class='ocrx_word' id='word_1_396' title='bbox 349 2402 531 2437; x_wconf 89' lang='lat' dir='ltr'>contiones</span> <span class='ocrx_word' id='word_1_397' title='bbox 556 2403 686 2447; x_wconf 90' lang='lat' dir='ltr'>partim</span> <span class='ocrx_word' id='word_1_398' title='bbox 715 2404 857 2448; x_wconf 91' lang='lat' dir='ltr'>quidem</span> <span class='ocrx_word' id='word_1_399' title='bbox 886 2405 1062 2445; x_wconf 90' lang='lat' dir='ltr'>dictasse,</span> <span class='ocrx_word' id='word_1_400' title='bbox 1098 2405 1230 2450; x_wconf 89' lang='lat' dir='ltr'>partim</span> <span class='ocrx_word' id='word_1_401' title='bbox 1256 2407 1376 2439; x_wconf 87' lang='lat' dir='ltr'>autem</span> <span class='ocrx_word' id='word_1_402' title='bbox 1407 2417 1473 2440; x_wconf 92' lang='lat' dir='ltr'>sua</span> <span class='ocrx_word' id='word_1_403' title='bbox 1507 2417 1614 2439; x_wconf 90' lang='lat' dir='ltr'>manu</span> <span class='ocrx_word' id='word_1_404' title='bbox 1649 2406 1856 2450; x_wconf 85' lang='lat' dir='ltr'>scripsisse,</span> <span class='ocrx_word' id='word_1_405' title='bbox 1895 2407 2003 2448; x_wconf 87' lang='lat' dir='ltr'>atque</span> 
     </span>
     <span class='ocr_line' id='line_1_39' title="bbox 242 2456 2001 2502; baseline 0.002 -13"><span class='ocrx_word' id='word_1_406' title='bbox 242 2456 349 2489; x_wconf 88' lang='lat' dir='ltr'>etiam</span> <span class='ocrx_word' id='word_1_407' title='bbox 376 2456 510 2490; x_wconf 85' lang='lat' dir='ltr'>dictata</span> <span class='ocrx_word' id='word_1_408' title='bbox 537 2456 728 2500; x_wconf 85' lang='lat' dir='ltr'>diligenter</span> <span class='ocrx_word' id='word_1_409' title='bbox 754 2457 1006 2501; x_wconf 83' lang='lat' dir='ltr'>recognovisse</span> <span class='ocrx_word' id='word_1_410' title='bbox 1032 2469 1168 2502; x_wconf 88' lang='lat' dir='ltr'>suaque</span> <span class='ocrx_word' id='word_1_411' title='bbox 1193 2470 1301 2492; x_wconf 84' lang='lat' dir='ltr'>inanu</span> <span class='ocrx_word' id='word_1_412' title='bbox 1328 2459 1527 2493; x_wconf 81' lang='lat' dir='ltr'>correxisse</span> <span class='ocrx_word' id='word_1_413' title='bbox 1554 2461 1589 2493; x_wconf 87' lang='lat' dir='ltr'>et</span> <span class='ocrx_word' id='word_1_414' title='bbox 1615 2459 1779 2499; x_wconf 82' lang='lat' dir='ltr'>auxisse;</span> <span class='ocrx_word' id='word_1_415' title='bbox 1806 2458 1888 2493; x_wconf 86' lang='lat' dir='ltr'>vide</span> <span class='ocrx_word' id='word_1_416' title='bbox 1915 2460 2001 2492; x_wconf 81' lang='lat' dir='ltr'>Can.</span> 
     </span>
     <span class='ocr_line' id='line_1_40' title="bbox 242 2508 2002 2556; baseline 0.002 -14"><span class='ocrx_word' id='word_1_417' title='bbox 242 2508 330 2553; x_wconf 87' lang='lat' dir='ltr'>Epp.</span> <span class='ocrx_word' id='word_1_418' title='bbox 358 2509 409 2550; x_wconf 91' lang='grc' dir='ltr'>ΙΙ,</span> <span class='ocrx_word' id='word_1_419' title='bbox 444 2509 630 2544; x_wconf 75' lang='lat'>844—845</span> <span class='ocrx_word' id='word_1_420' title='bbox 668 2512 703 2544; x_wconf 90' lang='lat' dir='ltr'>et</span> <span class='ocrx_word' id='word_1_421' title='bbox 737 2522 845 2555; x_wconf 90' lang='lat' dir='ltr'>supra</span> <span class='ocrx_word' id='word_1_422' title='bbox 880 2523 914 2556; x_wconf 89' lang='lat' dir='ltr'>p.</span> <span class='ocrx_word' id='word_1_423' title='bbox 942 2512 1140 2546; x_wconf 82' lang='lat'>615—651.</span> <span class='ocrx_word' id='word_1_424' title='bbox 1190 2514 1310 2556; x_wconf 88' lang='lat' dir='ltr'>Atque</span> <span class='ocrx_word' id='word_1_425' title='bbox 1345 2524 1391 2547; x_wconf 93' lang='lat' dir='ltr'>m.</span> <span class='ocrx_word' id='word_1_426' title='bbox 1418 2511 1605 2546; x_wconf 89' lang='lat' dir='ltr'>Decembri</span> <span class='ocrx_word' id='word_1_427' title='bbox 1640 2524 1670 2546; x_wconf 90' lang='lat' dir='ltr'>a.</span> <span class='ocrx_word' id='word_1_428' title='bbox 1700 2513 1787 2546; x_wconf 81' lang='lat'>1561</span> <span class='ocrx_word' id='word_1_429' title='bbox 1825 2512 1865 2546; x_wconf 92' lang='lat' dir='ltr'>P.</span> <span class='ocrx_word' id='word_1_430' title='bbox 1897 2512 2002 2546; x_wconf 79' lang='lat' dir='ltr'>Theo-</span> 
     </span>
     <span class='ocr_line' id='line_1_41' title="bbox 241 2563 2001 2609; baseline 0.003 -14"><span class='ocrx_word' id='word_1_431' title='bbox 241 2563 385 2596; x_wconf 72' lang='lat' dir='ltr'>dore‘cns</span> <span class='ocrx_word' id='word_1_432' title='bbox 414 2564 580 2597; x_wconf 61' lang='lat' dir='ltr'>&amp;misius</span> <span class='ocrx_word' id='word_1_433' title='bbox 606 2566 763 2598; x_wconf 86' lang='lat' dir='ltr'>testatus</span> <span class='ocrx_word' id='word_1_434' title='bbox 790 2567 863 2606; x_wconf 87' lang='lat' dir='ltr'>est,</span> <span class='ocrx_word' id='word_1_435' title='bbox 899 2576 998 2606; x_wconf 90' lang='lat' dir='ltr'>eum,</span> <span class='ocrx_word' id='word_1_436' title='bbox 1032 2565 1314 2609; x_wconf 84' lang='lat' dir='ltr'>quotiescunque</span> <span class='ocrx_word' id='word_1_437' title='bbox 1340 2565 1372 2599; x_wconf 90' lang='lat' dir='ltr'>ei</span> <span class='ocrx_word' id='word_1_438' title='bbox 1398 2566 1674 2600; x_wconf 90' lang='lat' dir='ltr'>contionandum</span> <span class='ocrx_word' id='word_1_439' title='bbox 1701 2567 1815 2607; x_wconf 88' lang='lat' dir='ltr'>esset,</span> <span class='ocrx_word' id='word_1_440' title='bbox 1855 2565 2001 2608; x_wconf 86' lang='lat' dir='ltr'>„bonam</span> 
     </span>
     <span class='ocr_line' id='line_1_42' title="bbox 240 2616 1432 2663; baseline 0.004 -14"><span class='ocrx_word' id='word_1_441' title='bbox 240 2616 356 2650; x_wconf 89' lang='lat' dir='ltr'>noctis</span> <span class='ocrx_word' id='word_1_442' title='bbox 380 2618 519 2660; x_wconf 82' lang='lat' dir='ltr'>partein</span> <span class='ocrx_word' id='word_1_443' title='bbox 545 2617 733 2651; x_wconf 88' lang='lat' dir='ltr'>traducere</span> <span class='ocrx_word' id='word_1_444' title='bbox 758 2617 976 2651; x_wconf 80' lang='lat' dir='ltr'>insomnem“</span> <span class='ocrx_word' id='word_1_445' title='bbox 1016 2618 1113 2660; x_wconf 89' lang='lat' dir='ltr'>(vide</span> <span class='ocrx_word' id='word_1_446' title='bbox 1139 2630 1248 2663; x_wconf 90' lang='lat' dir='ltr'>supra</span> <span class='ocrx_word' id='word_1_447' title='bbox 1273 2631 1307 2663; x_wconf 89' lang='lat' dir='ltr'>p.</span> <span class='ocrx_word' id='word_1_448' title='bbox 1335 2619 1432 2662; x_wconf 84' lang='lat'>600).</span> 
     </span>
    </p>

    <p class='ocr_par' dir='ltr' id='par_1_5' title="bbox 240 2670 2001 2824">
     <span class='ocr_line' id='line_1_43' title="bbox 359 2670 2001 2718; baseline 0.001 -15"><span class='ocrx_word' id='word_1_449' title='bbox 359 2670 478 2713; x_wconf 87' lang='lat' dir='ltr'>Atque</span> <span class='ocrx_word' id='word_1_450' title='bbox 502 2670 589 2704; x_wconf 89' lang='lat' dir='ltr'>licet</span> <span class='ocrx_word' id='word_1_451' title='bbox 612 2670 649 2703; x_wconf 91' lang='lat' dir='ltr'>in</span> <span class='ocrx_word' id='word_1_452' title='bbox 675 2670 856 2705; x_wconf 90' lang='lat' dir='ltr'>codicibus</span> <span class='ocrx_word' id='word_1_453' title='bbox 881 2671 954 2705; x_wconf 86' lang='lat' dir='ltr'>illis</span> <span class='ocrx_word' id='word_1_454' title='bbox 980 2671 1163 2705; x_wconf 91' lang='lat' dir='ltr'>contiones</span> <span class='ocrx_word' id='word_1_455' title='bbox 1189 2672 1388 2717; x_wconf 88' lang='lat' dir='ltr'>complures</span> <span class='ocrx_word' id='word_1_456' title='bbox 1414 2672 1510 2706; x_wconf 88' lang='lat' dir='ltr'>haud</span> <span class='ocrx_word' id='word_1_457' title='bbox 1536 2672 1586 2706; x_wconf 87' lang='lat' dir='ltr'>ita</span> <span class='ocrx_word' id='word_1_458' title='bbox 1612 2672 1790 2718; x_wconf 84' lang='lat' dir='ltr'>expolitae</span> <span class='ocrx_word' id='word_1_459' title='bbox 1816 2672 1874 2706; x_wconf 91' lang='lat' dir='ltr'>vel</span> <span class='ocrx_word' id='word_1_460' title='bbox 1894 2672 2001 2707; x_wconf 88' lang='lat' dir='ltr'>etiam</span> 
     </span>
     <span class='ocr_line' id='line_1_44' title="bbox 240 2724 2001 2772; baseline 0.002 -16"><span class='ocrx_word' id='word_1_461' title='bbox 240 2724 298 2756; x_wconf 89' lang='lat' dir='ltr'>sat</span> <span class='ocrx_word' id='word_1_462' title='bbox 322 2734 470 2756; x_wconf 86' lang='lat' dir='ltr'>mancae</span> <span class='ocrx_word' id='word_1_463' title='bbox 496 2725 743 2768; x_wconf 88' lang='lat' dir='ltr'>compareant,</span> <span class='ocrx_word' id='word_1_464' title='bbox 779 2736 824 2758; x_wconf 81' lang='lat' dir='ltr'>ex</span> <span class='ocrx_word' id='word_1_465' title='bbox 850 2726 1026 2767; x_wconf 82' lang='lat' dir='ltr'>suggestu</span> <span class='ocrx_word' id='word_1_466' title='bbox 1051 2727 1170 2759; x_wconf 88' lang='lat' dir='ltr'>tamen</span> <span class='ocrx_word' id='word_1_467' title='bbox 1197 2725 1379 2760; x_wconf 84' lang='lat' dir='ltr'>Canisium</span> <span class='ocrx_word' id='word_1_468' title='bbox 1405 2726 1513 2767; x_wconf 89' lang='lat' dir='ltr'>bene,</span> <span class='ocrx_word' id='word_1_469' title='bbox 1551 2725 1658 2760; x_wconf 91' lang='lat' dir='ltr'>immo</span> <span class='ocrx_word' id='word_1_470' title='bbox 1685 2726 1792 2760; x_wconf 88' lang='lat' dir='ltr'>etiam</span> <span class='ocrx_word' id='word_1_471' title='bbox 1818 2725 2001 2772; x_wconf 85' lang='lat' dir='ltr'>praeclare</span> 
     </span>
     <span class='ocr_line' id='line_1_45' title="bbox 241 2776 2000 2824; baseline 0.002 -15"><span class='ocrx_word' id='word_1_472' title='bbox 241 2776 357 2810; x_wconf 85' lang='lat' dir='ltr'>dicere</span> <span class='ocrx_word' id='word_1_473' title='bbox 383 2776 527 2810; x_wconf 88' lang='lat' dir='ltr'>solitum</span> <span class='ocrx_word' id='word_1_474' title='bbox 554 2788 642 2818; x_wconf 89' lang='lat' dir='ltr'>esse,</span> <span class='ocrx_word' id='word_1_475' title='bbox 670 2788 713 2810; x_wconf 83' lang='lat' dir='ltr'>ex</span> <span class='ocrx_word' id='word_1_476' title='bbox 740 2777 807 2811; x_wconf 88' lang='grc'><strong>1100</strong></span> <span class='ocrx_word' id='word_1_477' title='bbox 832 2777 909 2822; x_wconf 89' lang='lat' dir='ltr'>ipso</span> <span class='ocrx_word' id='word_1_478' title='bbox 937 2777 1217 2812; x_wconf 88' lang='lat' dir='ltr'>concludendum</span> <span class='ocrx_word' id='word_1_479' title='bbox 1245 2781 1310 2820; x_wconf 88' lang='lat' dir='ltr'>est,</span> <span class='ocrx_word' id='word_1_480' title='bbox 1337 2779 1430 2823; x_wconf 89' lang='lat' dir='ltr'>quod</span> <span class='ocrx_word' id='word_1_481' title='bbox 1449 2779 1630 2814; x_wconf 88' lang='lat' dir='ltr'>auditores</span> <span class='ocrx_word' id='word_1_482' title='bbox 1648 2779 1680 2813; x_wconf 89' lang='lat' dir='ltr'>ei</span> <span class='ocrx_word' id='word_1_483' title='bbox 1698 2779 1870 2824; x_wconf 90' lang='lat' dir='ltr'>plurimos</span> <span class='ocrx_word' id='word_1_484' title='bbox 1888 2779 2000 2813; x_wconf 85' lang='lat' dir='ltr'>fuisse</span> 
     </span>
    </p>
   </div>
   <div class='ocr_carea' id='block_1_4' title="bbox 241 2828 2000 2929">
    <p class='ocr_par' dir='ltr' id='par_1_6' title="bbox 241 2828 2000 2929">
     <span class='ocr_line' id='line_1_46' title="bbox 241 2828 2000 2873; baseline 0.003 -11"><span class='ocrx_word' id='word_1_485' title='bbox 241 2828 438 2873; x_wconf 89' lang='lat' dir='ltr'>horumque</span> <span class='ocrx_word' id='word_1_486' title='bbox 463 2829 601 2864; x_wconf 90' lang='lat' dir='ltr'>animos</span> <span class='ocrx_word' id='word_1_487' title='bbox 626 2829 858 2864; x_wconf 90' lang='lat' dir='ltr'>vehementer</span> <span class='ocrx_word' id='word_1_488' title='bbox 884 2833 1079 2865; x_wconf 87' lang='lat' dir='ltr'>commotos</span> <span class='ocrx_word' id='word_1_489' title='bbox 1106 2843 1184 2865; x_wconf 91' lang='lat' dir='ltr'>esse</span> <span class='ocrx_word' id='word_1_490' title='bbox 1212 2834 1247 2866; x_wconf 90' lang='lat' dir='ltr'>et</span> <span class='ocrx_word' id='word_1_491' title='bbox 1281 2832 1476 2866; x_wconf 86' lang='lat' dir='ltr'>amicorum</span> <span class='ocrx_word' id='word_1_492' title='bbox 1511 2834 1547 2866; x_wconf 90' lang='lat' dir='ltr'>et</span> <span class='ocrx_word' id='word_1_493' title='bbox 1581 2833 1866 2867; x_wconf 89' lang='lat' dir='ltr'>adversariorum</span> <span class='ocrx_word' id='word_1_494' title='bbox 1901 2832 2000 2867; x_wconf 76' lang='lat' dir='ltr'>testi—</span> 
     </span>
     <span class='ocr_line' id='line_1_47' title="bbox 241 2882 2000 2929; baseline 0.004 -15"><span class='ocrx_word' id='word_1_495' title='bbox 241 2882 367 2916; x_wconf 90' lang='lat' dir='ltr'>moniis</span> <span class='ocrx_word' id='word_1_496' title='bbox 402 2882 603 2916; x_wconf 89' lang='lat' dir='ltr'>confirmari</span> <span class='ocrx_word' id='word_1_497' title='bbox 637 2883 820 2925; x_wconf 82' lang='lat' dir='ltr'>videmus;</span> <span class='ocrx_word' id='word_1_498' title='bbox 856 2883 938 2918; x_wconf 92' lang='lat' dir='ltr'>vide</span> <span class='ocrx_word' id='word_1_499' title='bbox 967 2885 1054 2918; x_wconf 80' lang='lat' dir='ltr'>Can.</span> <span class='ocrx_word' id='word_1_500' title='bbox 1081 2884 1170 2929; x_wconf 88' lang='lat' dir='ltr'>Epp.</span> <span class='ocrx_word' id='word_1_501' title='bbox 1198 2885 1248 2927; x_wconf 87' lang='grc' dir='ltr'>ΙΙ,</span> <span class='ocrx_word' id='word_1_502' title='bbox 1284 2885 1482 2920; x_wconf 80' lang='lat'>856—857.</span> <span class='ocrx_word' id='word_1_503' title='bbox 1509 2886 1588 2920; x_wconf 78' lang='lat'>859.</span> <span class='ocrx_word' id='word_1_504' title='bbox 1615 2886 1695 2921; x_wconf 80' lang='lat'>862.</span> <span class='ocrx_word' id='word_1_505' title='bbox 1722 2886 1928 2928; x_wconf 81' lang='lat'>863—865,</span> <span class='ocrx_word' id='word_1_506' title='bbox 1964 2888 2000 2920; x_wconf 89' lang='lat' dir='ltr'>et</span> 
     </span>
    </p>
   </div>
   <div class='ocr_carea' id='block_1_5' title="bbox 247 2963 446 2968">
    <p class='ocr_par' dir='ltr' id='par_1_7' title="bbox 247 2963 446 2968">
     <span class='ocr_line' id='line_1_48' title="bbox 247 2963 446 2968; baseline 0 0"><span class='ocrx_word' id='word_1_507' title='bbox 247 2963 446 2968; x_wconf 95' lang='lat' dir='ltr'> </span> 
     </span>
    </p>
   </div>
   <div class='ocr_carea' id='block_1_6' title="bbox 449 2965 655 2969">
    <p class='ocr_par' dir='ltr' id='par_1_8' title="bbox 449 2965 655 2969">
     <span class='ocr_line' id='line_1_49' title="bbox 449 2965 655 2969; baseline 0 0"><span class='ocrx_word' id='word_1_508' title='bbox 449 2965 655 2969; x_wconf 95' lang='lat' dir='ltr'> </span> 
     </span>
    </p>
   </div>
   <div class='ocr_carea' id='block_1_7' title="bbox 241 3008 1997 3210">
    <p class='ocr_par' dir='ltr' id='par_1_9' title="bbox 241 3008 1997 3110">
     <span class='ocr_line' id='line_1_50' title="bbox 362 3008 1997 3056; baseline 0.002 -14"><span class='ocrx_word' id='word_1_509' title='bbox 362 3009 371 3028; x_wconf 88' lang='lat'>¹</span> <span class='ocrx_word' id='word_1_510' title='bbox 398 3008 576 3050; x_wconf 87' lang='lat' dir='ltr'>Victoria,</span> <span class='ocrx_word' id='word_1_511' title='bbox 612 3012 754 3054; x_wconf 87' lang='lat' dir='ltr'>praeter</span> <span class='ocrx_word' id='word_1_512' title='bbox 780 3010 867 3052; x_wconf 90' lang='lat' dir='ltr'>alia,</span> <span class='ocrx_word' id='word_1_513' title='bbox 904 3011 1234 3056; x_wconf 87' lang='lat' dir='ltr'>archiepiscopatus</span> <span class='ocrx_word' id='word_1_514' title='bbox 1258 3012 1447 3056; x_wconf 73' lang='lat' dir='ltr'>pragensis</span> <span class='ocrx_word' id='word_1_515' title='bbox 1472 3011 1768 3046; x_wconf 87' lang='lat' dir='ltr'>instaurationem</span> <span class='ocrx_word' id='word_1_516' title='bbox 1794 3011 1997 3055; x_wconf 86' lang='lat' dir='ltr'>significare</span> 
     </span>
     <span class='ocr_line' id='line_1_51' title="bbox 241 3061 1614 3110; baseline 0.004 -17"><span class='ocrx_word' id='word_1_517' title='bbox 241 3061 402 3102; x_wconf 88' lang='lat' dir='ltr'>videtur;</span> <span class='ocrx_word' id='word_1_518' title='bbox 430 3062 472 3095; x_wconf 89' lang='lat' dir='ltr'>de</span> <span class='ocrx_word' id='word_1_519' title='bbox 498 3074 568 3106; x_wconf 89' lang='lat' dir='ltr'>qua</span> <span class='ocrx_word' id='word_1_520' title='bbox 594 3063 686 3104; x_wconf 83' lang='lat' dir='ltr'>vide,</span> <span class='ocrx_word' id='word_1_521' title='bbox 714 3075 805 3107; x_wconf 87' lang='lat' dir='ltr'>quae</span> <span class='ocrx_word' id='word_1_522' title='bbox 831 3064 897 3098; x_wconf 84' lang='lat' dir='ltr'>sub</span> <span class='ocrx_word' id='word_1_523' title='bbox 923 3064 1039 3109; x_wconf 88' lang='lat' dir='ltr'>ipsam</span> <span class='ocrx_word' id='word_1_524' title='bbox 1065 3065 1157 3099; x_wconf 88' lang='lat' dir='ltr'>hanc</span> <span class='ocrx_word' id='word_1_525' title='bbox 1184 3065 1373 3110; x_wconf 86' lang='lat' dir='ltr'>epistulam</span> <span class='ocrx_word' id='word_1_526' title='bbox 1399 3065 1614 3099; x_wconf 83' lang='lat' dir='ltr'>scribuntur.</span> 
     </span>
    </p>

    <p class='ocr_par' dir='ltr' id='par_1_10' title="bbox 241 3114 1997 3210">
     <span class='ocr_line' id='line_1_52' title="bbox 360 3114 1997 3162; baseline 0.003 -15"><span class='ocrx_word' id='word_1_527' title='bbox 360 3114 372 3133; x_wconf 82' lang='lat'>2</span> <span class='ocrx_word' id='word_1_528' title='bbox 399 3114 602 3158; x_wconf 82' lang='lat' dir='ltr'>Sequuntur</span> <span class='ocrx_word' id='word_1_529' title='bbox 636 3115 827 3150; x_wconf 88' lang='lat' dir='ltr'>relationes</span> <span class='ocrx_word' id='word_1_530' title='bbox 863 3117 1039 3160; x_wconf 85' lang='lat' dir='ltr'>quaedam</span> <span class='ocrx_word' id='word_1_531' title='bbox 1073 3117 1220 3152; x_wconf 89' lang='lat' dir='ltr'>minoris</span> <span class='ocrx_word' id='word_1_532' title='bbox 1257 3118 1446 3159; x_wconf 84' lang='lat' dir='ltr'>momenti,</span> <span class='ocrx_word' id='word_1_533' title='bbox 1490 3129 1580 3162; x_wconf 88' lang='lat' dir='ltr'>quae</span> <span class='ocrx_word' id='word_1_534' title='bbox 1616 3117 1659 3152; x_wconf 88' lang='lat' dir='ltr'>ad</span> <span class='ocrx_word' id='word_1_535' title='bbox 1694 3117 1786 3152; x_wconf 85' lang='lat' dir='ltr'>hanc</span> <span class='ocrx_word' id='word_1_536' title='bbox 1818 3129 1892 3152; x_wconf 89' lang='lat' dir='ltr'>rem</span> <span class='ocrx_word' id='word_1_537' title='bbox 1927 3129 1997 3152; x_wconf 88' lang='lat' dir='ltr'>non</span> 
     </span>
     <span class='ocr_line' id='line_1_53' title="bbox 241 3166 431 3210; baseline 0.005 -11"><span class='ocrx_word' id='word_1_538' title='bbox 241 3166 431 3210; x_wconf 85' lang='lat' dir='ltr'>pertinent.</span> 
     </span>
    </p>
   </div>
  </div>
 </body>
</html>
