2093 3444
508 171 666 206 Monuni.
695 172 920 217 (tridentina)
950 174 1028 209 367.
1059 174 1130 219 (15.
1157 175 1250 209 Iunii
1279 176 1396 219 1562.)
1751 180 1833 220 747

71 286 154 337 ait,
197 289 299 328 sunt
340 292 414 327 05·”ι
448 284 507 340 [P]
551 290 594 329 et
635 289 884 330 stomachus
926 290 1188 338 ecclesiae1;
1232 294 1275 333 et
1317 291 1636 344 Augustinusb,
1681 307 1745 347 ep.
1781 295 1834 336 23

72 353 116 393 et
150 385 157 394 .
184 385 191 393 .
218 356 271 401 .⁰,
315 350 386 403 qui
420 352 617 405 exemplo
650 353 904 396 nutrimenti
935 354 978 395 in
1011 358 1157 406 utero,
1194 355 1254 397 510
1286 357 1491 409 parvulos
1523 357 1709 399 nutriri⁶
1742 358 1835 400 cibo

71 414 278 457 ecclesiae
310 414 578 469 spirituali2:
621 417 678 459 Et
711 418 893 460 ecclesia
934 434 1010 473 pro
1052 420 1227 462 loco-et
1268 424 1463 474 tempore
1495 424 1693 464 veteres⁰
1734 437 1836 464 0011-

71 480 320 522 suetudines
367 483 536 522 mutare
583 484 750 534 potest,
804 486 1036 537 propterea
1088 499 1172 526 non
1226 488 1293 528 est
1344 488 1515 527 tantum
1567 486 1835 529 innitendum

71 545 275 597 antiquae
309 545 620 595 consuetudini,
656 561 750 588 cum
784 561 835 589 ea
856 551 1026 591 mutata
1059 552 1126 591 est
1157 550 1210 591 ab
1234 550 1430 601 ecclesia,
1465 553 1513 593 ut
1544 552 1681 593 multa
1703 552 1834 594 etiam

70 609 112 651 in
146 609 241 651 aliis
273 609 473 652 mutavit.
517 609 586 652 Ad
609 611 640 653 I.
665 615 748 654 art.
780 626 893 666 resp.
928 627 1012 654 non
1045 627 1140 655 esse
1167 628 1222 655 ex
1244 617 1477 669 praecepto
1510 615 1654 657 divino
1687 630 1834 658 omnes

72 674 229 716 Christi
270 675 418 716 fideles
461 678 689 728 utramque
732 677 918 731 speciem
961 692 1151 729 sumere,
1196 693 1291 720 cum
1333 679 1482 721 nullibi
1514 680 1748 731 habeatur;
1792 684 1836 723 et

70 739 196 782 Joan.
229 739 303 782 VI.
338 739 440 782 licet
480 740 683 793 loquatur
716 741 767 783 de
800 742 1081 793 eucharistia,
1124 743 1274 785 nullibi
1316 746 1462 786 tamen
1502 745 1551 787 fit
1588 746 1748 787 mentio
1783 746 1835 787 de

71 804 204 846 calice
237 804 304 846 vel
339 804 393 846 de
433 805 649 857 genimine
681 806 807 857 vitis,
851 811 895 849 et
927 807 969 848 in
1013 808 1121 849 fines
1156 808 1367 862 epilogat,
1411 809 1499 862 qui
1540 811 1835 852 manducat

71 869 209 911 hunc
240 883 454 923 panem,
489 870 698 921 vivet3,
733 886 833 913 nam
864 872 907 913 in
941 886 1120 927 corpore
1152 873 1330 926 sanguis
1362 874 1547 916 sumitur
1578 878 1622 917 et
1654 876 1728 925 ad,
1762 876 1834 917 bi—

71 934 185 976 bite
226 948 290 976 ex
331 934 429 976 1100
471 937 708 986 omnes4,
752 939 817 987 et,
860 938 959 978 1100
1000 938 1176 980 facite
1215 938 1267 979 in
1312 939 1412 980 mei
1455 953 1834 983 commemora-

70 999 275 1042 tionem
288 1000 318 1050 5,
342 1013 453 1054 resp.
478 1000 572 1043 XII.
597 1001 806 1054 apostolis
823 1002 952 1054 loqui,
988 1003 1140 1055 quibus
1162 1003 1375 1057 triplicem
1397 1004 1549 1046 tribuit
1571 1008 1834 1059 potestatem

70 1067 119 1107 ut
152 1065 429 1115 conficerent,
464 1069 685 1108 sumerent
718 1069 762 1108 et
794 1066 888 1108 aliis
923 1067 1250 1119 distribuerent,
1287 1083 1397 1121 quae
1430 1069 1484 1110 ad
1516 1070 1650 1112 laicos
1682 1070 1834 1112 referri

70 1143 156 1171 non
186 1132 381 1183 possunt,
415 1130 491 1171 sed
522 1132 694 1173 tantum
727 1132 781 1173 ad
814 1133 1076 1183 sacerdotes,
1111 1135 1154 1174 et
1187 1133 1240 1174 ad
1263 1134 1357 1176 Cor.
1381 1134 1484 1176 ΧΙ.6
1517 1149 1629 1189 resp.
1654 1136 1833 1177 Paulum

70 1194 234 1236 referre
273 1197 445 1237 tantum
486 1195 711 1238 historiam
753 1196 1038 1239 institutionis
1080 1198 1204 1252 hujus
1246 1199 1528 1250 sacramenti,
1571 1214 1657 1242 non
1689 1203 1832 1243 autem

71 1259 244 1313 aliquod
278 1260 381 1302 dare
412 1264 716 1315 praeceptum;
760 1264 803 1304 et
837 1262 1034 1304 Gelasius
1077 1265 1121 1305 et
1152 1263 1429 1305 Innocentius
1470 1267 1720 1308 statuerunt
1756 1266 1834 1306 sub

71 1327 256 1378 utraque
290 1325 770 1377 communicandumff,
815 1331 858 1370 et
890 1328 976 1369 Leo
1008 1328 1081 1369 idh
1123 1328 1253 1370 etiam
1294 1329 1450 1371 statuit
1487 1333 1664 1383 propter
1695 1330 1835 1372 Mani-

191 1441 204 1455 a
231 1436 313 1478 Εἰς,-
337 1437 397 1469 sed
415 1436 677 1479 Massarellum,
705 1448 781 1469 cnm
802 1438 914 1479 paulo
941 1441 1021 1470 ante
1046 1436 1080 1470 in
1108 1448 1167 1470 ore
1193 1436 1418 1470 sacerdotum
1443 1440 1650 1483 scripsisset,
1677 1439 1734 1472 hic
1754 1451 1835 1482 per-

68 1500 194 1532 peram
219 1489 361 1522 verbum
387 1500 426 1523 os
452 1491 615 1532 repetisse
638 1494 723 1533 puto
749 1491 822 1523 loco
847 1490 942 1523 verbi
968 1501 1028 1523 cor
1038 1503 1051 1532 ;
1079 1491 1153 1523 vide.
1178 1491 1292 1533 infra,
1320 1492 1403 1524 culn.
1430 1493 1462 1524 1.

190 1542 205 1562 ¹³
235 1543 331 1584 Quae
355 1547 563 1586 sequuntur,
602 1554 707 1586 usqne
737 1544 783 1575 (cd
819 1543 879 1586 qui
914 1544 1020 1586 arel„
1053 1555 1072 1576 α
1106 1544 1167 1576 ΤΙι.
1196 1545 1323 1577 omissa
1359 1548 1451 1577 scant.
1502 1545 1584 1578 Post
1610 1544 1836 1589 Augustinus

70 1597 223 1638 fortasse
248 1597 504 1639 supplendum:
529 1595 704 1630 similiter.

194 1656 205 1669 ⁰
231 1650 311 1682 Post
337 1651 374 1682 et
398 1650 482 1682 haec
506 1650 582 1692 fere
606 1650 803 1692 supplenda
829 1660 898 1682 esse.
917 1653 1029 1692 puto:
1054 1648 1113 1683 lib.
1141 1649 1171 1683 2.
1200 1651 1236 1682 et
1260 1650 1292 1682 4.
1320 1650 1363 1683 de
1390 1649 1569 1694 Symbolo.
1609 1652 1695 1684 Vide
1720 1653 1835 1696 infra,

73 1703 157 1735 adn.
185 1705 216 1736 2.
316 1702 331 1722 ‘¹
358 1703 513 1746 Schple:
539 1702 625 1736 dicit
653 1703 720 1736 cel:
746 1701 881 1736 scribit.
979 1708 991 1722 θ
1023 1703 1084 1735 Th.
1113 1703 1238 1736 omittit
1263 1705 1416 1736 veteres.

200 1755 211 1776 f
235 1756 387 1800 Supple:
414 1755 590 1790 Christus.
690 1762 703 1781 g
729 1755 1033 1790 communicantes
1064 1756 1125 1790 le.
1224 1756 1238 1775 ¹¹
1265 1755 1357 1790 idem
1389 1757 1452 1790 Th..

75 1867 211 1911 (Migme
236 1867 258 1901 l.
286 1879 314 1901 c.
342 1866 466 1908 XLIV,
496 1868 592 1910 190).
644 1868 817 1902 Similiter
843 1867 876 1901 S.
905 1868 1147 1911 Augustinum
1183 1867 1381 1912 explicavit
1416 1869 1451 1902 S.
1484 1869 1655 1913 Thomas,
1691 1868 1837 1903 Summa

74 1920 291 1964 Theologica
317 1921 379 1957 Ill.
407 1932 440 1965 q.
469 1922 522 1962 73,
550 1933 580 1955 a.
609 1921 629 1955 3
656 1922 700 1955 ad
729 1922 757 1961 1,
786 1933 818 1965 q.
845 1921 900 1962 80,
927 1933 958 1955 a.
986 1922 1006 1955 9
1033 1921 1076 1955 ad
1103 1921 1134 1955 3.

194 1975 205 1995 ¹
230 1974 271 2008 In
295 1974 416 2019 spurio
442 1974 503 2008 illo
526 1976 657 2018 „Opere
685 1976 882 2018 imperfecto
908 1975 943 2008 in
961 1974 1221 2016 Matthaeum“,
1248 1974 1342 2018 quod
1367 1974 1451 2008 olim
1470 1974 1503 2009 S.
1522 1974 1665 2009 Ioannis
1684 1974 1837 2020 Chryso-

71 2028 178 2061 stomi
204 2039 283 2062 esse
308 2028 521 2072 putabatur,
558 2028 723 2072 quodque
749 2028 858 2062 latine
894 2030 1032 2062 tantum
1069 2027 1337 2068 circumfertur,
1372 2027 1461 2061 haec
1496 2030 1581 2062 sunt
1617 2028 1753 2072 (homil.
1781 2028 1836 2070 38,

71 2092 105 2115 n.
135 2081 214 2124 10):
254 2080 579 2123 „Quemadmodum
605 2081 784 2122 medicus,
821 2081 961 2125 quando
996 2081 1150 2125 primum
1182 2080 1381 2123 ingreditur
1408 2081 1452 2114 ad
1478 2081 1677 2123 infirmum,
1713 2082 1837 2115 statim

73 2134 116 2168 de
141 2134 325 2169 stomacho
352 2134 429 2180 ejus
454 2135 665 2178 interrogat,
693 2137 729 2168 et
755 2146 836 2168 eum
864 2146 1073 2179 componere
1099 2134 1254 2179 primum
1279 2134 1439 2174 festinat,
1466 2134 1549 2178 quia
1575 2135 1606 2168 si
1631 2135 1838 2169 stomachus

72 2199 182 2222 sanus
207 2187 327 2229 fuerit,
352 2190 469 2222 totum
495 2200 624 2233 corpus
650 2188 809 2222 validum
837 2189 918 2221 est.
939 2215 945 2221 .
966 2214 973 2222 .
1000 2187 1051 2222 ita
1077 2187 1107 2221 si
1133 2186 1372 2221 sacerdotium
1399 2186 1579 2231 integrum
1606 2187 1730 2229 fuerit,
1762 2190 1838 2222 tota

73 2241 236 2275 Ecclesia
261 2241 365 2275 floret
392 2269 398 2275 .
427 2269 434 2276 .
462 2269 469 2275 .
507 2241 575 2275 Cor
601 2244 721 2275 autem
748 2243 784 2275 et
809 2241 1017 2275 stomachus
1043 2240 1249 2275 sacerdotes
1274 2240 1527 2283 intelliguntur
1554 2268 1560 2274 .
1589 2268 1595 2274 .
1624 2268 1631 2274 .
1674 2241 1721 2275 Et
1745 2241 1838 2275 510111

73 2306 133 2329 001·
158 2295 357 2339 sapientiae
382 2294 482 2329 locus
509 2297 583 2336 est,
620 2295 672 2328 ita
698 2295 904 2329 sacerdotes
930 2297 1015 2328 sunt
1040 2293 1271 2339 receptacula
1295 2293 1493 2338 sapientiae
1519 2293 1738 2338 spiritualis“
1770 2297 1836 2329 etc.

76 2348 221 2392 (Migme,
248 2348 319 2382 ΡΡ.
348 2347 423 2383 GG.
451 2348 541 2390 LVI,
569 2349 666 2391 339).

193 2402 206 2422 2
231 2404 455 2446 Auyustinus
480 2402 516 2435 in
543 2401 718 2446 epistula,
755 2412 846 2445 quae
873 2403 979 2435 antea
1005 2400 1060 2434 23.
1089 2402 1167 2434 erat
1195 2400 1304 2445 (apud
1331 2400 1515 2434 Maurinos
1542 2402 1578 2434 et
1602 2401 1726 2445 Migne
1752 2401 1838 2445 98),

73 2455 117 2489 ad
144 2455 368 2489 Bonifacium
395 2455 601 2500 episcopum
637 2455 679 2488 de
715 2454 913 2488 infantibus
948 2453 1141 2498 baptizatis
1175 2453 1356 2494 scribens,
1396 2453 1540 2495 „Tota“‚
1574 2454 1710 2498 inquit,
1753 2455 1839 2496 „hoc

74 2519 158 2552 ergo
184 2510 300 2543 mater
317 2508 490 2549 Ecclesia,
517 2520 609 2552 quae
635 2508 670 2541 in
697 2507 833 2542 sanctis
859 2509 924 2549 est,
951 2507 1048 2547 facit,
1076 2506 1159 2550 quia
1185 2509 1262 2540 tota
1288 2518 1420 2546 01111105,
1447 2508 1524 2540 tota
1541 2507 1704 2550 singulos
1721 2508 1835 2553 parit“

77 2561 224 2606 (Miyne,
250 2561 321 2597 ΡΡ.
349 2561 417 2596 LL.
445 2561 619 2603 XXXIII,
647 2561 744 2603 362).
784 2560 904 2604 Atque
930 2560 966 2593 in
991 2560 1073 2594 libri
1099 2559 1178 2594 sive
1203 2560 1379 2594 sermonis
1405 2560 1437 2594 2.
1465 2561 1529 2604 „de
1555 2561 1752 2605 Symbolffi‘,
1779 2562 1840 2605 qui

73 2618 180 2650 antea
214 2615 409 2659 Augustini
444 2626 523 2649 esse
559 2614 791 2651 censebatur,
828 2613 972 2647 exordio
1009 2613 1276 2647 catechumenis
1311 2613 1461 2647 dicitur:
1508 2613 1838 2655 „Sacramentorum

73 2668 249 2703 rationem
277 2696 283 2703 .
312 2695 319 2702 .
348 2696 354 2702 .
383 2668 630 2712 exponendam
656 2667 882 2712 suscepimus
908 2666 1101 2701 Sanctitati
1136 2668 1280 2700 vestrae
1307 2694 1313 2700 .
1342 2693 1349 2701 .
1378 2693 1385 2700 .
1423 2665 1584 2711 Accipite
1617 2667 1740 2711 itaque
1775 2679 1840 2702 vos

74 2721 133 2766 qui
169 2722 239 2756 fide
273 2721 487 2755 desideratis
522 2721 673 2755 verbum
709 2720 793 2761 Dei,
832 2722 1005 2763 tanquam
1041 2721 1303 2764 competentem
1340 2720 1457 2754 cibum
1485 2746 1491 2753 .
1520 2747 1527 2753 .
1556 2747 1563 2754 .
1618 2720 1689 2754 Per
1724 2721 1841 2755 crucis

72 2775 215 2819 signum
249 2774 287 2808 in
320 2777 422 2808 utero
456 2779 604 2809 sanctae
638 2773 766 2807 matris
800 2772 986 2807 Ecclesiae
1017 2772 1092 2818 jam
1128 2773 1291 2818 concepti
1326 2772 1425 2806 estis.
1476 2773 1574 2816 Agat
1598 2773 1721 2817 itaque
1750 2773 1839 2808 haec

73 2830 189 2862 mater
215 2828 384 2871 congruis
410 2827 591 2862 alimentis
617 2827 717 2872 prius
743 2837 892 2871 pascere
919 2837 1008 2870 quos
1034 2828 1164 2870 portat,
1191 2828 1232 2860 nt
1257 2827 1339 2870 post
1356 2827 1500 2870 partum
1518 2826 1674 2860 laetetur
1691 2838 1730 2861 se
1747 2827 1840 2861 tales

74 2881 278 2926 suscepisse
313 2892 402 2924 quos
446 2880 683 2925 spiritualiter
725 2879 892 2914 nutriat.“
954 2878 1126 2913 Similiter
1160 2879 1197 2913 in
1231 2878 1621 2923 pseudoaugustiniano
1655 2879 1716 2914 illo
1751 2880 1840 2915 libro

74 2935 152 2969 sive
178 2945 342 2968 sermone
367 2935 390 2967 4
418 2932 464 2978 (0.
494 2934 525 2974 1,
551 2945 584 2967 n.
615 2934 649 2977 l)
678 2933 722 2967 ad
749 2932 1035 2967 Catechumenos
1064 2932 1210 2976 (Mv'yne,
1237 2932 1307 2966 ΡΡ.
1335 2931 1401 2965 LL.
1422 2931 1495 2973 XL,
1524 2932 1602 2966 637.
1623 2933 1840 2977 659—661).

195 2989 208 3009 3
234 2987 281 3021 Io.
309 2987 340 3028 6,
368 2987 423 3021 59.
523 2988 535 3007 4
562 2986 691 3021 Matth.
719 2986 774 3028 26,
803 2987 858 3020 27.
958 2986 970 3006 ⁵
995 2985 1079 3020 Luc.
1108 2986 1163 3027 22,
1193 2986 1246 3020 19.
1285 2986 1300 3020 l
1331 2984 1410 3019 Cor.
1440 2985 1492 3026 ll,
1520 2985 1575 3020 24.
1603 2986 1658 3020 25.

195 3041 207 3061 ⁶
234 3039 287 3074 Cf.
317 3041 332 3074 1
362 3039 440 3074 Cor.
471 3040 523 3081 11,
551 3040 702 3074 23-26.

195 3095 207 3114 ⁷
237 3095 398 3127 Gelasins
431 3094 460 3127 I.
495 3104 589 3138 papa
626 3092 846 3137 (492—496)
883 3092 1054 3126 Maiorico
1094 3094 1130 3126 et
1164 3091 1288 3126 Ioanni
1323 3091 1502 3136 episcopis
1540 3092 1583 3125 de
1618 3092 1841 3127 Manichaeis

75 3147 288 3192 quibusdam
316 3146 379 3190 (cf.
409 3147 503 3180 Caes.
530 3148 744 3190 Barom‘um,
771 3145 931 3180 Annales
959 3145 1193 3179 ecclesiastici
1218 3144 1316 3179 Toni.
1335 3144 1379 3179 V.
1409 3145 1442 3178 in
1469 3156 1500 3179 a.
1521 3145 1601 3186 496,
1628 3156 1661 3179 n.
1684 3146 1837 3190 19—21)
