<?xml version="1.0" encoding="UTF-8"?>
<!DOCTYPE html PUBLIC "-//W3C//DTD XHTML 1.0 Transitional//EN"
    "http://www.w3.org/TR/xhtml1/DTD/xhtml1-transitional.dtd">
<html xmlns="http://www.w3.org/1999/xhtml" xml:lang="en" lang="en">
 <head>
  <title>
</title>
<meta http-equiv="Content-Type" content="text/html;charset=utf-8" />
  <meta name='ocr-system' content='tesseract 3.04.00' />
  <meta name='ocr-capabilities' content='ocr_page ocr_carea ocr_par ocr_line ocrx_word'/>
</head>
<body>
  <div class='ocr_page' id='page_1' title='image "beatipetricanisi03cani_0372.png"; bbox 0 0 2093 3444; ppageno 0'>
   <div class='ocr_carea' id='block_1_1' title="bbox 211 130 1704 178">
    <p class='ocr_par' dir='ltr' id='par_1_1' title="bbox 211 130 1704 178">
     <span class='ocr_line' id='line_1_1' title="bbox 211 130 1704 178; baseline 0.005 -16"><span class='ocrx_word' id='word_1_1' title='bbox 211 134 295 174; x_wconf 78' lang='lat'>296</span> <span class='ocrx_word' id='word_1_2' title='bbox 489 131 568 165; x_wconf 84' lang='lat'>625.</span> <span class='ocrx_word' id='word_1_3' title='bbox 606 130 772 167; x_wconf 87' lang='lat' dir='ltr'>Canisius</span> <span class='ocrx_word' id='word_1_4' title='bbox 799 132 978 167; x_wconf 82' lang='lat' dir='ltr'>Stanislao</span> <span class='ocrx_word' id='word_1_5' title='bbox 1005 133 1126 169; x_wconf 82' lang='lat' dir='ltr'>Hosio.</span> <span class='ocrx_word' id='word_1_6' title='bbox 1168 134 1262 178; x_wconf 84' lang='lat' dir='ltr'>Aug.</span> <span class='ocrx_word' id='word_1_7' title='bbox 1289 134 1396 169; x_wconf 85' lang='lat' dir='ltr'>Vind.</span> <span class='ocrx_word' id='word_1_8' title='bbox 1423 135 1455 170; x_wconf 77' lang='lat'>8.</span> <span class='ocrx_word' id='word_1_9' title='bbox 1482 135 1573 170; x_wconf 88' lang='lat' dir='ltr'>Nov.</span> <span class='ocrx_word' id='word_1_10' title='bbox 1603 136 1704 171; x_wconf 85' lang='lat'>1561.</span> 
     </span>
    </p>
   </div>
   <div class='ocr_carea' id='block_1_2' title="bbox 206 249 1982 815">
    <p class='ocr_par' dir='ltr' id='par_1_2' title="bbox 206 249 1982 815">
     <span class='ocr_line' id='line_1_2' title="bbox 209 249 1982 306; baseline 0.004 -15"><span class='ocrx_word' id='word_1_11' title='bbox 209 263 337 304; x_wconf 90' lang='lat' dir='ltr'>spero</span> <span class='ocrx_word' id='word_1_12' title='bbox 379 249 432 290; x_wconf 90' lang='lat' dir='ltr'>de</span> <span class='ocrx_word' id='word_1_13' title='bbox 472 263 569 291; x_wconf 89' lang='lat' dir='ltr'>mea</span> <span class='ocrx_word' id='word_1_14' title='bbox 610 249 655 291; x_wconf 88' lang='lat' dir='ltr'>in</span> <span class='ocrx_word' id='word_1_15' title='bbox 686 249 827 304; x_wconf 91' lang='lat' dir='ltr'>ipsum</span> <span class='ocrx_word' id='word_1_16' title='bbox 870 250 1086 294; x_wconf 89' lang='lat' dir='ltr'>charitate</span> <span class='ocrx_word' id='word_1_17' title='bbox 1128 251 1347 294; x_wconf 84' lang='lat' dir='ltr'>fassurum</span> <span class='ocrx_word' id='word_1_18' title='bbox 1384 266 1462 306; x_wconf 90' lang='lat' dir='ltr'>per</span> <span class='ocrx_word' id='word_1_19' title='bbox 1504 254 1794 306; x_wconf 81' lang='lat' dir='ltr'>occasionem,</span> <span class='ocrx_word' id='word_1_20' title='bbox 1838 270 1888 298; x_wconf 88' lang='lat' dir='ltr'>ac</span> <span class='ocrx_word' id='word_1_21' title='bbox 1929 255 1982 297; x_wconf 88' lang='lat' dir='ltr'>de</span> 
     </span>
     <span class='ocr_line' id='line_1_3' title="bbox 207 313 1982 369; baseline 0.004 -14"><span class='ocrx_word' id='word_1_22' title='bbox 207 313 370 357; x_wconf 88' lang='lat' dir='ltr'>nostris</span> <span class='ocrx_word' id='word_1_23' title='bbox 402 313 535 356; x_wconf 90' lang='lat' dir='ltr'>etiam</span> <span class='ocrx_word' id='word_1_24' title='bbox 566 314 750 369; x_wconf 90' lang='lat' dir='ltr'>posthac</span> <span class='ocrx_word' id='word_1_25' title='bbox 783 316 1005 357; x_wconf 89' lang='lat' dir='ltr'>commode</span> <span class='ocrx_word' id='word_1_26' title='bbox 1036 316 1317 369; x_wconf 78' lang='lat' dir='ltr'>loquuturum</span> <span class='ocrx_word' id='word_1_27' title='bbox 1349 331 1458 360; x_wconf 88' lang='lat' dir='ltr'>esse.</span> <span class='ocrx_word' id='word_1_28' title='bbox 1515 318 1666 361; x_wconf 90' lang='lat' dir='ltr'>Voluit</span> <span class='ocrx_word' id='word_1_29' title='bbox 1697 321 1844 361; x_wconf 87' lang='lat' dir='ltr'>autem</span> <span class='ocrx_word' id='word_1_30' title='bbox 1875 319 1982 362; x_wconf 87' lang='lat' dir='ltr'>meis</span> 
     </span>
     <span class='ocr_line' id='line_1_4' title="bbox 207 379 1981 437; baseline 0.003 -15"><span class='ocrx_word' id='word_1_31' title='bbox 207 380 264 422; x_wconf 89' lang='lat' dir='ltr'>ad</span> <span class='ocrx_word' id='word_1_32' title='bbox 305 379 563 432; x_wconf 89' lang='lat' dir='ltr'>dignitatem</span> <span class='ocrx_word' id='word_1_33' title='bbox 603 382 725 422; x_wconf 89' lang='lat' dir='ltr'>tuam</span> <span class='ocrx_word' id='word_1_34' title='bbox 766 380 905 422; x_wconf 89' lang='lat' dir='ltr'>literis</span> <span class='ocrx_word' id='word_1_35' title='bbox 946 380 1172 432; x_wconf 87' lang='lat' dir='ltr'>honorari,</span> <span class='ocrx_word' id='word_1_36' title='bbox 1217 381 1418 434; x_wconf 89' lang='lat' dir='ltr'>quoniam</span> <span class='ocrx_word' id='word_1_37' title='bbox 1461 383 1515 424; x_wconf 90' lang='lat' dir='ltr'>ad</span> <span class='ocrx_word' id='word_1_38' title='bbox 1555 384 1607 426; x_wconf 92' lang='lat' dir='ltr'>D.</span> <span class='ocrx_word' id='word_1_39' title='bbox 1642 383 1867 437; x_wconf 79' lang='lat' dir='ltr'>Virginem</span> <span class='ocrx_word' id='word_1_40' title='bbox 1898 385 1981 427; x_wconf 91' lang='lat' dir='ltr'>Lo-</span> 
     </span>
     <span class='ocr_line' id='line_1_5' title="bbox 206 445 1982 504; baseline 0.003 -18"><span class='ocrx_word' id='word_1_41' title='bbox 206 445 437 487; x_wconf 88' lang='lat' dir='ltr'>rethanam</span> <span class='ocrx_word' id='word_1_42' title='bbox 477 445 700 498; x_wconf 87' lang='lat' dir='ltr'>religionis</span> <span class='ocrx_word' id='word_1_43' title='bbox 742 459 846 498; x_wconf 89' lang='lat' dir='ltr'>ergo</span> <span class='ocrx_word' id='word_1_44' title='bbox 891 445 919 498; x_wconf 75' lang='grc' dir='ltr'>(ε</span> <span class='ocrx_word' id='word_1_45' title='bbox 954 446 1067 499; x_wconf 88' lang='lat' dir='ltr'>quod</span> <span class='ocrx_word' id='word_1_46' title='bbox 1099 446 1203 487; x_wconf 90' lang='lat' dir='ltr'>mihi</span> <span class='ocrx_word' id='word_1_47' title='bbox 1244 446 1472 501; x_wconf 80' lang='lat' dir='ltr'>displicere</span> <span class='ocrx_word' id='word_1_48' title='bbox 1513 462 1599 490; x_wconf 91' lang='lat' dir='ltr'>non</span> <span class='ocrx_word' id='word_1_49' title='bbox 1631 452 1778 503; x_wconf 89' lang='lat' dir='ltr'>potest</span> <span class='ocrx_word' id='word_1_50' title='bbox 1811 449 1840 502; x_wconf 74' lang='grc' dir='ltr'>ε)</span> <span class='ocrx_word' id='word_1_51' title='bbox 1881 464 1982 504; x_wconf 87' lang='lat' dir='ltr'>pro-</span> 
     </span>
     <span class='ocr_line' id='line_1_6' title="bbox 206 509 1982 567; baseline 0.003 -16"><span class='ocrx_word' id='word_1_52' title='bbox 206 509 428 553; x_wconf 87' lang='lat' dir='ltr'>ficiscitur.</span> <span class='ocrx_word' id='word_1_53' title='bbox 492 509 671 553; x_wconf 90' lang='lat' dir='ltr'>Vtinam</span> <span class='ocrx_word' id='word_1_54' title='bbox 705 511 757 552; x_wconf 88' lang='lat' dir='ltr'>de</span> <span class='ocrx_word' id='word_1_55' title='bbox 790 511 863 552; x_wconf 91' lang='lat' dir='ltr'>illo</span> <span class='ocrx_word' id='word_1_56' title='bbox 897 511 1005 552; x_wconf 90' lang='lat' dir='ltr'>bene</span> <span class='ocrx_word' id='word_1_57' title='bbox 1037 511 1193 565; x_wconf 89' lang='lat' dir='ltr'>mererj</span> <span class='ocrx_word' id='word_1_58' title='bbox 1228 525 1405 564; x_wconf 80' lang='lat' dir='ltr'>queam,</span> <span class='ocrx_word' id='word_1_59' title='bbox 1440 526 1567 565; x_wconf 88' lang='lat' dir='ltr'>quem</span> <span class='ocrx_word' id='word_1_60' title='bbox 1600 528 1695 567; x_wconf 84' lang='lat' dir='ltr'>ego,</span> <span class='ocrx_word' id='word_1_61' title='bbox 1733 514 1836 556; x_wconf 89' lang='lat' dir='ltr'>licet</span> <span class='ocrx_word' id='word_1_62' title='bbox 1867 514 1982 557; x_wconf 77' lang='lat' dir='ltr'>inter</span> 
     </span>
     <span class='ocr_line' id='line_1_7' title="bbox 206 574 1982 632; baseline 0.003 -16"><span class='ocrx_word' id='word_1_63' title='bbox 206 578 380 618; x_wconf 86' lang='lat' dir='ltr'>nostros</span> <span class='ocrx_word' id='word_1_64' title='bbox 412 574 587 617; x_wconf 90' lang='lat' dir='ltr'>minime</span> <span class='ocrx_word' id='word_1_65' title='bbox 619 578 838 627; x_wconf 88' lang='lat' dir='ltr'>uersetur,</span> <span class='ocrx_word' id='word_1_66' title='bbox 883 579 1031 618; x_wconf 85' lang='lat' dir='ltr'>tamen</span> <span class='ocrx_word' id='word_1_67' title='bbox 1072 590 1168 618; x_wconf 90' lang='lat' dir='ltr'>amo</span> <span class='ocrx_word' id='word_1_68' title='bbox 1211 579 1256 618; x_wconf 89' lang='lat' dir='ltr'>et</span> <span class='ocrx_word' id='word_1_69' title='bbox 1298 577 1451 619; x_wconf 88' lang='lat' dir='ltr'>amabo</span> <span class='ocrx_word' id='word_1_70' title='bbox 1491 592 1662 632; x_wconf 80' lang='lat' dir='ltr'>semper</span> <span class='ocrx_word' id='word_1_71' title='bbox 1702 580 1755 621; x_wconf 92' lang='lat' dir='ltr'>ob</span> <span class='ocrx_word' id='word_1_72' title='bbox 1787 582 1982 622; x_wconf 89' lang='lat' dir='ltr'>ueterem</span> 
     </span>
     <span class='ocr_line' id='line_1_8' title="bbox 207 640 1981 698; baseline 0.003 -16"><span class='ocrx_word' id='word_1_73' title='bbox 207 640 577 683; x_wconf 74' lang='lat' dir='ltr'>consuetudinem.</span> <span class='ocrx_word' id='word_1_74' title='bbox 641 640 761 683; x_wconf 88' lang='lat' dir='ltr'>Nihil</span> <span class='ocrx_word' id='word_1_75' title='bbox 803 642 1013 684; x_wconf 88' lang='lat' dir='ltr'>hactenus</span> <span class='ocrx_word' id='word_1_76' title='bbox 1045 641 1226 683; x_wconf 84' lang='lat' dir='ltr'>allatum</span> <span class='ocrx_word' id='word_1_77' title='bbox 1259 645 1348 693; x_wconf 88' lang='lat' dir='ltr'>est,</span> <span class='ocrx_word' id='word_1_78' title='bbox 1382 643 1494 685; x_wconf 90' lang='lat' dir='ltr'>unde</span> <span class='ocrx_word' id='word_1_79' title='bbox 1527 643 1791 698; x_wconf 74' lang='lat' dir='ltr'>intelligam,</span> <span class='ocrx_word' id='word_1_80' title='bbox 1829 644 1981 688; x_wconf 77' lang='lat' dir='ltr'>literas</span> 
     </span>
     <span class='ocr_line' id='line_1_9' title="bbox 207 705 1980 764; baseline 0.002 -16"><span class='ocrx_word' id='word_1_81' title='bbox 207 709 252 749; x_wconf 91' lang='lat' dir='ltr'>et</span> <span class='ocrx_word' id='word_1_82' title='bbox 283 705 453 748; x_wconf 91' lang='lat' dir='ltr'>libellos</span> <span class='ocrx_word' id='word_1_83' title='bbox 486 720 512 748; x_wconf 90' lang='lat' dir='ltr'>a</span> <span class='ocrx_word' id='word_1_84' title='bbox 543 720 612 748; x_wconf 90' lang='lat' dir='ltr'>me</span> <span class='ocrx_word' id='word_1_85' title='bbox 644 706 798 748; x_wconf 90' lang='lat' dir='ltr'>missos</span> <span class='ocrx_word' id='word_1_86' title='bbox 831 707 974 749; x_wconf 90' lang='lat' dir='ltr'>isthuc</span> <span class='ocrx_word' id='word_1_87' title='bbox 997 707 1269 760; x_wconf 88' lang='lat' dir='ltr'>peruenisse:</span> <span class='ocrx_word' id='word_1_88' title='bbox 1304 708 1379 750; x_wconf 89' lang='lat' dir='ltr'>sed</span> <span class='ocrx_word' id='word_1_89' title='bbox 1413 722 1538 763; x_wconf 91' lang='lat' dir='ltr'>spero</span> <span class='ocrx_word' id='word_1_90' title='bbox 1570 712 1719 751; x_wconf 89' lang='lat' dir='ltr'>tamen</span> <span class='ocrx_word' id='word_1_91' title='bbox 1751 712 1980 764; x_wconf 87' lang='lat' dir='ltr'>utramque</span> 
     </span>
     <span class='ocr_line' id='line_1_10' title="bbox 207 771 848 815; baseline 0.005 -3"><span class='ocrx_word' id='word_1_92' title='bbox 207 771 425 813; x_wconf 82' lang='lat' dir='ltr'>sarcinam</span> <span class='ocrx_word' id='word_1_93' title='bbox 457 771 673 814; x_wconf 82' lang='lat' dir='ltr'>redditam</span> <span class='ocrx_word' id='word_1_94' title='bbox 707 786 803 813; x_wconf 91' lang='lat' dir='ltr'>esse</span> <span class='ocrx_word' id='word_1_95' title='bbox 822 773 848 815; x_wconf 77' lang='lat'>1.</span> 
     </span>
    </p>
   </div>
   <div class='ocr_carea' id='block_1_3' title="bbox 203 841 1981 2018">
    <p class='ocr_par' dir='ltr' id='par_1_3' title="bbox 205 841 1981 1146">
     <span class='ocr_line' id='line_1_11' title="bbox 325 841 1981 899; baseline 0.004 -16"><span class='ocrx_word' id='word_1_96' title='bbox 325 842 391 884; x_wconf 92' lang='lat' dir='ltr'>De</span> <span class='ocrx_word' id='word_1_97' title='bbox 432 841 608 896; x_wconf 89' lang='lat' dir='ltr'>Concilij</span> <span class='ocrx_word' id='word_1_98' title='bbox 650 857 885 896; x_wconf 84' lang='lat' dir='ltr'>progressu</span> <span class='ocrx_word' id='word_1_99' title='bbox 925 843 1045 885; x_wconf 88' lang='lat' dir='ltr'>laeta</span> <span class='ocrx_word' id='word_1_100' title='bbox 1086 843 1209 885; x_wconf 90' lang='lat' dir='ltr'>nobis</span> <span class='ocrx_word' id='word_1_101' title='bbox 1250 844 1586 898; x_wconf 88' lang='lat' dir='ltr'>promittuntur,</span> <span class='ocrx_word' id='word_1_102' title='bbox 1632 859 1743 899; x_wconf 85' lang='lat' dir='ltr'>quae</span> <span class='ocrx_word' id='word_1_103' title='bbox 1786 849 1836 889; x_wconf 93' lang='lat' dir='ltr'>ut</span> <span class='ocrx_word' id='word_1_104' title='bbox 1876 860 1981 889; x_wconf 85' lang='lat' dir='ltr'>uera</span> 
     </span>
     <span class='ocr_line' id='line_1_12' title="bbox 205 907 1981 964; baseline 0.003 -16"><span class='ocrx_word' id='word_1_105' title='bbox 205 907 293 950; x_wconf 88' lang='lat' dir='ltr'>sint</span> <span class='ocrx_word' id='word_1_106' title='bbox 315 907 533 950; x_wconf 87' lang='lat' dir='ltr'>Christum</span> <span class='ocrx_word' id='word_1_107' title='bbox 566 909 734 962; x_wconf 83' lang='lat' dir='ltr'>precarj</span> <span class='ocrx_word' id='word_1_108' title='bbox 758 922 1003 963; x_wconf 82' lang='lat' dir='ltr'>pergemus.</span> <span class='ocrx_word' id='word_1_109' title='bbox 1047 908 1162 950; x_wconf 89' lang='lat' dir='ltr'>Nam</span> <span class='ocrx_word' id='word_1_110' title='bbox 1186 912 1229 951; x_wconf 89' lang='lat' dir='ltr'>et</span> <span class='ocrx_word' id='word_1_111' title='bbox 1253 909 1367 951; x_wconf 77' lang='lat' dir='ltr'>Galli</span> <span class='ocrx_word' id='word_1_112' title='bbox 1397 924 1492 951; x_wconf 91' lang='lat' dir='ltr'>cum</span> <span class='ocrx_word' id='word_1_113' title='bbox 1514 909 1681 964; x_wconf 87' lang='lat' dir='ltr'>Regis2</span> <span class='ocrx_word' id='word_1_114' title='bbox 1712 911 1981 955; x_wconf 86' lang='lat' dir='ltr'>authoritate</span> 
     </span>
     <span class='ocr_line' id='line_1_13' title="bbox 205 972 1980 1031; baseline 0.003 -17"><span class='ocrx_word' id='word_1_115' title='bbox 205 973 377 1027; x_wconf 84' lang='lat' dir='ltr'>uenturj</span> <span class='ocrx_word' id='word_1_116' title='bbox 412 972 624 1015; x_wconf 85' lang='lat' dir='ltr'>dicuntur.</span> <span class='ocrx_word' id='word_1_117' title='bbox 689 973 832 1016; x_wconf 85' lang='lat' dir='ltr'>Erunt</span> <span class='ocrx_word' id='word_1_118' title='bbox 873 973 1024 1028; x_wconf 85' lang='lat' dir='ltr'>opinor</span> <span class='ocrx_word' id='word_1_119' title='bbox 1063 974 1272 1028; x_wconf 84' lang='lat' dir='ltr'>postremi</span> <span class='ocrx_word' id='word_1_120' title='bbox 1307 974 1534 1029; x_wconf 84' lang='lat' dir='ltr'>Germanj,</span> <span class='ocrx_word' id='word_1_121' title='bbox 1579 976 1651 1029; x_wconf 87' lang='lat' dir='ltr'>qui</span> <span class='ocrx_word' id='word_1_122' title='bbox 1687 976 1873 1031; x_wconf 86' lang='lat' dir='ltr'>primum</span> <span class='ocrx_word' id='word_1_123' title='bbox 1906 992 1980 1020; x_wconf 90' lang='lat' dir='ltr'>ac-</span> 
     </span>
     <span class='ocr_line' id='line_1_14' title="bbox 206 1038 1980 1096; baseline 0.003 -17"><span class='ocrx_word' id='word_1_124' title='bbox 206 1051 401 1089; x_wconf 87' lang='lat' dir='ltr'>currere,</span> <span class='ocrx_word' id='word_1_125' title='bbox 437 1040 481 1080; x_wconf 90' lang='lat' dir='ltr'>et</span> <span class='ocrx_word' id='word_1_126' title='bbox 513 1039 806 1080; x_wconf 84' lang='lat' dir='ltr'>necessarium</span> <span class='ocrx_word' id='word_1_127' title='bbox 840 1038 1014 1093; x_wconf 85' lang='lat' dir='ltr'>Concilij</span> <span class='ocrx_word' id='word_1_128' title='bbox 1048 1039 1285 1081; x_wconf 87' lang='lat' dir='ltr'>remedium</span> <span class='ocrx_word' id='word_1_129' title='bbox 1319 1043 1525 1094; x_wconf 81' lang='lat' dir='ltr'>expetere</span> <span class='ocrx_word' id='word_1_130' title='bbox 1558 1044 1690 1095; x_wconf 86' lang='lat' dir='ltr'>atque</span> <span class='ocrx_word' id='word_1_131' title='bbox 1724 1056 1980 1096; x_wconf 88' lang='lat' dir='ltr'>promouere</span> 
     </span>
     <span class='ocr_line' id='line_1_15' title="bbox 209 1103 439 1146; baseline 0 -1"><span class='ocrx_word' id='word_1_132' title='bbox 209 1103 439 1146; x_wconf 88' lang='lat' dir='ltr'>debebant.</span> 
     </span>
    </p>

    <p class='ocr_par' dir='ltr' id='par_1_4' title="bbox 204 1174 1981 1609">
     <span class='ocr_line' id='line_1_16' title="bbox 325 1174 1980 1232; baseline 0.003 -16"><span class='ocrx_word' id='word_1_133' title='bbox 325 1174 485 1228; x_wconf 84' lang='lat' dir='ltr'>Scripsi</span> <span class='ocrx_word' id='word_1_134' title='bbox 527 1175 759 1228; x_wconf 88' lang='lat' dir='ltr'>aliquando</span> <span class='ocrx_word' id='word_1_135' title='bbox 804 1176 855 1217; x_wconf 87' lang='lat' dir='ltr'>de</span> <span class='ocrx_word' id='word_1_136' title='bbox 888 1175 1076 1217; x_wconf 84' lang='lat' dir='ltr'>Concilio</span> <span class='ocrx_word' id='word_1_137' title='bbox 1110 1176 1350 1230; x_wconf 84' lang='lat' dir='ltr'>Ephesino,</span> <span class='ocrx_word' id='word_1_138' title='bbox 1394 1177 1507 1230; x_wconf 89' lang='lat' dir='ltr'>quod</span> <span class='ocrx_word' id='word_1_139' title='bbox 1540 1177 1749 1232; x_wconf 86' lang='lat' dir='ltr'>Princeps</span> <span class='ocrx_word' id='word_1_140' title='bbox 1781 1178 1980 1221; x_wconf 87' lang='lat' dir='ltr'>Bauarus</span> 
     </span>
     <span class='ocr_line' id='line_1_17' title="bbox 205 1240 1979 1297; baseline 0.002 -15"><span class='ocrx_word' id='word_1_141' title='bbox 205 1254 229 1282; x_wconf 92' lang='lat' dir='ltr'>e</span> <span class='ocrx_word' id='word_1_142' title='bbox 261 1240 453 1283; x_wconf 87' lang='lat' dir='ltr'>tenebris</span> <span class='ocrx_word' id='word_1_143' title='bbox 485 1240 529 1281; x_wconf 91' lang='lat' dir='ltr'>in</span> <span class='ocrx_word' id='word_1_144' title='bbox 561 1241 700 1282; x_wconf 89' lang='lat' dir='ltr'>lucem</span> <span class='ocrx_word' id='word_1_145' title='bbox 723 1240 1030 1294; x_wconf 87' lang='lat' dir='ltr'>proferendum</span> <span class='ocrx_word' id='word_1_146' title='bbox 1063 1241 1232 1284; x_wconf 90' lang='lat' dir='ltr'>curauit</span> <span class='ocrx_word' id='word_1_147' title='bbox 1248 1242 1276 1284; x_wconf 81' lang='grc'>3.</span> <span class='ocrx_word' id='word_1_148' title='bbox 1322 1242 1480 1284; x_wconf 86' lang='lat' dir='ltr'>Essent</span> <span class='ocrx_word' id='word_1_149' title='bbox 1511 1242 1639 1285; x_wconf 87' lang='lat' dir='ltr'>isthic</span> <span class='ocrx_word' id='word_1_150' title='bbox 1671 1243 1873 1295; x_wconf 85' lang='lat' dir='ltr'>fortasse,</span> <span class='ocrx_word' id='word_1_151' title='bbox 1908 1244 1979 1297; x_wconf 90' lang='lat' dir='ltr'>qui</span> 
     </span>
     <span class='ocr_line' id='line_1_18' title="bbox 207 1305 1979 1357; baseline 0.003 -11"><span class='ocrx_word' id='word_1_152' title='bbox 207 1305 421 1347; x_wconf 81' lang='lat' dir='ltr'>Graecum</span> <span class='ocrx_word' id='word_1_153' title='bbox 464 1305 654 1347; x_wconf 88' lang='lat' dir='ltr'>codicem</span> <span class='ocrx_word' id='word_1_154' title='bbox 697 1306 918 1348; x_wconf 88' lang='lat' dir='ltr'>commode</span> <span class='ocrx_word' id='word_1_155' title='bbox 960 1309 1206 1357; x_wconf 88' lang='lat' dir='ltr'>uerterent,</span> <span class='ocrx_word' id='word_1_156' title='bbox 1251 1321 1346 1348; x_wconf 88' lang='lat' dir='ltr'>cum</span> <span class='ocrx_word' id='word_1_157' title='bbox 1388 1307 1600 1350; x_wconf 81' lang='lat' dir='ltr'>hactenus</span> <span class='ocrx_word' id='word_1_158' title='bbox 1632 1308 1866 1350; x_wconf 88' lang='lat' dir='ltr'>Concilium</span> <span class='ocrx_word' id='word_1_159' title='bbox 1898 1309 1979 1351; x_wconf 89' lang='lat' dir='ltr'>hoc</span> 
     </span>
     <span class='ocr_line' id='line_1_19' title="bbox 204 1370 1979 1426; baseline 0.002 -14"><span class='ocrx_word' id='word_1_160' title='bbox 204 1371 423 1424; x_wconf 88' lang='lat' dir='ltr'>integrum</span> <span class='ocrx_word' id='word_1_161' title='bbox 466 1370 773 1414; x_wconf 71' lang='lat' dir='ltr'>desideremus</span> <span class='ocrx_word' id='word_1_162' title='bbox 843 1371 987 1425; x_wconf 86' lang='lat' dir='ltr'>Atque</span> <span class='ocrx_word' id='word_1_163' title='bbox 1030 1371 1196 1414; x_wconf 89' lang='lat' dir='ltr'>utinam</span> <span class='ocrx_word' id='word_1_164' title='bbox 1242 1372 1327 1414; x_wconf 90' lang='lat' dir='ltr'>alia</span> <span class='ocrx_word' id='word_1_165' title='bbox 1368 1387 1538 1426; x_wconf 90' lang='lat' dir='ltr'>quoque</span> <span class='ocrx_word' id='word_1_166' title='bbox 1579 1373 1791 1425; x_wconf 90' lang='lat' dir='ltr'>Concilia‚</span> <span class='ocrx_word' id='word_1_167' title='bbox 1834 1374 1979 1416; x_wconf 90' lang='lat' dir='ltr'>nescio</span> 
     </span>
     <span class='ocr_line' id='line_1_20' title="bbox 205 1436 1981 1493; baseline 0.002 -16"><span class='ocrx_word' id='word_1_168' title='bbox 205 1450 290 1489; x_wconf 89' lang='lat' dir='ltr'>qua</span> <span class='ocrx_word' id='word_1_169' title='bbox 321 1436 405 1478; x_wconf 89' lang='lat' dir='ltr'>fide</span> <span class='ocrx_word' id='word_1_170' title='bbox 428 1451 541 1478; x_wconf 91' lang='lat' dir='ltr'>nunc</span> <span class='ocrx_word' id='word_1_171' title='bbox 563 1437 721 1487; x_wconf 87' lang='lat' dir='ltr'>aedita,</span> <span class='ocrx_word' id='word_1_172' title='bbox 755 1437 1002 1491; x_wconf 84' lang='lat' dir='ltr'>integritati</span> <span class='ocrx_word' id='word_1_173' title='bbox 1034 1451 1140 1480; x_wconf 90' lang='lat' dir='ltr'>suae</span> <span class='ocrx_word' id='word_1_174' title='bbox 1162 1437 1511 1489; x_wconf 82' lang='lat' dir='ltr'>restituerentur,</span> <span class='ocrx_word' id='word_1_175' title='bbox 1545 1441 1594 1481; x_wconf 86' lang='lat' dir='ltr'>ut</span> <span class='ocrx_word' id='word_1_176' title='bbox 1616 1438 1800 1493; x_wconf 87' lang='lat' dir='ltr'>perfecti</span> <span class='ocrx_word' id='word_1_177' title='bbox 1833 1442 1981 1482; x_wconf 87' lang='lat' dir='ltr'>essent</span> 
     </span>
     <span class='ocr_line' id='line_1_21' title="bbox 204 1501 1979 1558; baseline 0.002 -16"><span class='ocrx_word' id='word_1_178' title='bbox 204 1501 342 1553; x_wconf 86' lang='lat' dir='ltr'>Tomi,</span> <span class='ocrx_word' id='word_1_179' title='bbox 367 1515 474 1555; x_wconf 91' lang='lat' dir='ltr'>quos</span> <span class='ocrx_word' id='word_1_180' title='bbox 497 1505 669 1553; x_wconf 89' lang='lat' dir='ltr'>uocant,</span> <span class='ocrx_word' id='word_1_181' title='bbox 697 1502 996 1553; x_wconf 89' lang='lat' dir='ltr'>Conciliorum,</span> <span class='ocrx_word' id='word_1_182' title='bbox 1021 1505 1065 1545; x_wconf 92' lang='lat' dir='ltr'>et</span> <span class='ocrx_word' id='word_1_183' title='bbox 1088 1502 1157 1556; x_wconf 91' lang='lat' dir='ltr'>qui</span> <span class='ocrx_word' id='word_1_184' title='bbox 1182 1517 1293 1545; x_wconf 87' lang='lat' dir='ltr'>nunc</span> <span class='ocrx_word' id='word_1_185' title='bbox 1317 1503 1520 1545; x_wconf 88' lang='lat' dir='ltr'>Coloniae</span> <span class='ocrx_word' id='word_1_186' title='bbox 1542 1503 1713 1557; x_wconf 90' lang='lat' dir='ltr'>magnis</span> <span class='ocrx_word' id='word_1_187' title='bbox 1736 1504 1979 1558; x_wconf 87' lang='lat' dir='ltr'>sumptibus</span> 
     </span>
     <span class='ocr_line' id='line_1_22' title="bbox 206 1566 666 1609; baseline 0 -1"><span class='ocrx_word' id='word_1_188' title='bbox 206 1566 328 1608; x_wconf 89' lang='lat' dir='ltr'>breui</span> <span class='ocrx_word' id='word_1_189' title='bbox 360 1567 666 1609; x_wconf 75' lang='lat' dir='ltr'>recudentur4.</span> 
     </span>
    </p>

    <p class='ocr_par' dir='ltr' id='par_1_5' title="bbox 203 1637 1978 2018">
     <span class='ocr_line' id='line_1_23' title="bbox 324 1637 1978 1693; baseline 0.001 -13"><span class='ocrx_word' id='word_1_190' title='bbox 324 1637 558 1692; x_wconf 85' lang='lat' dir='ltr'>Speramus</span> <span class='ocrx_word' id='word_1_191' title='bbox 590 1638 696 1689; x_wconf 87' lang='lat' dir='ltr'>fore,</span> <span class='ocrx_word' id='word_1_192' title='bbox 731 1642 779 1682; x_wconf 92' lang='lat' dir='ltr'>ut</span> <span class='ocrx_word' id='word_1_193' title='bbox 811 1638 1064 1693; x_wconf 89' lang='lat' dir='ltr'>Amplitudo</span> <span class='ocrx_word' id='word_1_194' title='bbox 1098 1642 1196 1689; x_wconf 88' lang='lat' dir='ltr'>tua,</span> <span class='ocrx_word' id='word_1_195' title='bbox 1233 1653 1343 1692; x_wconf 87' lang='lat' dir='ltr'>quae</span> <span class='ocrx_word' id='word_1_196' title='bbox 1377 1639 1724 1682; x_wconf 87' lang='lat' dir='ltr'>doctissimorum</span> <span class='ocrx_word' id='word_1_197' title='bbox 1757 1640 1978 1683; x_wconf 90' lang='lat' dir='ltr'>hominum</span> 
     </span>
     <span class='ocr_line' id='line_1_24' title="bbox 203 1703 1976 1759; baseline 0.003 -15"><span class='ocrx_word' id='word_1_198' title='bbox 203 1703 332 1746; x_wconf 87' lang='lat' dir='ltr'>isthic</span> <span class='ocrx_word' id='word_1_199' title='bbox 366 1703 505 1746; x_wconf 86' lang='lat' dir='ltr'>utitur</span> <span class='ocrx_word' id='word_1_200' title='bbox 536 1703 754 1757; x_wconf 86' lang='lat' dir='ltr'>frequenti</span> <span class='ocrx_word' id='word_1_201' title='bbox 778 1704 1101 1755; x_wconf 85' lang='lat' dir='ltr'>consuetudine,</span> <span class='ocrx_word' id='word_1_202' title='bbox 1136 1705 1343 1747; x_wconf 89' lang='lat' dir='ltr'>nonnulla</span> <span class='ocrx_word' id='word_1_203' title='bbox 1375 1719 1452 1759; x_wconf 91' lang='lat' dir='ltr'>per</span> <span class='ocrx_word' id='word_1_204' title='bbox 1478 1705 1575 1747; x_wconf 89' lang='lat' dir='ltr'>illos</span> <span class='ocrx_word' id='word_1_205' title='bbox 1598 1705 1810 1748; x_wconf 88' lang='lat' dir='ltr'>conscribi</span> <span class='ocrx_word' id='word_1_206' title='bbox 1842 1709 1976 1757; x_wconf 86' lang='lat' dir='ltr'>curet,</span> 
     </span>
     <span class='ocr_line' id='line_1_25' title="bbox 205 1769 1978 1824; baseline 0.002 -14"><span class='ocrx_word' id='word_1_207' title='bbox 205 1782 315 1822; x_wconf 89' lang='lat' dir='ltr'>quae</span> <span class='ocrx_word' id='word_1_208' title='bbox 348 1782 524 1811; x_wconf 91' lang='lat' dir='ltr'>causam</span> <span class='ocrx_word' id='word_1_209' title='bbox 557 1769 779 1811; x_wconf 85' lang='lat' dir='ltr'>Ecclesiae</span> <span class='ocrx_word' id='word_1_210' title='bbox 813 1770 1023 1812; x_wconf 87' lang='lat' dir='ltr'>aduersus</span> <span class='ocrx_word' id='word_1_211' title='bbox 1054 1770 1320 1821; x_wconf 85' lang='lat' dir='ltr'>haereticos,</span> <span class='ocrx_word' id='word_1_212' title='bbox 1358 1785 1592 1824; x_wconf 88' lang='lat' dir='ltr'>eorumque</span> <span class='ocrx_word' id='word_1_213' title='bbox 1624 1770 1978 1813; x_wconf 86' lang='lat' dir='ltr'>Confessionem5</span> 
     </span>
     <span class='ocr_line' id='line_1_26' title="bbox 203 1833 1978 1889; baseline 0.002 -14"><span class='ocrx_word' id='word_1_214' title='bbox 203 1833 436 1876; x_wconf 87' lang='lat' dir='ltr'>uindicent.</span> <span class='ocrx_word' id='word_1_215' title='bbox 500 1835 710 1876; x_wconf 89' lang='lat' dir='ltr'>Dominus</span> <span class='ocrx_word' id='word_1_216' title='bbox 751 1835 924 1878; x_wconf 82' lang='lat' dir='ltr'>JESVS</span> <span class='ocrx_word' id='word_1_217' title='bbox 965 1835 1183 1877; x_wconf 83' lang='lat' dir='ltr'>laboranti</span> <span class='ocrx_word' id='word_1_218' title='bbox 1216 1836 1438 1877; x_wconf 86' lang='lat' dir='ltr'>Ecclesiae</span> <span class='ocrx_word' id='word_1_219' title='bbox 1477 1836 1682 1889; x_wconf 87' lang='lat' dir='ltr'>dignetur</span> <span class='ocrx_word' id='word_1_220' title='bbox 1713 1835 1890 1887; x_wconf 85' lang='lat' dir='ltr'>adesse,</span> <span class='ocrx_word' id='word_1_221' title='bbox 1933 1839 1978 1879; x_wconf 88' lang='lat' dir='ltr'>et</span> 
     </span>
     <span class='ocr_line' id='line_1_27' title="bbox 203 1899 1978 1955; baseline 0.002 -15"><span class='ocrx_word' id='word_1_222' title='bbox 203 1899 302 1941; x_wconf 89' lang='lat' dir='ltr'>huic</span> <span class='ocrx_word' id='word_1_223' title='bbox 347 1899 522 1953; x_wconf 86' lang='lat' dir='ltr'>Concilij</span> <span class='ocrx_word' id='word_1_224' title='bbox 568 1899 769 1942; x_wconf 86' lang='lat' dir='ltr'>instituto</span> <span class='ocrx_word' id='word_1_225' title='bbox 819 1903 995 1955; x_wconf 88' lang='lat' dir='ltr'>optatos</span> <span class='ocrx_word' id='word_1_226' title='bbox 1040 1901 1144 1942; x_wconf 89' lang='lat' dir='ltr'>dare</span> <span class='ocrx_word' id='word_1_227' title='bbox 1187 1915 1435 1951; x_wconf 87' lang='lat' dir='ltr'>successus,</span> <span class='ocrx_word' id='word_1_228' title='bbox 1485 1901 1540 1943; x_wconf 87' lang='lat' dir='ltr'>ad</span> <span class='ocrx_word' id='word_1_229' title='bbox 1584 1901 1817 1943; x_wconf 88' lang='lat' dir='ltr'>Christiani</span> <span class='ocrx_word' id='word_1_230' title='bbox 1862 1901 1978 1943; x_wconf 87' lang='lat' dir='ltr'>orbis</span> 
     </span>
     <span class='ocr_line' id='line_1_28' title="bbox 203 1964 1975 2018; baseline 0.001 -12"><span class='ocrx_word' id='word_1_231' title='bbox 203 1968 400 2008; x_wconf 86' lang='lat' dir='ltr'>sanct-am</span> <span class='ocrx_word' id='word_1_232' title='bbox 432 1964 786 2008; x_wconf 83' lang='lat' dir='ltr'>reformationem</span> <span class='ocrx_word' id='word_1_233' title='bbox 819 1965 972 2008; x_wconf 88' lang='lat' dir='ltr'>Amen.</span> <span class='ocrx_word' id='word_1_234' title='bbox 1019 1966 1246 2018; x_wconf 85' lang='lat' dir='ltr'>Augustae</span> <span class='ocrx_word' id='word_1_235' title='bbox 1279 1967 1318 2008; x_wconf 84' lang='lat'>8.</span> <span class='ocrx_word' id='word_1_236' title='bbox 1352 1966 1627 2009; x_wconf 87' lang='lat' dir='ltr'>Nouembris.</span> <span class='ocrx_word' id='word_1_237' title='bbox 1662 1966 1719 2009; x_wconf 90' lang='lat' dir='ltr'>M.</span> <span class='ocrx_word' id='word_1_238' title='bbox 1753 1967 1805 2009; x_wconf 90' lang='lat' dir='ltr'>D.</span> <span class='ocrx_word' id='word_1_239' title='bbox 1839 1966 1936 2008; x_wconf 91' lang='lat' dir='ltr'>LXI</span> <span class='ocrx_word' id='word_1_240' title='bbox 1949 1972 1975 2009; x_wconf 74' lang='lat'>³.</span> 
     </span>
    </p>
   </div>
   <div class='ocr_carea' id='block_1_4' title="bbox 1105 2065 1915 2110">
    <p class='ocr_par' dir='ltr' id='par_1_6' title="bbox 1105 2065 1915 2110">
     <span class='ocr_line' id='line_1_29' title="bbox 1105 2065 1915 2110; baseline 0.001 -3"><span class='ocrx_word' id='word_1_241' title='bbox 1105 2065 1266 2107; x_wconf 85' lang='lat' dir='ltr'>Seruus</span> <span class='ocrx_word' id='word_1_242' title='bbox 1298 2066 1341 2107; x_wconf 92' lang='lat' dir='ltr'>in</span> <span class='ocrx_word' id='word_1_243' title='bbox 1374 2066 1546 2109; x_wconf 87' lang='lat' dir='ltr'>Christo</span> <span class='ocrx_word' id='word_1_244' title='bbox 1579 2066 1671 2110; x_wconf 87' lang='lat' dir='ltr'>Pet.</span> <span class='ocrx_word' id='word_1_245' title='bbox 1706 2066 1915 2109; x_wconf 89' lang='lat' dir='ltr'>Canisius.</span> 
     </span>
    </p>
   </div>
   <div class='ocr_carea' id='block_1_5' title="bbox 203 2168 1976 2419">
    <p class='ocr_par' dir='ltr' id='par_1_7' title="bbox 203 2168 1976 2419">
     <span class='ocr_line' id='line_1_30' title="bbox 322 2168 1976 2226; baseline 0.002 -16"><span class='ocrx_word' id='word_1_246' title='bbox 322 2168 700 2212; x_wconf 89' lang='lat' dir='ltr'>Reuerendissimo</span> <span class='ocrx_word' id='word_1_247' title='bbox 734 2173 778 2213; x_wconf 88' lang='lat' dir='ltr'>et</span> <span class='ocrx_word' id='word_1_248' title='bbox 808 2170 1115 2213; x_wconf 83' lang='lat' dir='ltr'>Jllustrissimo</span> <span class='ocrx_word' id='word_1_249' title='bbox 1148 2171 1337 2226; x_wconf 87' lang='lat' dir='ltr'>Principi</span> <span class='ocrx_word' id='word_1_250' title='bbox 1362 2173 1413 2215; x_wconf 94' lang='lat' dir='ltr'>D.</span> <span class='ocrx_word' id='word_1_251' title='bbox 1439 2172 1656 2215; x_wconf 84' lang='lat' dir='ltr'>Stanislao</span> <span class='ocrx_word' id='word_1_252' title='bbox 1689 2172 1838 2224; x_wconf 90' lang='lat' dir='ltr'>Hosio,</span> <span class='ocrx_word' id='word_1_253' title='bbox 1872 2172 1976 2214; x_wconf 88' lang='lat' dir='ltr'>Car-</span> 
     </span>
     <span class='ocr_line' id='line_1_31' title="bbox 203 2234 1975 2291; baseline 0.001 -15"><span class='ocrx_word' id='word_1_254' title='bbox 203 2234 335 2288; x_wconf 88' lang='lat' dir='ltr'>dinalj</span> <span class='ocrx_word' id='word_1_255' title='bbox 369 2237 414 2277; x_wconf 91' lang='lat' dir='ltr'>et</span> <span class='ocrx_word' id='word_1_256' title='bbox 445 2235 661 2290; x_wconf 87' lang='lat' dir='ltr'>Episcopo</span> <span class='ocrx_word' id='word_1_257' title='bbox 695 2235 962 2286; x_wconf 85' lang='lat' dir='ltr'>Varmiensi,</span> <span class='ocrx_word' id='word_1_258' title='bbox 1003 2236 1044 2278; x_wconf 82' lang='lat' dir='ltr'>S.</span> <span class='ocrx_word' id='word_1_259' title='bbox 1080 2236 1176 2279; x_wconf 87' lang='lat' dir='ltr'>Sed.</span> <span class='ocrx_word' id='word_1_260' title='bbox 1211 2237 1492 2291; x_wconf 87' lang='lat' dir='ltr'>Apostolicae</span> <span class='ocrx_word' id='word_1_261' title='bbox 1525 2238 1580 2280; x_wconf 91' lang='lat' dir='ltr'>ad</span> <span class='ocrx_word' id='word_1_262' title='bbox 1612 2237 1847 2279; x_wconf 87' lang='lat' dir='ltr'>Concilium</span> <span class='ocrx_word' id='word_1_263' title='bbox 1879 2237 1975 2279; x_wconf 88' lang='lat' dir='ltr'>Tri-</span> 
     </span>
     <span class='ocr_line' id='line_1_32' title="bbox 204 2299 1976 2357; baseline 0.002 -17"><span class='ocrx_word' id='word_1_264' title='bbox 204 2299 426 2342; x_wconf 89' lang='lat' dir='ltr'>dentinum</span> <span class='ocrx_word' id='word_1_265' title='bbox 460 2299 649 2354; x_wconf 87' lang='lat' dir='ltr'>Legato,</span> <span class='ocrx_word' id='word_1_266' title='bbox 693 2300 883 2343; x_wconf 87' lang='lat' dir='ltr'>Patrono</span> <span class='ocrx_word' id='word_1_267' title='bbox 917 2301 1254 2344; x_wconf 90' lang='lat' dir='ltr'>clementissimo</span> <span class='ocrx_word' id='word_1_268' title='bbox 1289 2305 1371 2344; x_wconf 83' lang='lat' dir='ltr'>‚etc</span> <span class='ocrx_word' id='word_1_269' title='bbox 1406 2337 1414 2345; x_wconf 93' lang='lat'><strong><em>.</em></strong></span> <span class='ocrx_word' id='word_1_270' title='bbox 1449 2302 1658 2357; x_wconf 88' lang='lat' dir='ltr'>Tridentj.</span> <span class='ocrx_word' id='word_1_271' title='bbox 1722 2302 1790 2344; x_wconf 92' lang='lat' dir='ltr'>Ad</span> <span class='ocrx_word' id='word_1_272' title='bbox 1822 2316 1976 2344; x_wconf 89' lang='lat' dir='ltr'>manus</span> 
     </span>
     <span class='ocr_line' id='line_1_33' title="bbox 203 2378 415 2419; baseline 0.005 -13"><span class='ocrx_word' id='word_1_273' title='bbox 203 2378 415 2419; x_wconf 81' lang='lat' dir='ltr'>proprias,</span> 
     </span>
    </p>
   </div>
   <div class='ocr_carea' id='block_1_6' title="bbox 207 2462 1975 2562">
    <p class='ocr_par' dir='ltr' id='par_1_8' title="bbox 207 2462 1975 2562">
     <span class='ocr_line' id='line_1_34' title="bbox 324 2462 1975 2510; baseline 0.002 -14"><span class='ocrx_word' id='word_1_274' title='bbox 324 2462 552 2508; x_wconf 84' lang='lat' dir='ltr'>Inscriptioni</span> <span class='ocrx_word' id='word_1_275' title='bbox 579 2463 706 2497; x_wconf 86' lang='lat' dir='ltr'>harum</span> <span class='ocrx_word' id='word_1_276' title='bbox 723 2463 928 2498; x_wconf 84' lang='lat' dir='ltr'>litterarum</span> <span class='ocrx_word' id='word_1_277' title='bbox 954 2476 1062 2498; x_wconf 84' lang='lat' dir='ltr'>manu</span> <span class='ocrx_word' id='word_1_278' title='bbox 1088 2465 1238 2510; x_wconf 79' lang='lat' dir='ltr'>antiqua</span> <span class='ocrx_word' id='word_1_279' title='bbox 1268 2465 1467 2509; x_wconf 87' lang='lat' dir='ltr'>(secretarii</span> <span class='ocrx_word' id='word_1_280' title='bbox 1486 2465 1633 2510; x_wconf 80' lang='lat' dir='ltr'>Hosii‘?)</span> <span class='ocrx_word' id='word_1_281' title='bbox 1663 2466 1874 2500; x_wconf 77' lang='lat' dir='ltr'>adnotatum</span> <span class='ocrx_word' id='word_1_282' title='bbox 1900 2467 1975 2500; x_wconf 80' lang='lat' dir='ltr'>est:</span> 
     </span>
     <span class='ocr_line' id='line_1_35' title="bbox 207 2515 1107 2562; baseline 0.002 -12"><span class='ocrx_word' id='word_1_283' title='bbox 207 2515 389 2558; x_wconf 83' lang='lat' dir='ltr'>„redditae</span> <span class='ocrx_word' id='word_1_284' title='bbox 417 2517 433 2550; x_wconf 95' lang='lat'>1</span> <span class='ocrx_word' id='word_1_285' title='bbox 463 2516 662 2551; x_wconf 87' lang='lat' dir='ltr'>decembris</span> <span class='ocrx_word' id='word_1_286' title='bbox 691 2517 778 2552; x_wconf 82' lang='lat'>1561</span> <span class='ocrx_word' id='word_1_287' title='bbox 810 2545 816 2551; x_wconf 93' lang='lat'><em>.</em></span> <span class='ocrx_word' id='word_1_288' title='bbox 843 2529 935 2562; x_wconf 89' lang='lat' dir='ltr'>resp.</span> <span class='ocrx_word' id='word_1_289' title='bbox 963 2518 984 2551; x_wconf 82' lang='lat'><strong>2</strong></span> <span class='ocrx_word' id='word_1_290' title='bbox 1011 2518 1107 2552; x_wconf 77' lang='lat' dir='ltr'>dec.“</span> 
     </span>
    </p>
   </div>
   <div class='ocr_carea' id='block_1_7' title="bbox 363 2616 623 2621">
    <p class='ocr_par' dir='ltr' id='par_1_9' title="bbox 363 2616 623 2621">
     <span class='ocr_line' id='line_1_36' title="bbox 363 2616 623 2621; baseline 0 0"><span class='ocrx_word' id='word_1_291' title='bbox 363 2616 623 2621; x_wconf 95' lang='lat' dir='ltr'> </span> 
     </span>
    </p>
   </div>
   <div class='ocr_carea' id='block_1_8' title="bbox 322 2684 1154 2728">
    <p class='ocr_par' dir='ltr' id='par_1_10' title="bbox 322 2684 1154 2728">
     <span class='ocr_line' id='line_1_37' title="bbox 322 2684 1154 2728; baseline 0.005 -13"><span class='ocrx_word' id='word_1_292' title='bbox 322 2689 336 2703; x_wconf 80' lang='lat'><strong>³</strong></span> <span class='ocrx_word' id='word_1_293' title='bbox 366 2684 462 2725; x_wconf 77' lang='lat' dir='ltr'>Quae</span> <span class='ocrx_word' id='word_1_294' title='bbox 486 2688 696 2727; x_wconf 77' lang='lat' dir='ltr'>sequuntur,</span> <span class='ocrx_word' id='word_1_295' title='bbox 721 2695 741 2716; x_wconf 78' lang='lat' dir='ltr'>a</span> <span class='ocrx_word' id='word_1_296' title='bbox 773 2685 880 2728; x_wconf 75' lang='lat' dir='ltr'>Cypr.</span> <span class='ocrx_word' id='word_1_297' title='bbox 908 2688 1034 2719; x_wconf 72' lang='lat' dir='ltr'>omissa</span> <span class='ocrx_word' id='word_1_298' title='bbox 1062 2691 1154 2719; x_wconf 73' lang='lat' dir='ltr'>snut.</span> 
     </span>
    </p>
   </div>
   <div class='ocr_carea' id='block_1_9' title="bbox 207 2782 763 2786">
    <p class='ocr_par' dir='ltr' id='par_1_11' title="bbox 207 2782 763 2786">
     <span class='ocr_line' id='line_1_38' title="bbox 207 2782 763 2786; baseline 0 0"><span class='ocrx_word' id='word_1_299' title='bbox 207 2782 763 2786; x_wconf 95' lang='lat' dir='ltr'> </span> 
     </span>
    </p>
   </div>
   <div class='ocr_carea' id='block_1_10' title="bbox 203 2851 1972 3110">
    <p class='ocr_par' dir='ltr' id='par_1_12' title="bbox 327 2851 830 2897">
     <span class='ocr_line' id='line_1_39' title="bbox 327 2851 830 2897; baseline 0 -12"><span class='ocrx_word' id='word_1_300' title='bbox 327 2852 337 2872; x_wconf 86' lang='lat'><em>¹</em></span> <span class='ocrx_word' id='word_1_301' title='bbox 365 2851 418 2885; x_wconf 85' lang='lat' dir='ltr'>Of.</span> <span class='ocrx_word' id='word_1_302' title='bbox 445 2863 555 2896; x_wconf 86' lang='lat' dir='ltr'>supra</span> <span class='ocrx_word' id='word_1_303' title='bbox 579 2863 614 2897; x_wconf 88' lang='lat' dir='ltr'>p.</span> <span class='ocrx_word' id='word_1_304' title='bbox 641 2852 722 2886; x_wconf 85' lang='lat'><strong>238.</strong></span> <span class='ocrx_word' id='word_1_305' title='bbox 749 2852 830 2888; x_wconf 82' lang='lat'>240.</span> 
     </span>
    </p>

    <p class='ocr_par' dir='ltr' id='par_1_13' title="bbox 324 2904 1564 2951">
     <span class='ocr_line' id='line_1_40' title="bbox 324 2904 1564 2951; baseline 0.003 -13"><span class='ocrx_word' id='word_1_306' title='bbox 324 2905 338 2925; x_wconf 76' lang='lat'>²</span> <span class='ocrx_word' id='word_1_307' title='bbox 363 2904 482 2939; x_wconf 86' lang='lat' dir='ltr'>Caroli</span> <span class='ocrx_word' id='word_1_308' title='bbox 506 2904 568 2939; x_wconf 88' lang='lat' dir='ltr'>IX.</span> <span class='ocrx_word' id='word_1_309' title='bbox 715 2905 728 2925; x_wconf 84' lang='lat'><strong>³</strong></span> <span class='ocrx_word' id='word_1_310' title='bbox 754 2905 807 2940; x_wconf 92' lang='lat' dir='ltr'>Cf.</span> <span class='ocrx_word' id='word_1_311' title='bbox 835 2917 944 2951; x_wconf 87' lang='lat' dir='ltr'>supra</span> <span class='ocrx_word' id='word_1_312' title='bbox 969 2918 1002 2951; x_wconf 87' lang='lat' dir='ltr'>p.</span> <span class='ocrx_word' id='word_1_313' title='bbox 1034 2906 1229 2941; x_wconf 84' lang='lat'>131—132.</span> <span class='ocrx_word' id='word_1_314' title='bbox 1259 2907 1456 2942; x_wconf 84' lang='lat'>136—138.</span> <span class='ocrx_word' id='word_1_315' title='bbox 1483 2907 1564 2942; x_wconf 88' lang='grc'>240.</span> 
     </span>
    </p>

    <p class='ocr_par' dir='ltr' id='par_1_14' title="bbox 324 2956 873 3003">
     <span class='ocr_line' id='line_1_41' title="bbox 324 2956 873 3003; baseline 0.005 -13"><span class='ocrx_word' id='word_1_316' title='bbox 324 2958 336 2977; x_wconf 81' lang='lat'><strong>⁴</strong></span> <span class='ocrx_word' id='word_1_317' title='bbox 362 2956 454 2991; x_wconf 90' lang='lat' dir='ltr'>Vide</span> <span class='ocrx_word' id='word_1_318' title='bbox 476 2968 586 3002; x_wconf 90' lang='lat' dir='ltr'>supra</span> <span class='ocrx_word' id='word_1_319' title='bbox 610 2970 645 3003; x_wconf 89' lang='lat' dir='ltr'>p.</span> <span class='ocrx_word' id='word_1_320' title='bbox 672 2958 873 2993; x_wconf 76' lang='lat'>239—241.</span> 
     </span>
    </p>

    <p class='ocr_par' dir='ltr' id='par_1_15' title="bbox 203 3009 1972 3110">
     <span class='ocr_line' id='line_1_42' title="bbox 325 3009 1972 3057; baseline 0.002 -13"><span class='ocrx_word' id='word_1_321' title='bbox 325 3011 337 3030; x_wconf 84' lang='lat'>⁵</span> <span class='ocrx_word' id='word_1_322' title='bbox 362 3009 635 3053; x_wconf 84' lang='lat' dir='ltr'>Augustanam;</span> <span class='ocrx_word' id='word_1_323' title='bbox 662 3013 787 3046; x_wconf 87' lang='lat' dir='ltr'>contra</span> <span class='ocrx_word' id='word_1_324' title='bbox 805 3023 912 3056; x_wconf 88' lang='lat' dir='ltr'>quam</span> <span class='ocrx_word' id='word_1_325' title='bbox 939 3013 980 3046; x_wconf 87' lang='lat' dir='ltr'>ut</span> <span class='ocrx_word' id='word_1_326' title='bbox 996 3012 1129 3047; x_wconf 89' lang='lat' dir='ltr'>Hosius</span> <span class='ocrx_word' id='word_1_327' title='bbox 1155 3012 1340 3055; x_wconf 87' lang='lat' dir='ltr'>scriberet,</span> <span class='ocrx_word' id='word_1_328' title='bbox 1368 3013 1535 3048; x_wconf 87' lang='lat' dir='ltr'>Canisius</span> <span class='ocrx_word' id='word_1_329' title='bbox 1553 3013 1747 3048; x_wconf 86' lang='lat' dir='ltr'>cardinalis</span> <span class='ocrx_word' id='word_1_330' title='bbox 1765 3013 1972 3057; x_wconf 84' lang='lat' dir='ltr'>Augustani</span> 
     </span>
     <span class='ocr_line' id='line_1_43' title="bbox 203 3062 1200 3110; baseline 0.004 -14"><span class='ocrx_word' id='word_1_331' title='bbox 203 3062 347 3097; x_wconf 83' lang='lat' dir='ltr'>nomine</span> <span class='ocrx_word' id='word_1_332' title='bbox 373 3063 505 3097; x_wconf 89' lang='lat' dir='ltr'>dudum</span> <span class='ocrx_word' id='word_1_333' title='bbox 533 3066 677 3107; x_wconf 82' lang='lat' dir='ltr'>egerat;</span> <span class='ocrx_word' id='word_1_334' title='bbox 706 3065 788 3098; x_wconf 81' lang='lat' dir='ltr'>vide</span> <span class='ocrx_word' id='word_1_335' title='bbox 818 3066 903 3099; x_wconf 75' lang='lat' dir='ltr'>Can.</span> <span class='ocrx_word' id='word_1_336' title='bbox 931 3064 1020 3110; x_wconf 86' lang='lat' dir='ltr'>Epp.</span> <span class='ocrx_word' id='word_1_337' title='bbox 1048 3066 1092 3107; x_wconf 87' lang='grc' dir='ltr'>ΙΙ,</span> <span class='ocrx_word' id='word_1_338' title='bbox 1119 3066 1200 3100; x_wconf 87' lang='grc'><strong>914.</strong></span> 
     </span>
    </p>
   </div>
  </div>
 </body>
</html>
