2093 3444
232 220 318 260 490
804 217 883 252 713.
921 217 1087 253 Cauisius
1113 216 1294 252 Stanislao
1319 216 1441 252 Hosio.

234 333 327 365 inter
351 343 386 365 se
410 333 597 366 rixantur.
641 333 833 366 Fabricius
861 339 985 367 contra
1011 335 1198 368 concillum
1230 335 1480 367 Tridentinum
1507 335 1729 377 impudenter
1753 336 1906 379 scripsit.
1944 336 2004 370 Ex

237 386 360 419 Gallia
381 386 494 429 pauci
512 386 599 419 libra·
624 387 703 419 nove?
726 387 829 420 allate?
853 392 945 420 sunt.
984 389 1160 421 Rumores
1177 389 1218 421 (le
1244 388 1415 420 militibus
1437 389 1620 431 (sermonis
1645 389 1684 420 in
1706 389 1861 421 Galliam
1888 394 2004 423 trans-

232 440 350 473 ituris.
396 439 752 482 Maydebzcryensizcm
781 439 1035 484 ‚,Cent2«riam“
1056 442 1114 475 VI.
1141 446 1170 475 et
1197 442 1309 475 Hosio
1335 445 1366 474 et
1391 441 1611 474 Foscarare'o
1636 443 1752 485 mittit,
1779 442 1870 476 alios
1894 443 2004 477 libros

226 497 351 536 postea
377 494 563 526 missurus.
614 493 773 526 Ecclesia
798 494 1045 536 reformanda.

456 581 551 623 Pax
583 581 739 624 Christi
772 582 995 625 nobiscum
1028 583 1326 626 Illustrissime
1358 582 1541 625 Domine
1573 583 1776 627 Patrone.

349 669 419 710 Ad
460 669 695 711 Henricum
740 673 969 713 nostrum1
1013 671 1164 714 literas
1205 670 1492 726 Antuerpiam
1536 671 1660 713 misi‘¹
1707 673 1751 714 et
1795 670 1904 714 alias
1948 672 2004 714 ad

230 735 281 778 D.
316 734 564 777 Cromerum
581 735 609 777 2.
674 735 740 777 De
782 750 984 778 successu
1026 737 1251 791 proximae
1292 736 1529 778 sessionis3
1571 751 1656 779 non
1696 751 1925 791 possumus
1958 736 2003 779 in

230 799 414 841 Domino
454 813 540 841 non
580 799 730 850 letari,
777 801 859 843 etsi
901 801 1002 855 quid
1043 802 1100 845 sit
1132 802 1175 843 in
1217 816 1269 844 ea
1302 802 1544 852 decretum,
1586 802 1669 844 huc
1702 802 1884 845 allatum
1916 816 2002 844 non

230 868 311 907 est.
354 865 418 906 Ac
451 865 504 907 de
531 865 730 919 Catalogi
763 866 935 919 quidem
958 867 1175 909 Roman&
1207 870 1360 922 optata
1392 867 1664 920 mitigatione
1696 869 1744 910 ut
1775 866 2003 921 scrupulus

228 929 273 971 in
304 930 488 983 legendo
529 930 611 985 piis
654 931 909 984 quibusdam
952 932 1191 983 eximatur,
1235 933 1367 985 longa
1409 934 1476 974 est
1511 932 1759 987 expectatio
1793 967 1801 975 .
1836 933 2002 974 Bonam

229 1009 334 1037 sane
366 996 590 1038 nauabunt
623 1010 812 1050 operam,
848 997 919 1051 qui
953 997 1188 1039 Censuram
1220 997 1339 1039 illam
1371 997 1415 1039 in
1440 998 1612 1051 Synodo
1646 996 2000 1040 tollerabiliorem

229 1061 433 1111 reddent,
467 1063 516 1103 ut
549 1062 764 1104 communi
796 1062 1015 1104 hominum
1048 1066 1295 1106 nostrorum
1334 1077 1453 1105 more
1486 1063 1651 1116 loquar.
1715 1063 1835 1106 Inter
1866 1076 2002 1104 nouos

228 1125 383 1176 libros,
426 1140 607 1180 quorum
650 1127 907 1181 Catalogum
949 1128 1130 1178 mitto⁵‚
1179 1130 1335 1171 extant
1384 1142 1516 1183 opera
1563 1127 1837 1171 Celsitudinis
1882 1128 2001 1169 Tuae

229 1190 408 1245 Parisijs
440 1191 682 1234 luculenter
714 1193 832 1235 edita
865 1196 910 1235 et
941 1192 984 1235 in
1018 1208 1148 1235 unum
1171 1194 1373 1236 uolumen
1406 1194 1518 1247 quod
1551 1208 1689 1247 neque
1719 1194 1892 1236 modum
1925 1207 2001 1235 ex-

229 1256 355 1307 cedit,
389 1257 570 1299 redacta
586 1258 613 1300 ὃ.
658 1257 879 1301 Mitterem
913 1259 1030 1309 illud,
1066 1258 1147 1300 nisi
1170 1259 1366 1313 Venetijs
1395 1259 1658 1301 commodius
1680 1258 1843 1301 adferri
1874 1271 2002 1313 posse

227 1324 440 1375 putarem.
504 1322 698 1376 Pergunt
730 1323 845 1366 inter
877 1338 923 1365 se
964 1323 1099 1366 rixari
1131 1324 1247 1366 Beza
1279 1327 1323 1366 et
1358 1324 1618 1374 Heshusius‚
1660 1324 1741 1366 hoc
1774 1326 1862 1374 est,
1905 1323 2001 1366 Cal-

228 1385 415 1429 uinistae
439 1390 482 1430 et
503 1387 794 1431 Lutheristae.
840 1389 1003 1430 Verum
1027 1389 1294 1431 Heshusiusb
1326 1389 1507 1431 Paulum
1530 1389 1718 1432 Eberum
1744 1389 1788 1431 in
1809 1403 2001 1444 pugnam

229 1465 399 1505 quoque
441 1453 678 1507 pertrahit,
729 1458 773 1497 et
817 1454 944 1496 simul
985 1454 1394 1508 Wittenbergenses
1438 1457 1638 1506 accusat,
1689 1454 1824 1497 ueluti
1866 1453 2001 1497 tacite

228 1516 409 1560 faueant
441 1532 526 1560 non
558 1519 697 1560 solum
730 1519 916 1574 Philippi
951 1520 1151 1573 magistri
1184 1520 1403 1571 manibus,
1447 1534 1598 1562 uerum
1636 1520 1768 1563 etiam
1801 1519 1998 1573 Zwinglij

229 1585 273 1625 et
313 1582 479 1625 Caluini
520 1584 843 1639 blasphemijs⁷.
910 1585 1053 1627 Atrox
1095 1586 1177 1628 hoc
1218 1586 1378 1628 bellum
1420 1589 1486 1628 est
1528 1585 1842 1636 Sectariorum,
1887 1584 2000 1638 quod

347 1734 361 1748 ²
390 1732 410 1761 5
435 1740 483 1762 vr.
510 1740 582 1773 sqq.
613 1731 646 1762 in
676 1741 786 1773 mar-9.
814 1730 939 1763 addita
963 1734 1057 1764 sunt.
1155 1730 1171 1750 b
1196 1729 1404 1764 Hedhusius
1430 1731 1558 1764 archet.

354 1865 360 1883 ¹
388 1863 583 1897 Henricum
611 1862 790 1897 Sibertum
818 1863 996 1908 Dunghen
1023 1864 1233 1898 canonicum
1260 1864 1366 1905 dicit;
1394 1864 1476 1898 vide
1502 1876 1611 1909 supra
1638 1876 1670 1908 p.
1696 1863 1896 1897 471-472.

350 1916 363 1936 ²
389 1916 434 1950 Et
460 1915 673 1960 Dunghenio
700 1918 736 1950 et
762 1916 931 1951 Cromero
958 1917 1092 1952 Hosius
1118 1917 1307 1962 scripsisse
1335 1917 1476 1951 omnino
1503 1918 1658 1951 videtur.

350 1970 362 1989 ³
388 1969 565 2004 Scssionis
592 1970 704 2004 XXII.
733 1970 810 2014 (VI.
837 1971 903 2005 sub
930 1970 994 2005 Pio
1022 1970 1111 2014 IV.),
1142 1972 1194 2005 17.
1224 1971 1445 2016 Septembris
1474 1971 1564 2005 1562
1591 1970 1746 2005 habitae.

349 2025 360 2042 ⁴
392 2023 589 2064 „Indice1n“
620 2023 791 2057 librorum
818 2024 1078 2068 prohibitorum
1106 2036 1125 2058 a
1152 2024 1266 2058 Paulo
1292 2024 1352 2058 IV.
1382 2024 1516 2059 editum
1544 2024 1735 2068 signifieat.

349 2077 362 2095 ⁵
389 2076 555 2110 Canisius
581 2076 763 2118 librorum,
792 2077 851 2121 qui
879 2077 1104 2112 Francofurti
1141 2078 1184 2112 ad
1212 2078 1380 2112 Moenum
1415 2078 1452 2112 in
1478 2080 1638 2112 mercatu
1669 2075 1907 2119 ,autumnaw
1937 2087 1996 2110 ve-

227 2129 330 2163 nales
356 2131 469 2171 erant,
499 2129 743 2174 „eataloguffl
776 2131 884 2172 misit,
912 2142 932 2164 a
960 2130 1115 2175 Georgio
1134 2131 1273 2171 Willer,
1301 2131 1494 2176 bibliopola
1520 2133 1732 2175 augustano,
1759 2129 1828 2164 sibi
1845 2129 1996 2163 Franco-

227 2182 325 2217 furto
351 2183 410 2216 vel
435 2183 586 2217 missum
613 2183 671 2217 vel
698 2183 867 2225 allatum;
896 2184 941 2219 cf.
972 2185 1059 2218 Can.
1085 2184 1175 2230 Epp.
1203 2185 1246 2225 ΙΙ,
1275 2185 1375 2226 744⁵,
1403 2187 1439 2219 et
1464 2196 1575 2229 supra
1600 2196 1634 2229 p.
1660 2183 1728 2218 238
1739 2184 1761 2217 ⁵.

348 2237 360 2256 ⁶
386 2236 489 2270 Hosii
515 2247 623 2281 opera
642 2236 791 2271 Parisiis
818 2248 849 2271 a.
871 2237 961 2271 1562
980 2237 1155 2282 Aegidius
1174 2237 1364 2279 Gorbinus,
1393 2237 1607 2273 Guilielmus
1628 2237 1791 2277 Desbois,
1818 2235 1996 2271 Sebastia-

227 2300 295 2323 nus
321 2288 510 2331 Nivellius,
539 2289 754 2324 Guilielmus
782 2290 948 2325 Cavellat
973 2290 1010 2324 in
1036 2291 1082 2324 20
1108 2290 1297 2325 ediderunt
1322 2291 1383 2332 ita,
1422 2293 1463 2325 ut
1489 2302 1532 2325 ea
1557 2292 1655 2325 esset
1684 2301 1774 2333 „una
1800 2289 1996 2333 eademque

228 2342 345 2383 editio,
372 2343 408 2376 in
435 2353 503 2386 qua
531 2343 685 2387 primum
712 2346 852 2377 tantum
876 2343 1002 2378 folium
1029 2346 1157 2389 quater
1182 2347 1361 2378 mutatum
1387 2346 1486 2379 est“:
1514 2344 1563 2378 ita
1588 2345 1735 2378 editores
1752 2342 1995 2388 Epistolarum

227 2395 329 2430 Hosii
355 2396 398 2437 II,
428 2396 672 2431 1006—1007.

348 2450 360 2469 ⁷
385 2449 617 2484 Tilemannus
644 2449 846 2484 Heshusius
884 2449 943 2495 (de
978 2462 1048 2495 quo
1083 2462 1193 2496 supra
1218 2462 1252 2496 p.
1280 2450 1386 2495 318³)
1424 2463 1456 2486 a.
1492 2451 1582 2485 1560
1613 2450 1914 2495 „Responsionem
1950 2447 1994 2482 ad

226 2502 485 2547 praeiudicium
522 2502 681 2548 Philippi
719 2503 1009 2538 Melanchthonis
1048 2504 1090 2538 de
1129 2504 1375 2539 controversia
1413 2516 1545 2539 coenae
1580 2503 1742 2538 Domini¹⁴
1781 2505 1818 2537 et
1842 2513 1874 2536 a.
1903 2501 1991 2536 1561

230 2555 493 2599 „Bekanntniss
527 2567 609 2590 vom
645 2556 861 2591 Nachtmahl
893 2558 981 2591 Jesu
1009 2557 1143 2592 Christi
1171 2584 1178 2591 .
1206 2585 1213 2591 .
1240 2558 1351 2592 wider
1385 2558 1453 2592 den
1479 2557 1611 2592 Rotten
1638 2556 1761 2598 Geist,
1796 2555 1839 2590 D.
1867 2554 1994 2589 Albert

225 2609 481 2653 Hardenberg“
504 2609 676 2643 ediderat.
712 2608 834 2652 Quem,
862 2613 1005 2655 praeter
1023 2610 1124 2653 alios,
1142 2611 1277 2646 Paulus
1295 2611 1389 2645 Eber
1410 2609 1690 2654 (1511--1569)‚
1715 2609 1993 2655 protestantium

227 2662 571 2706 vitembergensium
602 2663 940 2707 „superintendens“
971 2666 1008 2698 et
1024 2664 1229 2708 theologiae
1254 2664 1291 2698 in
1310 2675 1352 2698 ea
1369 2663 1607 2698 universitate
1625 2663 1806 2708 professor
1831 2662 1867 2696 in
1893 2673 1993 2707 prae-

227 2716 361 2751 fatione
388 2716 642 2750 commentario
669 2716 960 2751 Melanchthonis
987 2717 1024 2751 in
1058 2718 1213 2763 priorem
1248 2717 1294 2752 ad
1321 2717 1524 2752 Corinthios
1563 2716 1755 2762 epistulam
1788 2714 1994 2761 praeposita

226 2768 475 2814 reprehendit,
514 2768 609 2813 quod
643 2769 873 2804 inhumanius
908 2770 1084 2805 adversus
1109 2770 1424 2805 Melanchthonem
1459 2770 1644 2804 scriberet.
1695 2770 1815 2813 Atque
1841 2780 1873 2802 a.
1902 2768 1989 2802 1561

227 2822 396 2858 Genevae
421 2822 458 2856 in
483 2821 601 2856 lucem
627 2822 781 2856 emissus
808 2825 863 2857 est
888 2822 979 2857 liber
1007 2822 1251 2869 ,Ιίρεωφαγία
1277 2823 1354 2858 siue
1382 2823 1546 2868 Cyclops.
1576 2821 1670 2862 ''Ouog
1695 2821 1992 2867 συλλογιζόμενος,

226 2876 304 2910 siue
329 2875 516 2921 Sophista:
552 2874 694 2919 Dialogi
730 2875 798 2909 duo
825 2876 867 2910 de
902 2888 989 2911 vera
1015 2876 1337 2911 communicatione
1363 2877 1522 2921 corporis
1554 2878 1591 2911 et
1624 2875 1812 2920 sanguinis
1838 2873 1990 2916 Domini,

226 2929 402 2963 aduersus
427 2928 600 2963 Tileman.
627 2927 799 2963 Heshusii
833 2929 981 2964 somnia.
1034 2929 1099 2964 His
1134 2930 1289 2964 accessit
1323 2929 1499 2964 abstersio
1534 2929 1687 2964 aliarum
1722 2927 1991 2969 calumniarum,

227 2981 356 3027 quibus
383 2982 576 3027 adspersus
602 2983 659 3016 est
683 2982 732 3016 Ιο.
759 2981 932 3017 Caluinus
958 2983 1002 3017 ab
1037 2983 1161 3018 eodem
1186 2982 1386 3018 Heshusio:
1413 2982 1609 3028 Perspicua
1635 2981 1827 3028 explicatio
1853 2982 1990 3015 contro-

226 3035 368 3069 uersiae
394 3035 437 3069 de
464 3034 582 3069 Coena
607 3034 749 3069 Domini
775 3046 839 3080 per
864 3035 1091 3070 Theodorum
1117 3036 1259 3078 Bezam,
1285 3035 1503 3070 Vezelium.“
1549 3036 1603 3070 Ac
1629 3047 1709 3070 cum
1735 3033 1990 3069 Melanchthon

226 3088 332 3133 paulo
358 3090 441 3122 ante
467 3090 619 3122 mortem
649 3087 818 3130 „iudicio“
840 3088 1006 3132 Augusto
1025 3089 1202 3124 Saxoniae
1219 3089 1373 3134 principi
1400 3088 1547 3123 electori
1571 3088 1706 3123 tradito
1723 3086 1989 3133 synergismum

227 3141 447 3175 defendisset
472 3143 508 3175 et
532 3140 691 3184 theologi
717 3141 1028 3185 vitembergenses
1055 3154 1086 3176 a.
1107 3143 1196 3177 1561
1225 3141 1341 3176 simile
1367 3142 1538 3176 iudicium
1565 3140 1874 3186 conscripsissent,
1901 3138 1989 3172 Hes-

226 3193 372 3235 husius,
410 3194 472 3238 qui
506 3194 576 3228 iam
612 3206 643 3228 a.
674 3194 764 3229 1560
790 3194 942 3229 Bremae
978 3197 1102 3229 contra
1136 3194 1453 3229 Melanchthonem
1488 3196 1523 3229 et
1556 3194 1713 3229 Eberum
1747 3204 1790 3227 ac
1819 3191 1989 3237 „Crypto-
