2093 3444
523 166 678 200 Monuni.
709 166 933 211 (tridentina)
965 168 1043 202 367.
1072 168 1144 211 (15.
1172 168 1262 202 Iunii
1291 168 1408 212 1:362.)
1762 172 1844 213 749

82 281 479 332 communicabant,
523 284 636 336 quod
669 288 714 327 et
744 284 880 327 refert
918 299 1036 328 conc.
1071 285 1320 328 Basileense
1342 287 1365 329 ¹.
1428 285 1497 328 Ad
1528 287 1582 329 II.
1617 290 1700 331 art.
1732 302 1844 342 resp.

80 361 166 389 non
207 347 433 402 expedire,
478 350 527 390 ut
571 349 623 390 de
667 349 783 391 facili
827 364 930 391 usus
971 350 1117 393 calicis
1162 352 1435 394 concedatur.
1504 351 1572 394 Ad
1613 353 1688 395 ΠΙ.
1731 368 1844 408 resp.

79 411 310 454 haereticis
341 426 426 454 non
461 416 528 455 est
559 414 855 456 concedendus
888 415 1020 465 calix,
1056 430 1108 457 ne
1141 419 1375 459 sanctum
1408 416 1557 458 detur
1590 418 1843 461 canibus2.

80 476 190 519 Sunt
230 477 362 530 aliqui
406 480 633 528 nutantes,
690 479 761 532 qui
803 479 1041 523 circundati
1082 483 1182 523 sunt
1223 481 1277 523 ab
1318 481 1572 532 haereticis,
1619 483 1694 525 sed
1735 484 1845 526 alias

80 541 281 584 catholici
313 545 434 592 sunt,
478 543 557 584 1100
590 545 760 586 tantum
794 548 969 598 petunt,
1012 548 1060 588 ut
1101 546 1234 588 calice
1268 546 1331 589 uti
1373 546 1434 588 eis
1466 546 1618 598 liceat,
1662 563 1747 590 11011
1779 549 1844 590 vi-

80 607 256 650 deretur
297 607 597 660 denegandus,
644 623 739 650 cum
784 609 892 651 alias
936 610 980 651 in
1019 610 1228 664 religione
1272 613 1316 653 et
1357 611 1499 653 officio
1539 612 1719 655 retineri
1760 628 1844 655 non

77 676 281 726 possunt:
325 673 438 725 quod
469 673 598 715 valde
640 674 997 716 considerandum
1040 676 1276 730 proposuit.
1341 677 1406 718 De
1439 677 1642 719 Bohemis
1684 681 1842 729 autem,

79 737 150 790 qui
192 738 244 779 ob
286 737 529 780 absentiam
566 741 789 792 pastorum
830 739 873 780 in
915 740 1061 782 varios
1102 754 1271 783 errores
1311 740 1575 793 inciderunt,
1620 744 1845 798 proposuit

78 802 437 844 considerandum
471 803 713 855 convenire,
748 806 795 846 ut
818 805 1091 856 concedatur,
1126 809 1174 848 ut
1207 806 1261 848 ad
1282 806 1410 847 fidem
1442 807 1486 848 in
1518 807 1715 850 omnibus
1747 809 1843 850 aliis

77 870 369 912 revertantur.
427 868 698 922 Cuperetque
729 869 845 911 tradi
887 870 1247 924 explicationema
1286 871 1413 925 hujus
1451 873 1712 916 sacramenti
1728 874 1756 923 3,
1799 877 1844 916 et

75 932 190 975 inter
222 933 425 976 caeterab
457 933 583 977 Joan.
612 934 686 976 VI.
720 934 838 987 loqui
870 935 921 976 de
954 935 1227 985 eucharistia,
1262 950 1388 989 quem
1419 936 1482 978 ita
1513 936 1841 991 intelligendum

77 998 388 1053 comprobavit,
421 1001 470 1041 ut
492 998 712 1053 Chrysost.
747 999 873 1042 docet
888 1001 916 1050 4,
952 1014 1048 1041 cum
1079 1000 1136 1042 ibi
1166 1001 1359 1044 Christus
1393 1002 1444 1043 de
1476 1016 1600 1055 pane,
1635 1003 1687 1045 de
1719 1018 1841 1046 man-

77 1063 306 1106 ducatione
338 1067 383 1107 et
413 1064 619 1107 bibitione
651 1064 867 1118 loquatur,
902 1079 997 1107 cum
1030 1065 1065 1107 si
1098 1066 1150 1107 de
1181 1066 1264 1108 fide
1290 1067 1428 1108 voluit
1458 1067 1715 1121 intelligere,
1750 1069 1841 1110 suf-

76 1129 252 1171 fecisset
284 1129 426 1171 dicere
447 1129 490 1171 id
523 1129 727 1183 explicite
759 1144 843 1171 uno
866 1131 1012 1181 verbo,
1046 1133 1090 1172 et
1121 1131 1384 1185 improbavit
1406 1132 1650 1186 opinionem
1677 1147 1839 1184 eorum,

76 1194 148 1248 qui
179 1194 430 1248 intelligunt
462 1195 515 1237 de
546 1194 837 1249 spirituali05,
881 1196 1137 1249 praesertim
1179 1211 1274 1238 cum
1314 1197 1471 1239 dicitur
1501 1212 1586 1240 non
1623 1198 1757 1240 fuisse
1790 1213 1859 1253 eo·

74 1263 271 1314 tempore
302 1261 383 1303 1100
415 1263 734 1303 sacramentum
767 1260 1096 1311 institutumssd,
1132 1276 1216 1303 non
1250 1262 1423 1304 obstare
1456 1269 1577 1304 cume
1610 1263 1842 1307 admoneat

76 1325 127 1368 de
158 1325 446 1375 instituendo,
489 1328 538 1368 ut
570 1326 696 1368 Joan.
729 1326 804 1369 ΠΙ.
838 1326 945 1368 facit
977 1327 1028 1368 de
1062 1327 1276 1381 baptismo
1294 1328 1330 1376 73
1374 1330 1418 1370 et
1450 1327 1591 1369 aliudf
1626 1329 1799 1371 decerni
1813 1335 1839 1380 ς,

73 1392 245 1433 tantum
279 1392 357 1433 sub
389 1391 515 1442 unah,
551 1394 759 1444 quantum
792 1391 870 1432 sub
902 1394 1086 1445 utraque
1113 1392 1322 1434 contineri
1356 1393 1407 1434 de
1439 1392 1583 1436 fructu
1616 1396 1660 1436 et
1681 1394 1838 1447 gratia.

192 1530 206 1545 ἢ
233 1524 424 1569 explicatio
451 1525 559 1559 Mass.
588 1527 659 1567 (ita
684 1527 803 1559 saltem
832 1530 861 1558 et
892 1526 953 1559 Th..
981 1531 1011 1558 et
1037 1527 1256 1559 emendatum
1283 1537 1339 1569 ap.
1367 1527 1512 1567 meum).

191 1578 206 1598 b
234 1579 479 1621 Setpplendmn
504 1589 573 1612 esse
608 1580 751 1612 omnino
785 1580 944 1612 ridetur:
978 1580 1126 1622 cuperet
1160 1590 1180 1612 a
1206 1578 1347 1623 Synodo
1384 1579 1582 1623 declarari;
1615 1583 1705 1615 sicut
1731 1583 1839 1616 Mass.

73 1632 115 1665 de
141 1632 362 1666 Salmeronis
394 1643 552 1665 sermone
586 1633 708 1665 iisdem
743 1633 784 1665 (Ze
819 1633 982 1665 articulis
1016 1633 1134 1666 habito
1169 1635 1321 1666 notavit.-
1357 1639 1517 1677 „cuperet
1551 1645 1574 1667 (ι
1610 1635 1753 1678 Sfflzodo
1784 1637 1839 1668 ‹Ie-

73 1686 214 1719 οΖανανὶ
238 1685 301 1719 hoc
328 1690 433 1728 caput
449 1685 523 1727 [Io.
543 1686 631 1728 VI.]
656 1686 755 1729 loqui
780 1686 821 1718 de
846 1684 1101 1719 Euclem·istia“
1130 1686 1201 1726 (Le
1227 1686 1307 1718 Plat
1332 1687 1354 1720 ῖ.
1374 1699 1400 1719 (·.
1429 1687 1466 1730 V,
1493 1688 1593 1727 277).
1630 1689 1724 1731 Vide,
1751 1700 1840 1732 quae

76 1739 179 1782 infra
198 1750 237 1782 p.
266 1741 335 1772 750
362 1739 591 1773 notabuntur.
711 1745 722 1759 ⁰
750 1739 900 1782 Supple:
925 1738 1210 1773 manducatione.

192 1792 207 1812 ‘¹
235 1792 477 1836 Supplendemz
500 1793 674 1834 fortasse:
698 1791 735 1825 id
762 1791 858 1825 dicit.

193 1851 204 1866 θ
231 1846 385 1889 Supple:
411 1845 590 1879 Christus.

194 1898 206 1919 s
235 1899 388 1942 Schple:
413 1909 553 1943 quoque
580 1898 679 1943 cupit
705 1899 775 1932 vel.-
801 1897 908 1932 etiam
935 1900 1082 1942 cuperet
1107 1899 1158 1932 vel
1183 1899 1322 1942 ale'qzcc'd
1347 1899 1470 1932 simile.

191 1958 206 1978 g
233 1953 385 1996 Supple:
410 1951 549 1986 scilicet
574 1953 644 1985 vel:
670 1951 847 1985 videlicet.

190 2005 207 2026 ¹¹
231 2007 291 2039 Vel
315 2007 373 2039 hic
396 2006 447 2039 vel
465 2010 547 2049 post
572 2008 726 2049 utraque
752 2006 1006 2048 supplendum:
1031 2004 1150 2049 specie
1177 2003 1426 2039 eucharistiae.

195 2139 206 2159 ¹
236 2138 433 2173 Concilium
459 2139 649 2172 basileense
674 2137 711 2171 in
737 2137 897 2171 sessione
922 2136 1047 2177 XXX„
1074 2136 1130 2170 23.
1157 2136 1364 2171 Decembris
1393 2136 1482 2171 1437
1509 2137 1650 2173 habita:
1682 2138 1838 2181 „Lauda-

71 2192 187 2234 bilis“‚
222 2192 358 2236 inquit,
397 2192 639 2234 „consuetudo
666 2190 950 2225 communicandi
976 2190 1107 2223 laicum
1134 2189 1303 2234 populum
1330 2190 1396 2224 sub
1422 2202 1492 2224 una
1527 2192 1665 2235 specie,
1704 2192 1748 2226 ab
1775 2192 1838 2227 Ec-

73 2246 181 2281 clesia
209 2247 245 2280 et
270 2245 405 2280 sanctis
430 2245 594 2290 patribus
620 2243 883 2278 rationabiliter
908 2243 1121 2281 introducta,
1148 2245 1184 2276 et
1209 2243 1384 2277 hactenus
1411 2243 1610 2278 diutissime
1636 2245 1838 2287 observata,

73 2302 109 2334 et
135 2311 155 2334 a
182 2299 387 2334 doctoribus
413 2298 557 2333 divinae
583 2297 675 2342 legis
701 2308 886 2332 sacrarum
912 2296 1171 2341 scripturarum
1206 2298 1315 2340 atque
1351 2308 1525 2330 canonum
1559 2297 1711 2332 multam
1749 2298 1838 2344 peri-

71 2353 160 2387 tiam
186 2352 420 2394 habentibus,
452 2352 527 2397 jam
554 2363 574 2385 a
600 2351 776 2394 longaevo
802 2352 962 2395 tempore
988 2349 1254 2389 commendata,
1281 2361 1343 2394 pro
1369 2349 1450 2393 lege
1475 2349 1639 2385 habenda
1665 2353 1737 2392 est,
1773 2364 1838 2386 1100

72 2405 180 2441 alicui
205 2406 344 2440 licitum
370 2408 426 2440 est
452 2417 531 2439 eam
556 2405 767 2450 reprobare,
803 2406 865 2438 aut
900 2403 975 2437 sine
1011 2403 1226 2437 auctoritate
1252 2402 1436 2437 Ecclesiae
1472 2403 1587 2448 ipsam
1624 2405 1835 2439 immutare“

75 2459 215 2504 (Mansi
239 2459 261 2494 l.
289 2471 318 2494 0.
345 2459 476 2495 XXIX.
506 2458 603 2501 158).

193 2513 207 2533 2
234 2512 364 2547 Matth.
392 2513 424 2551 7,
452 2513 484 2546 6.

193 2567 206 2587 3
230 2566 333 2607 Vide,
361 2577 453 2610 quae
479 2565 545 2599 sub
572 2564 689 2609 ipsum
715 2564 810 2597 1111110
834 2574 1036 2597 sermonem
1062 2562 1233 2596 dicentur.

191 2621 205 2640 4
230 2619 388 2653 Maxime
414 2619 450 2653 in
475 2618 633 2652 homiliis
658 2618 714 2651 46.
742 2618 778 2650 et
802 2616 858 2650 47.
889 2615 994 2659 (alias
1011 2616 1067 2649 45.
1096 2617 1132 2649 et
1148 2615 1221 2658 46.)
1250 2615 1287 2648 in
1311 2615 1491 2658 Ioannem,
1519 2616 1647 2660 quibus
1665 2616 1713 2651 Io.
1734 2617 1765 2659 6,
1791 2617 1834 2651 41

72 2673 118 2707 ad
144 2673 190 2708 54
215 2672 362 2718 exponit
391 2672 537 2716 (filique,
562 2671 634 2705 PP.
661 2670 737 2705 GG.
764 2668 854 2711 LlX,
881 2668 1099 2712 257—270).

193 2727 206 2746 ⁵
230 2726 306 2767 Ita,
343 2725 554 2760 Caietanum
579 2723 804 2769 potissimum
831 2722 964 2763 secuti,
1000 2722 1049 2756 Io.
1076 2721 1137 2755 VI.
1164 2721 1391 2766 interpretati
1417 2723 1538 2763 erant,
1578 2723 1638 2767 qui
1663 2725 1747 2756 ante
1774 2722 1837 2757 Ca-

71 2780 203 2814 nisium
237 2779 274 2814 in
309 2778 458 2813 concilio
497 2778 760 2816 disserueram,
798 2775 956 2818 theologi
990 2774 1168 2809 Antonius
1203 2774 1373 2816 Solisius,
1413 2775 1585 2809 Camillus
1621 2776 1838 2820 Campegius

72 2833 114 2868 O.
132 2833 204 2875 Pr.‚
231 2833 383 2867 loannes
410 2833 452 2866 de
478 2831 649 2865 Ludenna
679 2828 882 2872 (Ludegna)
912 2828 952 2862 O.
981 2828 1039 2862 Pr.
1069 2828 1290 2873 (Massarelli
1315 2829 1407 2862 Acta
1432 2828 1455 2863 l.
1484 2840 1512 2863 0.
1539 2829 1592 2870 H,
1619 2829 1651 2864 8.
1681 2830 1735 2864 10.
1764 2829 1837 2873 16).

72 2886 182 2921 Plura
207 2886 291 2920 vide
316 2886 382 2920 sub
408 2885 527 2930 ipsun]
553 2884 647 2918 hunc
674 2882 808 2916 Canisii
834 2893 1044 2916 sermonem.

193 2940 206 2960 ⁶
231 2940 409 2973 Ludenna
442 2949 547 2972 mane
581 2936 739 2970 eiusdem
776 2935 847 2969 diei
882 2935 1041 2969 dixerat:
1077 2934 1238 2979 Sumptio
1274 2934 1513 2969 eucharistiae
1553 2935 1607 2977 „in
1642 2935 1744 2970 Joan.
1775 2935 1836 2970 VI.

72 3005 143 3027 non
168 2993 407 3038 praecipitur,
441 3002 556 3034 neque
583 2990 648 3024 sub
674 3000 765 3030 una,
800 2999 915 3032 neque
941 2987 1006 3022 sub
1033 2987 1148 3022 altera
1174 2986 1340 3032 [specie],
1376 2987 1614 3032 praecipitur,
1651 3000 1730 3022 011111
1762 2988 1836 3034 jam

73 3048 339 3081 sacramentum
364 3044 431 3079 hoc
457 3056 527 3078 non
553 3046 631 3077 erat
656 3042 881 3083 institutum,
920 3040 1022 3086 cujus
1056 3053 1127 3075 non
1163 3041 1268 3075 datur
1301 3042 1532 3086 praeceptum
1568 3042 1761 3086 antequam
1786 3042 1837 3076 in-

73 3100 265 3135 stituatur“
299 3098 550 3142 (Massarellus
574 3096 597 3130 l.
625 3107 653 3130 c.
682 3095 724 3137 ΙΙ,
754 3095 824 3138 16).

194 3153 206 3173 ⁷
234 3152 286 3186 Cf.
314 3151 362 3185 Io.
389 3151 421 3192 3,
449 3150 552 3184 3-8.
