2093 3444
214 182 267 222 70
380 178 459 213 530.
496 178 647 211 Ioannes
674 176 716 210 de
743 175 897 210 Polanco
925 175 1078 210 Canisio.
1122 176 1235 210 Roma
1263 176 1316 210 11.
1347 175 1421 219 (vel
1450 176 1520 219 12.)
1548 176 1673 210 Martii
1701 177 1802 210 1561.

329 295 518 337 Primum
542 308 747 336 concessa
770 297 838 336 est
860 293 1047 335 facultas
1070 293 1323 334 absoluendi
1346 307 1371 335 a
1394 293 1564 336 casibus
1587 294 1778 336 haeresis
1800 295 1870 336 uel
1891 295 1978 335 lec—

209 360 340 404 tionis
362 361 568 402 librorum
593 359 907 413 prohibitorum
940 361 984 400 et
1016 358 1112 412 alijs
1136 361 1287 400 contra
1309 358 1437 400 fidem
1469 361 1598 413 prout
1630 373 1656 400 a
1680 359 1776 401 ‚PR
1799 360 1826 401 J
1830 358 1914 402 ulio
1939 361 1979 401 .3

210 439 462 468 concessum
496 424 703 467 Societati
744 423 939 473 fuerat1,
983 426 1026 465 et
1060 422 1303 464 huiusmodi
1345 423 1664 465 concessionem
1705 423 1879 466 minime
1911 438 1980 466 re-

209 490 355 532 uocari
398 490 531 532 etiam
572 503 649 543 per
689 489 859 530 Bullam
902 488 946 529 in
989 502 1124 529 caena
1166 487 1325 529 domini
1367 488 1548 541 singulis
1590 489 1714 530 annis
1754 489 1838 542 legi
1882 503 1979 531 con-

210 558 380 598 suetam
421 567 628 608 expresse
669 553 935 596 declaratum
979 554 1099 603 est2,
1142 553 1266 595 iuxta
1305 553 1561 606 qualitatem
1602 557 1749 596 tamen
1791 553 1980 596 criminis

210 621 308 662 vel..
341 618 402 674 [P]
436 632 661 674 personae,
696 619 825 660 debet
855 617 948 659 fieri
981 617 1195 660 abiuratio
1227 618 1270 659 in
1302 618 1444 660 forma
1474 618 1656 660 iuridica
1690 617 1878 673 [publice
1910 619 1981 660 vel

210 683 436 740 priuatim]
452 684 480 726 ¹³.

331 753 371 791 2⁰
404 763 610 791 concessa
642 752 709 791 est
750 748 939 790 facultas
973 747 1249 802 dispensandi
1281 747 1325 789 in
1358 750 1454 790 tota
1487 749 1715 802 Superiore
1749 749 1982 791 Germania

212 816 341 869 (quae
365 815 420 857 ad
442 813 679 863 Austriam,
714 813 966 855 Bohemiam
989 816 1034 855 et
1056 812 1164 854 alias
1189 812 1562 867 Septentrionales
1587 814 1787 866 legiones
1808 814 1980 856 illarum

210 880 399 935 partium
423 894 470 921 se
493 879 690 922 extendit
704 879 732 932 )
766 881 815 920 ut
847 878 1014 933 possint
1046 878 1224 921 letineii
1256 878 1354 920 libri
1386 878 1560 950 quidam
1592 879 1796 932 prohibiti
1828 879 1871 920 in
1902 880 1982 921 Jn-

212 946 305 988 dice
338 944 392 998 (si
424 959 509 987 non
542 947 688 986 essent
721 944 773 985 de
806 943 1083 997 dogmatibus
1116 943 1365 997 haereticis)
1397 943 1440 985 iu
1473 958 1597 985 Vsum
1631 958 1767 986 suum.

331 1012 372 1052 3⁰
405 1009 657 1052 conceditui
688 1009 877 1051 facultas
920 1008 1198 1063 dispensandi
1239 1023 1334 1050 cuin
1377 1009 1633 1062 quibusdam
1674 1011 1763 1051 tam
1798 1009 1841 1051 in
1875 1010 1981 1052 Ger-

211 1076 355 1118 mania
389 1090 517 1129 quam
551 1075 592 1116 in
626 1074 722 1128 alijs
755 1074 861 1115 locis
894 1074 965 1115 ubi
998 1073 1202 1128 expedire
1232 1073 1493 1116 iudicabitur
1526 1074 1639 1116 circa
1676 1074 1847 1124 ieiunia,
1883 1075 1982 1128 quia

211 1156 296 1183 non
340 1141 469 1183 facile
514 1139 708 1182 homines
752 1139 1013 1181 inducuntur
1057 1139 1112 1181 ad
1153 1139 1428 1181 ieiunandum
1472 1139 1703 1194 praecipue
1747 1140 1801 1182 ad
1842 1143 1981 1183 totam

212 1206 602 1260 quadragesimam.
668 1205 761 1246 Hoc
793 1207 941 1247 tamen
974 1219 1069 1246 cuin
1103 1204 1351 1246 ordinario3
1384 1204 1690 1246 conferendum
1724 1208 1803 1248 est.

331 1274 373 1313 4⁰
405 1270 603 1313 similiter
633 1270 882 1312 conceditur
904 1270 1092 1312 facultas
1116 1269 1391 1324 dispensandi
1414 1270 1662 1324 specialiter
1683 1270 1725 1311 in
1751 1271 1983 1313 Germania

212 1340 256 1380 et
298 1337 394 1390 alijs
435 1335 684 1389 regionibus
717 1335 1139 1390 Septentrionalibus
1179 1337 1228 1377 ut
1268 1335 1406 1388 possit
1448 1335 1529 1377 dici
1572 1335 1761 1377 officium
1794 1337 1983 1378 nouum⁴

212 1405 340 1445 extra
372 1402 560 1452 chorum,
596 1401 855 1443 conferendo
890 1401 1019 1442 etiam
1055 1414 1150 1441 cum
1185 1399 1413 1443 ordinario.

348 1469 385 1509 5.
421 1466 529 1516 Quia
561 1466 686 1508 multi
710 1466 761 1507 de
786 1466 1004 1508 Societate
1028 1465 1259 1507 mittuntur
1281 1466 1335 1507 ad
1358 1465 1528 1507 terrasd
1557 1466 1809 1519 jnfidelium,
1844 1466 1982 1508 Here-

211 1532 394 1575 ticorum
428 1532 496 1574 uel
520 1531 913 1580 schismaticorum,
948 1531 1017 1572 uel
1041 1533 1159 1573 certe
1189 1530 1260 1572 ubi
1292 1545 1476 1584 magnus
1498 1531 1738 1573 huiusmodi
1763 1532 1982 1574 hominum

212 1611 417 1640 numerus
450 1601 538 1647 est,
582 1596 834 1638 conceditur
865 1596 1054 1638 facultas
1096 1596 1378 1650 conuersandj
1413 1611 1509 1638 cuin
1541 1596 1701 1639 talibus
1742 1599 1787 1639 et
1828 1597 1982 1638 missas

213 1662 457 1705 celebrandi
491 1662 582 1704 sine
605 1662 820 1716 scrupulo,
855 1662 959 1703 licet
980 1661 1023 1702 in
1056 1661 1250 1715 ecclesijs
1273 1661 1342 1703 ubi
1369 1662 1645 1704 celebrantur
1667 1662 1810 1704 adsint
1836 1662 1982 1703 huius-

212 1728 326 1783 modj
365 1727 559 1769 homines
599 1727 814 1776 infideles,
858 1726 1065 1768 haeretici
1109 1727 1176 1767 uel
1211 1727 1496 1770 Schismatici.
1560 1727 1654 1769 Hoc
1691 1730 1839 1769 tamen
1881 1741 1982 1769 con—

213 1793 380 1835 ceditur
421 1793 492 1834 ubi
533 1792 770 1834 necessitas
813 1792 866 1834 ad
905 1792 947 1833 id
989 1791 1244 1845 adstringit,
1288 1795 1331 1834 et
1372 1792 1610 1846 periculum
1652 1796 1768 1834 esset
1809 1792 1982 1834 maioris

215 1858 422 1908 scandali,
456 1857 491 1899 si
525 1858 653 1899 aliter
687 1858 811 1899 fieret
827 1858 855 1900 ⁵.

1353 1916 1575 1958 Jolianiies
1608 1916 1660 1958 de
1693 1917 1920 1960 Polanco

333 2022 346 2036 ³
373 2018 429 2049 lta
458 2018 511 2055 A‚-
536 2017 595 2049 sed
621 2017 741 2048 malim
770 2017 880 2058 leym-e
906 2027 958 2058 ac,
986 2015 1078 2058 quod
1104 2020 1151 2047 esf
1179 2017 1213 2048 ln
1246 2016 1281 2048 C.

335 2070 348 2089 ¹³
375 2070 472 2103 Haec
496 2070 694 2112 supplenda
720 2080 789 2102 esse
815 2074 843 2102 et
872 2071 947 2111 ipsa
974 2080 1031 2102 res
1055 2069 1189 2111 suadet,
1216 2070 1252 2101 et
1278 2069 1326 2112 C,
1354 2069 1447 2111 quod
1471 2069 1592 2102 habet:
1619 2068 1734 2102 Debet
1758 2071 1879 2102 tamen
1905 2068 1983 2103 fieri

214 2122 391 2156 abiuratio
418 2122 453 2155 in
480 2121 595 2156 forma
613 2121 764 2156 iuridica
783 2121 924 2166 publice
943 2121 1000 2155 vel
1020 2121 1190 2166 priuatim
1208 2122 1310 2155 iuxta
1329 2121 1541 2165 qualitatem
1560 2121 1719 2156 criminis
1738 2133 1779 2155 ac
1798 2133 1982 2167 personae.

333 2183 344 2195 ⁹
375 2175 575 2209 extendunt
603 2176 640 2209 C.
737 2175 751 2195 ‘¹
778 2177 911 2209 terram
941 2176 976 2209 C.
1076 2180 1087 2194 ‘³
1119 2174 1275 2208 Pal-anco
1305 2176 1341 2208 C.

338 2299 346 2318 ¹
374 2297 487 2331 Iulius
513 2297 574 2330 HI.
611 2296 743 2330 litteris
771 2297 883 2331 Roma
909 2297 964 2331 22.
993 2296 1160 2331 Octobris
1189 2297 1278 2331 1552
1314 2297 1408 2331 datis
1443 2297 1646 2342 praeposito
1681 2297 1839 2341 generali
1867 2297 1982 2332 Socie-

214 2351 302 2385 tatis
330 2351 409 2385 Iesu
437 2353 473 2384 et
496 2349 609 2384 Sociis
636 2362 698 2394 per
724 2361 804 2383 eum
831 2350 1063 2394 designandis
1091 2351 1268 2384 concessit
1293 2350 1592 2394 confirmavitque
1619 2351 1829 2385 facultatem
1860 2362 1982 2395 „quos-

214 2415 368 2448 cumque
395 2415 416 2438 a
441 2403 585 2438 casibus
611 2403 772 2437 haeresis
799 2405 833 2437 et
860 2403 940 2437 aliis
967 2405 1091 2438 contra
1116 2404 1232 2443 fidem,
1260 2406 1296 2437 et
1322 2404 1623 2447 consequentibus
1650 2404 1810 2438 censuris
1837 2404 1984 2448 quibus-

215 2469 368 2502 cumque
387 2484 395 2492 .
415 2484 421 2490 .
442 2457 662 2497 absoluendi,
690 2459 726 2490 et
744 2459 922 2500 quatenus
941 2468 1029 2502 opus
1048 2456 1105 2497 sit,
1124 2457 1159 2490 in
1178 2456 1255 2491 foro
1274 2456 1514 2491 conscientiae
1533 2456 1784 2501 dispensandi“
1809 2458 1984 2500 (Litterae

215 2510 434 2555 apostolicae
460 2522 494 2555 p.
523 2510 595 2553 73).

335 2564 348 2584 2
374 2564 414 2597 In
445 2562 570 2605 „Bulla
597 2562 756 2597 Coenae“
787 2563 1015 2603 edicebatur,
1050 2574 1095 2596 ne
1123 2561 1204 2607 quis
1229 2563 1433 2598 haereticus
1460 2565 1527 2597 etc.
1555 2575 1618 2608 per
1643 2563 1752 2597 alium
1788 2574 1895 2607 quam
1929 2575 1982 2597 ro·

215 2628 360 2651 inanum
386 2616 604 2661 pontificem,
630 2616 701 2650 nisi
728 2616 783 2657 „in
811 2616 962 2650 articulo
981 2616 1126 2650 mortis*
1150 2615 1378 2658 constitutus,
1406 2616 1666 2651 absolveretur.
1703 2616 1756 2650 Cf.
1776 2618 1984 2651 Bullarium

216 2670 416 2704 Romanum
442 2669 493 2703 VI
523 2669 687 2712 (Taurini
717 2669 836 2713 1860),
864 2669 943 2703 223.

337 2724 350 2743 3
377 2722 465 2756 Cum
492 2722 659 2766 episcopo
686 2722 860 2756 dioecesis
886 2722 946 2756 vel
973 2722 1049 2756 eius
1073 2722 1230 2762 ⁴vicario;
1259 2722 1342 2756 vide
1367 2721 1462 2756 infra
1487 2734 1519 2767 p.
1547 2722 1603 2757 83.

336 2777 349 2796 4
375 2776 528 2809 Brevius
554 2775 643 2809 illud
673 2775 910 2817 „breviarium
937 2777 1086 2810 sanctae
1113 2775 1258 2810 Crucis“
1288 2775 1366 2809 sive
1397 2775 1705 2819 „quinonianum“‚
1737 2775 1780 2809 de
1807 2787 1874 2820 quo
1901 2776 1983 2810 vide

219 2831 306 2863 Can.
335 2828 423 2873 Epp.
452 2829 485 2869 Ι,
516 2829 623 2869 1962;
650 2828 703 2869 II,
732 2829 810 2863 702.
838 2828 926 2870 881,
953 2831 988 2862 et
1014 2829 1196 2872 Epistolas
1220 2828 1354 2862 mixtas
1380 2828 1396 2862 Ι
1425 2828 1580 2871 (Matriti
1609 2827 1733 2871 1898),
1760 2829 1816 2862 56.
1844 2829 1899 2863 70.
1926 2829 1982 2863 90.

217 2884 375 2916 Lavinius
400 2882 435 2915 in
462 2881 615 2915 *libello
642 2881 806 2926 supplici,
834 2882 876 2915 de
904 2893 973 2925 quo
1000 2881 1094 2915 infra
1119 2885 1200 2927 post
1224 2882 1342 2926 ipsam
1368 2881 1461 2916 hanc
1488 2881 1679 2926 epistulam
1697 2881 1846 2922 dicetur,
1872 2881 1983 2916 facul-

216 2936 328 2969 tatem
356 2934 513 2979 petierat
536 2935 603 2968 hoc
630 2935 790 2968 officium
814 2934 1046 2979 permittendi
1073 2935 1262 2979 aliquibus,
1293 2934 1444 2980 „perc-he
1470 2946 1539 2969 non
1564 2935 1596 2969 si
1613 2934 1771 2968 lasciano
1789 2935 1984 2979 persuader

217 2987 251 3021 di
278 2988 333 3021 dir
357 2987 380 3021 1'
398 2987 502 3028 altro,
529 2987 679 3022 dicendo
697 2988 799 3022 molti
818 2988 949 3022 dottori
967 2987 1119 3023 Catolici
1137 2988 1172 3022 di
1189 2988 1235 3029 la,
1263 2987 1329 3022 che
1347 2988 1401 3022 sia
1418 2987 1526 3022 lecito
1544 2998 1651 3022 senza
1670 2987 1838 3032 dispensa
1857 2987 1982 3022 dirlo“.

337 3041 350 3060 ⁵
374 3040 597 3081 Notandum,
632 3040 691 3074 hic
723 3052 793 3074 non
828 3041 1003 3084 distingui
1038 3041 1366 3076 excommunicatos
1407 3040 1611 3083 „vitandos“
1652 3039 1689 3084 (i.
1716 3051 1746 3074 6.
1773 3040 1983 3075 nominatim

217 3093 546 3127 excommunicatos
572 3093 873 3138 denuntiatosque
899 3105 941 3128 ac
966 3094 1124 3128 notorios
1151 3094 1362 3128 clericorum
1397 3092 1642 3139 percussores)
1682 3094 1717 3127 et
1757 3093 1983 3136 „toleratos“,

217 3146 260 3178 de
287 3145 417 3188 quibus
453 3151 522 3179 iam
549 3157 581 3180 a.
610 3146 700 3181 1418
726 3147 907 3181 Martinus
933 3147 976 3181 V.
1016 3147 1200 3189 „omnibus
1227 3146 1362 3181 Christi
1397 3146 1562 3181 fidelibus
1590 3172 1597 3180 .
1624 3172 1632 3180 .
1660 3171 1668 3180 .
1703 3145 1984 3181 misericorditer
