2093 3444
262 189 341 223 669.
378 187 543 223 Canisius
570 187 755 233 Alphonso
782 187 993 223 Sahneroni.
1036 189 1132 232 Aug.
1157 188 1264 224 Vinci.
1294 189 1347 223 14.
1375 189 1498 223 Martii
1526 190 1628 224 1562.
1749 193 1832 234 389

880 306 1012 348 (369.

799 398 1097 446 CANISIUS

509 496 907 540 ALPHONSO
942 497 1389 551 SALMERONL

620 576 811 612 Societatis
838 577 920 612 Iesu
946 578 1081 612 vicario
1108 578 1279 622 generali.

537 658 707 704 Augusta
732 657 1008 695 Vindelicorum
1034 659 1084 695 14.
1112 658 1238 696 Martii
1264 658 1359 696 1562.

180 743 237 778 Ex
263 742 470 788 apographo
502 741 637 776 recenti
668 741 754 785 (A),
790 742 883 786 quod
912 754 957 775 ex
983 741 1181 787 archetypo
1208 762 1254 765 ——
1282 742 1447 776 Canisius
1482 754 1548 777 sua
1574 754 1683 776 manu
1708 754 1836 777 nomen

63 796 258 841 („Seruus“
289 795 374 840 etc.)
403 795 619 840 subscripsit
646 815 688 819 —-
716 795 751 828 in
779 795 853 829 cod.
887 795 944 837 „E.
974 795 1010 829 G.
1040 795 1073 828 1“
1112 796 1137 829 f.
1166 796 1397 830 12)οᾶ-12110
1435 795 1484 840 (n.
1514 795 1596 839 105)
1632 796 1749 842 posito
1778 808 1836 830 ex-

60 851 236 896 scriptum
268 851 334 884 est.

181 904 314 938 Exstat
341 903 451 938 etiam
477 903 632 937 alterum
658 902 907 947 apographum
935 902 1017 946 (B),
1054 903 1119 936 sub
1147 913 1177 937 a.
1207 902 1298 937 1860
1325 905 1474 937 curante
1500 905 1614 938 Boero
1642 915 1686 937 ex
1713 903 1835 938 eodem

59 958 259 1002 archetypo
285 957 556 1002 transcriptum.

181 1011 329 1046 Partem
354 1012 555 1056 posuerunt
583 1009 736 1053 (italice)
764 1011 890 1054 Boero,
919 1009 1004 1044 Can.
1032 1022 1065 1055 p.
1087 1010 1166 1051 244,
1194 1011 1230 1043 et
1258 1010 1417 1054 (gallice)
1448 1012 1578 1045 Michez
1602 1011 1624 1045 l.
1653 1023 1682 1046 c.
1709 1023 1742 1056 p.
1769 1011 1838 1045 259

60 1065 107 1100 ad
133 1065 214 1099 260.
266 1064 433 1110 Epistula
458 1075 546 1099 usus
573 1066 629 1098 est
656 1064 864 1108 Sacchinus,
892 1062 977 1097 Can.
1005 1075 1038 1108 p.
1068 1064 1145 1097 194.

183 1142 395 1184 Saepissime
421 1141 658 1174 contiom-ttmz
699 1139 885 1173 Contiones
910 1140 1067 1173 allorum
1091 1140 1289 1173 Sociorum.
1325 1141 1440 1174 Sociis
1467 1142 1626 1175 romanis
1645 1144 1839 1184 pcczcmfcmz,

61 1195 279 1228 reddendam
315 1197 420 1227 curat
447 1204 519 1237 pro
548 1194 733 1227 Sociorum
759 1194 984 1237 illogsuntc'am
1020 1197 1050 1226 et
1080 1194 1304 1236 Oenipontem
1339 1194 1382 1227 ab
1420 1195 1504 1237 ipsis
1536 1196 1725 1228 miss-orum
1760 1197 1838 1229 mit-

59 1249 290 1282 tendorzmzve
315 1249 453 1281 viatico.
497 1248 796 1290 Archiefflscopus
822 1248 1052 1291 moquntinus
1076 1248 1170 1280 nihil
1194 1248 1304 1281 solcis.
1356 1247 1506 1291 Collessia
1534 1249 1784 1282 11’rata1elam·ae
1810 1255 1839 1283 et

65 1303 241 1337 olomuc-li
267 1302 461 1335 condenda.
500 1301 735 1344 Colleyiormn
760 1301 999 1344 tyrnacc'ense's
1022 1303 1219 1344 ccizynstztae,
1246 1302 1475 1344 oem'pontani
1500 1303 1619 1335 initia.
1656 1303 1840 1346 Principis

61 1356 250 1390 cuiusdam
276 1356 499 1389 contionator
525 1355 692 1388 Societdtt'
718 1356 906 1398 ascriptus.
955 1355 1100 1388 Iuvenes
1125 1356 1164 1387 in
1191 1356 1373 1398 collegium
1396 1356 1640 1398 {sm-manicam
1666 1357 1837 1389 mittendi.

66 1409 153 1454 Cui,
191 1413 227 1442 ut
246 1410 404 1452 pecunia
429 1419 452 1441 a
478 1409 629 1442 moniali
654 1409 810 1452 quadcmn
837 1409 1069 1441 dominicam
1094 1409 1218 1441 relicta
1245 1409 1476 1452 attribuatur,
1507 1409 1676 1442 Canisius
1702 1410 1840 1452 efficere

59 1463 185 1497 studet.
229 1463 319 1507 Ipse,
347 1462 395 1495 ad
421 1462 609 1496 concilium
635 1462 677 1495 ab
703 1462 817 1495 Hosio
843 1463 1025 1505 incitatus,
1047 1463 1274 1505 prouinciam
1300 1463 1408 1496 risere
1433 1464 1574 1496 mae-eds.
1623 1464 1836 1506 Legsaz‘orzcm

61 1516 209 1550 concilii
235 1527 319 1559 crya
345 1516 467 1550 Socios
490 1517 606 1558 favor.

316 1653 412 1695 Pax
444 1652 603 1695 Christi
635 1652 860 1694 nobiscum
893 1652 1125 1694 admodum
1157 1652 1411 1694 Reuerendo
1444 1653 1588 1696 Pater.

182 1730 364 1784 Aliquot
396 1731 449 1772 ab
482 1729 582 1772 hinc
614 1730 871 1784 septimanis
903 1730 1010 1772 nihil
1043 1744 1098 1772 ex
1120 1730 1238 1772 Vrbe
1264 1729 1443 1772 missum
1475 1730 1635 1785 accepi.
1680 1729 1840 1784 Scripsi

61 1799 109 1840 et
141 1810 222 1850 ego
245 1796 398 1847 rarius,
432 1795 686 1849 quotidiana
708 1795 923 1838 Concione
947 1795 1182 1850 impeditus
1198 1796 1226 1838 1.
1270 1795 1482 1837 Audimus
1503 1796 1696 1838 laborem
1728 1796 1841 1837 hunc

63 1877 150 1904 non
191 1876 286 1904 esse
328 1862 645 1912 frustraneum,
691 1862 766 1903 sed
809 1861 1078 1903 auditoribus
1120 1861 1272 1903 utilem
1306 1896 1313 1904 .
1353 1861 1429 1903 sed
1470 1861 1638 1904 utinam
1679 1861 1842 1903 solidus

62 1930 358 1981 aeternusque
391 1927 561 1970 fructus
593 1927 649 1969 ad
680 1927 840 1969 multos
872 1927 972 1969 inde
994 1927 1159 1969 redeat.
1202 1926 1450 1969 Laudamus
1472 1926 1554 1968 Dei
1585 1927 1841 1977 bonitatem,

61 1994 137 2048 qui
168 1995 374 2048 potenter
402 1994 609 2047 operatur
631 1993 810 2043 Romae,
844 1992 1025 2046 Parisijs
1058 1995 1102 2035 et
1124 1992 1296 2046 Patauij
1331 2006 1408 2046 per
1429 1992 1585 2035 Patres
1618 1992 1842 2035 societatis

60 2058 108 2101 in
131 2058 498 2112 Euangelizando.
543 2057 723 2101 Vtinam
756 2072 833 2100 nos
856 2058 927 2100 uel
958 2057 1195 2100 mediocria
1216 2058 1260 2099 in
1282 2058 1363 2100 hoc
1387 2055 1647 2100 Germaniae
1679 2057 1842 2111 frigore

62 2138 393 2178 consequamur.

185 2189 269 2243 Egi
310 2204 406 2231 cum
439 2188 635 2231 Dominis
670 2188 902 2240 Welseris,
950 2189 1021 2242 qui
1054 2188 1317 2243 promittunt
1363 2190 1445 2231 100
1488 2189 1669 2230 ducatos
1713 2188 1842 2231 isthic

62 2269 294 2297 numerare
316 2249 547 2297 Francisco
570 2254 835 2297 Petrarchae
859 2254 1119 2296 Charissimo
1143 2254 1270 2308 fratrj
1287 2254 1316 2296 2.
1351 2268 1407 2296 ex
1431 2253 1498 2295 his
1521 2255 1577 2295 40
1609 2254 1844 2297 mittuntur

62 2321 120 2363 ab
153 2319 482 2374 OEnipontanis
514 2319 709 2362 Dominis
725 2321 763 2371 3,
806 2322 855 2363 ut
897 2319 984 2362 sint
1015 2320 1109 2362 loco
1147 2319 1294 2373 uiaticj
1337 2319 1548 2362 fratribus
1580 2319 1667 2361 iam
1699 2319 1844 2361 missis

62 2388 198 2439 atque
230 2385 466 2428 mittendis.
512 2384 556 2428 Si
589 2385 689 2439 quid
722 2387 868 2427 autem
902 2385 1053 2436 deerit,
1087 2384 1274 2427 libenter
1307 2398 1353 2426 se
1376 2385 1473 2438 plus
1507 2398 1602 2426 esse
1635 2384 1843 2426 missuros

63 2451 336 2506 pollicentur.
399 2451 494 2493 Nos
526 2465 612 2493 una
645 2465 741 2493 cum
773 2451 859 2493 illis
892 2451 1123 2493 admodum
1156 2464 1407 2505 precamur,
1451 2452 1499 2492 ut
1537 2450 1573 2492 si
1606 2450 1725 2492 missi
1757 2464 1843 2492 non

62 2519 167 2559 sunt
198 2516 373 2567 fratres,
407 2516 724 2571 quamprimum
752 2530 798 2558 se
821 2516 1054 2570 accingant
1075 2515 1234 2570 itinerj,
1268 2515 1484 2558 Nimirum
1506 2518 1555 2558 ut
1578 2516 1633 2557 ad
1656 2518 1722 2558 ΒΨ
1745 2519 1844 2570 post

65 2582 235 2625 Pascha
275 2582 579 2624 Dominicam4
619 2582 828 2624 lectiones
869 2581 1068 2636 publicae
1108 2581 1378 2624 inchoentur.
1443 2580 1536 2623 Nec
1579 2581 1840 2632 dubitamus,

65 2648 170 2701 quin
201 2647 381 2689 idoneos
413 2646 546 2689 simus
579 2661 629 2689 eo
661 2647 706 2689 in
738 2649 832 2689 loco
864 2648 1078 2702 habiturj,
1123 2647 1176 2689 de
1208 2646 1362 2700 quibus
1394 2647 1521 2700 plura
1552 2647 1604 2689 D.
1639 2646 1844 2699 Lanoyus

64 2712 202 2755 semel
235 2714 366 2765 atque
397 2711 555 2755 iterum
588 2712 775 2766 scripsit.

185 2776 393 2830 Reliquos
433 2791 536 2819 uero
576 2779 630 2820 60
664 2778 847 2820 ducatos
878 2777 1114 2828 mittimus,
1158 2779 1206 2819 ut
1238 2776 1565 2831 Archiepiscopi
1597 2775 1845 2830 Moguntini

65 2842 239 2886 nomine
281 2844 555 2885 contractum
597 2843 787 2886 debitum
827 2842 957 2885 isthic
995 2843 1226 2884 exoluatur
1241 2843 1270 2884 5.
1334 2842 1460 2884 Hanc
1502 2855 1583 2896 ego
1615 2842 1843 2896 pecuniam

193 2966 200 2985 ¹
227 2964 318 2998 Vide
344 2963 448 3004 infra,
474 2974 630 2997 monum.
657 2962 738 2997 248.
761 2963 840 2996 249.

188 3018 201 3038 2
227 3018 267 3052 P.
286 3017 501 3051 Franciscus
527 3015 725 3050 Petrarcha
751 3015 885 3050 Romae
911 3015 948 3049 in
979 3015 1100 3058 „domo
1127 3015 1311 3059 professa“
1342 3014 1534 3049 Societatis
1560 3015 1734 3059 degebat;
1760 3015 1844 3049 vide

64 3082 178 3116 supra
204 3083 236 3115 p.
257 3070 336 3105 213.
437 3070 449 3090 ³
474 3070 507 3103 A
537 3068 750 3113 „regimine“
782 3071 819 3103 et
849 3069 1030 3111 „camel-af
1053 3067 1224 3102 Austriae
1247 3067 1463 3112 superioris;
1490 3068 1535 3102 cf.
1555 3079 1665 3113 supra
1682 3080 1717 3113 p.
1742 3069 1807 3103 165
1818 3069 1842 3103 2.

69 3125 172 3159 169³.
199 3124 278 3158 328.
402 3124 416 3144 4
444 3123 498 3158 19.
525 3122 672 3168 Aprilis.

189 3178 201 3197 ⁵
229 3176 322 3211 Socii
360 3176 498 3211 romani
537 3187 567 3211 a.
606 3176 694 3210 1561
735 3175 828 3209 hanc
867 3175 1058 3220 pecuniam
1095 3185 1159 3220 pro
1197 3174 1330 3209 viatico
1370 3175 1544 3209 dederant
1582 3175 1721 3225 Sociis,
1754 3186 1844 3220 quos
