2093 3444
206 179 290 220 250
471 175 550 210 606.
586 174 756 209 Nicolaus
783 173 938 208 Lanoius
963 173 1137 207 mandatu
1164 172 1297 208 Canisii
1323 173 1447 208 Ioanni
1474 174 1516 208 de
1541 173 1713 209 Victoria.

201 292 239 326 in
264 292 308 326 iis
334 291 557 336 propositum
585 293 691 331 esset,
719 291 812 334 quod
839 290 1045 330 diiudicare,
1074 290 1269 324 concedere
1296 292 1363 324 etc.
1390 290 1427 324 in
1454 289 1673 325 Salmeronis
1699 294 1879 336 potestate
1904 303 1975 326 non

202 347 309 380 esset.
362 344 530 379 Ceterum
567 344 660 388 quod
696 344 739 378 ad
777 345 970 389 praecepta
1006 344 1049 378 de
1084 343 1217 378 litteris
1248 343 1447 378 scribendis
1481 344 1588 389 paulo
1623 346 1707 379 ante
1742 344 1855 380 Sociis
1891 345 1975 380 data

203 399 345 440 attinet,
372 399 455 433 vide
482 409 591 443 supra
617 409 649 443 p.
680 396 877 432 177—178.
908 395 985 431 181.

1023 502 1154 544 (306.

621 598 676 644 Ρ.
718 596 1039 643 NICOLAUS
1079 595 1363 643 LANOIUS
1403 596 1450 643 S
1491 597 1557 655 ε1.,

777 681 920 726 collegii
946 681 1242 725 ingolstadiensis
1267 683 1394 723 rector,

885 760 1095 802 mandatu
1129 759 1289 802 Canisii

548 856 612 897 P.
646 855 906 898 IoANNI
938 855 1037 896 DE
1072 853 1432 897 VICTORIA
1466 854 1522 896 S.
1555 853 1631 907 J„

779 936 909 970 rectori
938 935 1080 979 collegii
1107 935 1395 970 vindobonensis.

664 1020 833 1068 Augusta
859 1020 1133 1057 Vindelicorum
1161 1020 1200 1057 11.
1228 1020 1398 1057 Octobris
1424 1020 1510 1057 1561.

322 1106 378 1140 Ex
404 1106 628 1151 autographo
658 1106 729 1149 (2⁰;
759 1106 824 1148 1¹:³³3
852 1117 930 1150 pp.;
968 1105 1003 1139 in
1029 1117 1061 1150 p.
1089 1106 1122 1139 4.
1150 1105 1256 1139 inser.
1285 1107 1321 1138 et
1346 1116 1430 1149 pars
1457 1104 1561 1148 sig).
1589 1116 1609 1138 a
1638 1103 1797 1139 Victoria
1824 1104 1973 1139 Romam

200 1160 245 1194 ad
272 1160 514 1194 Salmeronem
542 1159 663 1194 misso.
715 1159 799 1194 Cod.
831 1159 892 1200 „G.
921 1159 984 1204 Ep.
1012 1158 1076 1193 lI.“
1108 1159 1131 1192 f.
1159 1158 1402 1192 3762—-3T7¹'.

323 1232 392 1273 Qui
418 1232 515 1265 Socii
541 1232 740 1273 Azaeyzcstam
767 1231 867 1264 modo
894 1232 1061 1263 venerint.
1115 1230 1154 1263 P.
1182 1230 1418 1273 Elderennm,
1446 1230 1628 1272 [layas-tae
1654 1230 1973 1273 occupatio-simum,

199 1285 457 1328 Inyolstctde'um
483 1286 610 1328 quietis
637 1285 904 1327 refectionisque
936 1285 1059 1327 qratia
1088 1284 1196 1316 nisse.
1250 1283 1486 1316 Adiutorz'bns
1522 1294 1609 1326 opus
1635 1294 1712 1316 esse.
1766 1283 1881 1316 ⁴llulta
1910 1284 1973 1316 illa

197 1339 448 1382 contubernia,
484 1350 573 1381 quae
598 1339 754 1371 Victoria
784 1339 994 1380 instituerit,
1032 1342 1061 1370 et
1086 1338 1155 1370 ..s-ibi
1190 1342 1219 1369 et
1246 1337 1329 1369 aliis
1361 1338 1394 1369 in
1424 1337 1617 1379 „immtatis
1643 1335 1777 1369 ανεηαα
1805 1337 1973 1369 collocata

197 1402 266 1425 esse
291 1393 414 1425 videri.
466 1393 585 1435 Ipsum
614 1403 691 1425 cum
720 1392 932 1424 valetudinis
957 1391 1164 1424 detrimento
1200 1392 1314 1423 nimia
1341 1391 1506 1433 aym-edi,
1543 1390 1754 1423 concitatius
1777 1391 1973 1434 scripsisse,

196 1446 352 1478 subditos
378 1446 506 1479 dut-{us
532 1464 578 1468 —
606 1446 643 1478 id
668 1446 760 1489 quod
790 1446 962 1479 Germani
985 1446 1084 1487 ferre
1111 1446 1169 1477 rix
1188 1446 1327 1488 possint
1355 1462 1397 1466 —
1425 1447 1592 1477 tractare.

996 1527 1168 1569 Jhesus.

432 1604 583 1647 Gratia
617 1607 659 1646 et
693 1617 780 1658 pax
813 1603 919 1645 Jesu
952 1602 1112 1645 Christi
1146 1605 1227 1646 etc,
1292 1601 1548 1644 Reuerendo
1582 1601 1734 1644 Padre.

317 1686 486 1729 Adesso
510 1686 547 1728 ci
579 1686 833 1730 ritrouiamo
866 1686 910 1728 in
933 1684 1135 1739 Augusta
1162 1685 1241 1727 col’
1265 1684 1405 1727 Padre
1437 1686 1587 1726 nostro
1609 1682 1883 1726 Prouinciale
1910 1683 1969 1738 jo,

194 1752 227 1806 jl
262 1751 445 1794 Rettore
477 1752 832 1802 Monaohiense1,
877 1755 921 1794 et
954 1751 983 1793 il
1017 1751 1063 1793 P.
1098 1750 1371 1792 Cuuillonio2
1410 1749 1441 1790 il
1482 1749 1610 1802 quale
1650 1751 1777 1803 parte
1817 1762 1897 1803 per
1927 1749 1971 1791 la

199 1831 278 1859 sua
310 1817 580 1860 recreatione
622 1820 745 1872 parte
787 1831 864 1872 per
895 1816 1064 1859 aiutarc
1106 1815 1135 1857 il
1177 1815 1298 1857 detto
1331 1815 1471 1856 Padi-e
1512 1815 1554 1856 in
1597 1813 1705 1857 certi
1737 1813 1900 1869 negotij
1934 1815 1968 1856 si

197 1882 337 1924 ferma
370 1884 454 1936 qua
495 1885 663 1925 mentre
706 1883 783 1924 che
823 1882 987 1924 durauo
1029 1884 1182 1937 queste
1214 1879 1417 1923 vacantie
1460 1879 1528 1921 del
1569 1879 1711 1922 studio
1743 1879 1970 1932 Jngolsta-

198 1947 400 2001 diensess,
435 1950 479 1990 et
511 1947 627 1990 saria
659 1948 793 1990 molto
827 1947 868 1989 di
900 1947 1081 2000 bisogno
1115 1946 1192 1989 che
1225 1960 1310 1988 vno
1343 1947 1535 1987 restasse
1568 1944 1706 1986 fermo
1738 1944 1782 1986 in
1815 1947 1970 1998 questa

198 2027 301 2055 casa
332 2027 410 2067 per
441 2013 471 2054 il
494 2013 727 2056 medesimo
759 2014 855 2063 fine,
890 2012 1093 2055 massime
1126 2011 1308 2055 essendo
1340 2010 1504 2065 partito
1537 2010 1579 2052 di
1612 2023 1697 2064 qua
1728 2010 1759 2052 il
1782 2009 1828 2053 P.
1854 2010 1970 2052 Hur-

197 2078 301 2121 tado
324 2093 402 2132 per
423 2078 594 2121 Vienna
628 2113 635 2121 .
671 2081 715 2120 et
736 2078 901 2120 benche
929 2077 1000 2132 qui
1023 2077 1108 2120 stia
1130 2077 1159 2118 il
1182 2077 1229 2120 P.
1253 2077 1494 2118 Eldrense4
1524 2089 1606 2130 pur
1626 2089 1712 2117 non
1734 2074 1763 2116 li
1786 2075 1970 2118 bastano

196 2143 237 2185 le
270 2143 388 2185 forze
420 2158 498 2198 per
529 2147 753 2187 sostenere
785 2143 877 2186 solo
908 2146 1033 2186 tanto
1066 2157 1170 2197 peso
1203 2142 1273 2184 nel
1306 2141 1495 2184 scriuere
1521 2154 1620 2183 cose
1650 2143 1788 2191 tante,
1822 2141 1968 2190 molte‚

197 2223 219 2251 e
261 2208 431 2251 diuerse
474 2245 482 2252 .
526 2212 570 2251 et
610 2223 689 2264 per
729 2209 939 2263 spendere
981 2208 1131 2250 denari
1172 2222 1249 2262 per
1289 2207 1332 2249 la
1374 2206 1624 2249 oeconomia
1668 2209 1712 2249 et
1752 2219 1830 2260 per
1867 2205 1969 2249 altri

1009 2328 1152 2363 Jhesus.

555 2394 682 2428 Gratia
708 2396 743 2428 et
769 2405 840 2439 pax
870 2394 949 2428 lesu
976 2393 1110 2428 Christi
1137 2394 1202 2427 etc.
1254 2391 1464 2426 Reverende
1491 2391 1610 2425 Pater.

312 2459 416 2493 Nune
434 2460 622 2502 Augustae
649 2470 729 2493 cum
752 2461 855 2504 patre
880 2460 1003 2493 nostro
1021 2458 1226 2504 praeposito
1252 2456 1465 2503 provinciali
1482 2468 1671 2491 versamur
1696 2467 1762 2500 ego
1789 2458 1826 2490 et
1850 2458 1968 2491 rector

192 2513 441 2547 monacensis¹
469 2516 505 2546 et
523 2512 562 2546 P.
583 2512 849 2552 Cuvillonius²;
877 2513 938 2556 qui
956 2512 1088 2557 partim
1107 2511 1239 2556 quietis
1266 2511 1554 2554 refectionisque,
1580 2509 1711 2555 partim
1729 2509 1843 2556 patris
1870 2509 1967 2545 illius

192 2565 228 2599 in
253 2565 408 2608 negotiis
435 2565 649 2610 quibusdam
675 2565 871 2600 adiuvandi
898 2566 1034 2609 gratia,
1070 2565 1153 2599 dum
1179 2564 1247 2599 hae
1282 2567 1366 2599 sunt
1390 2563 1640 2598 universitatis
1675 2563 1968 2607 ingolstadiensis

191 2619 401 2653 vacationes
413 2620 436 2660 ⁸,
463 2619 520 2653 hic
538 2620 678 2660 manet;
706 2621 741 2653 et
759 2618 865 2653 valde
889 2619 1135 2654 necessarium
1154 2621 1240 2659 erat,
1268 2617 1424 2662 aliquem
1443 2617 1602 2652 eiusdem
1620 2617 1672 2651 rei
1690 2617 1808 2660 gratia
1825 2628 1967 2662 semper

190 2672 228 2706 in
253 2672 321 2707 hac
348 2673 450 2706 domo
477 2672 626 2716 degere,
663 2672 875 2717 praesertim
912 2684 992 2706 cum
1019 2672 1058 2706 P.
1084 2671 1271 2706 Hurtadus
1296 2671 1380 2706 hinc
1406 2671 1654 2705 Vindobonam
1680 2670 1863 2715 profectus
1898 2670 1964 2712 sit;

173 2737 234 2763 ac
258 2725 345 2760 licet
370 2726 409 2760 P.
436 2725 649 2760 Eldrensis4
684 2725 743 2759 hic
768 2725 836 2766 sit,
870 2726 969 2760 vires
994 2727 1116 2760 tamen
1149 2725 1181 2759 ei
1206 2736 1276 2759 non
1302 2725 1518 2770 suppetunt,
1554 2723 1684 2768 quibus
1709 2725 1850 2758 tantum
1876 2734 1966 2758 onus

191 2780 266 2812 tam
292 2778 489 2813 multarum
514 2780 661 2822 tamque
687 2778 912 2812 diversarum
939 2790 1058 2813 rerum
1084 2778 1355 2812 scribendarum
1380 2777 1480 2812 solus
1505 2776 1685 2812 sustineat
1715 2778 1752 2810 et
1776 2777 1964 2822 pecuniam

190 2831 312 2866 solvat
345 2832 397 2866 rei
423 2832 641 2866 domesticae
667 2831 973 2866 administrandae
1009 2833 1045 2866 et
1079 2831 1151 2866 alia
1175 2833 1336 2876 praestet
1347 2844 1355 2873 ;
1390 2832 1489 2864 totus
1516 2829 1610 2864 enim
1634 2829 1694 2864 hic
1726 2840 1849 2864 sacras
1884 2841 1966 2864 con-

315 2946 323 2964 ¹
349 2943 593 2978 Theodoricus
620 2942 796 2978 Canisius.

311 2997 324 3018 2
349 2996 389 3031 P.
416 2997 568 3031 Ioannes
595 2995 829 3038 Ouvillonius,
855 2995 1057 3040 theologiae
1083 2995 1266 3040 professor
1290 2995 1327 3029 in
1353 2994 1591 3028 universitate
1617 2992 1901 3037 ingolstadiensi.

311 3050 324 3070 ³
349 3049 569 3084 Vacationes
594 3049 799 3093 significare
826 3048 980 3090 videtur,
1007 3060 1099 3093 quae
1126 3059 1147 3082 a
1173 3048 1229 3082 die
1247 3048 1340 3082 festo
1359 3047 1392 3081 S.
1413 3046 1602 3082 Michaelis
1630 3045 1703 3090 (29.
1723 3045 1959 3091 Septembris)

191 3103 236 3137 ad
262 3103 356 3137 diem
383 3103 417 3138 S.
444 3102 563 3137 Lucae
591 3102 663 3146 (18.
692 3101 876 3152 Octobris)
904 3104 1008 3136 erant
1036 3101 1216 3146 (Mederer
1240 3101 1263 3135 l.
1291 3113 1320 3135 c.
1347 3100 1408 3142 IV,
1438 3101 1534 3144 195).

311 3157 324 3176 4
351 3155 568 3190 Guilielmus
594 3155 759 3190 Elderen.
