2093 3444
388 183 544 218 Monum.
575 184 885 228 (vindobonensia)
915 185 993 220 382.
1024 185 1162 229 (Mense
1189 186 1383 220 Novembri
1412 186 1528 230 1561.)
1758 189 1839 230 767

79 310 188 343 supra
214 310 246 343 p.
274 297 472 332 589-599.
500 299 698 333 606—608.
750 298 849 340 Quod
877 303 995 334 autem
1022 301 1183 335 Victoria
1211 301 1393 336 Canisium
1428 302 1691 347 episcopatibus
1727 302 1845 347 potius

80 363 186 396 quam
214 351 375 393 collegiis
402 351 576 394 augendis
603 364 745 396 operam
773 353 857 387 dare
883 354 1122 397 significavit,
1158 355 1192 388 id
1220 367 1260 389 eo
1286 355 1423 389 factum
1450 367 1528 389 esse
1555 355 1716 396 videtur,
1753 355 1845 399 quod

81 404 264 444 Canisius,
300 404 394 437 sicut
429 404 565 438 romani
600 405 709 439 totius
737 406 926 440 Societatis
953 408 1195 442 moderatores
1225 408 1329 450 (Can.
1357 408 1446 453 Epp.
1473 409 1525 450 ΙΙ,
1551 408 1632 442 486.
1660 408 1740 443 578.
1766 408 1845 448 588,

81 460 117 492 et
139 469 248 502 supra
266 469 300 501 p.
319 457 375 491 46.
396 457 475 491 350.
494 458 591 501 439),
620 470 661 492 ea
687 461 827 493 tantum
855 460 1018 504 collegia,
1045 454 1237 504 quibus-et
1255 461 1445 495 Societatis
1472 461 1569 496 vires
1595 473 1700 506 pares
1726 464 1846 496 essent

80 512 116 544 et
141 511 278 544 reditus
303 510 497 544 necessarii
532 515 783 555 suppeterent,
819 513 961 546 admitti
988 513 1150 555 volebat3
1188 526 1269 548 nam
1307 514 1512 558 ceteroquin
1550 526 1628 548 eum
1658 514 1846 549 Societatis

81 563 354 608 amplificandae
382 563 685 598 studiosissimum
713 565 825 599 fuisse
852 578 897 599 ex
924 566 1000 600 eius
1020 567 1184 611 epistulis
1203 567 1400 601 clarissime
1420 570 1587 612 apparet3
1616 568 1708 612 quod
1728 570 1847 601 autem

80 616 412 661 archiepiscopatus
438 618 627 661 pragensis
652 637 698 641 ——
724 617 818 652 hunc
845 619 938 653 enim
966 620 1126 653 Victoria
1152 620 1378 664 potissimum
1403 621 1610 663 significare
1636 621 1779 655 videtur
1801 641 1841 644 ——

80 669 376 704 instaurationem
403 670 667 704 commendavit
703 673 738 705 et
772 671 929 714 adiuvit,
966 685 1040 706 rem
1076 673 1233 715 adiuvit,
1271 685 1361 717 quae
1388 674 1598 716 Bohemiae,
1629 676 1728 708 tanto
1759 676 1845 708 tem-

81 735 165 768 pore
192 723 368 768 episcopis
395 723 599 765 destitutae,
628 736 733 768 quam
760 725 918 759 maxime
944 727 1149 760 necessaria
1176 728 1211 760 ct
1236 727 1336 761 utilis
1363 730 1451 761 erat.

199 782 264 816 Vir
291 783 386 816 certe
414 784 491 816 erat
517 782 680 816 Victoria
706 783 854 818 virtutis
880 784 974 818 haud
1012 785 1183 827 exiguae,
1210 785 1369 819 laborum
1397 786 1609 827 multorum,
1648 786 1845 820 studiorum

81 835 306 880 optimorum.
358 836 407 868 At
432 834 565 869 homini
593 835 754 880 hispano,
783 837 898 880 qualis
925 837 1001 882 ipse
1029 840 1115 879 erat,
1143 838 1236 872 haud
1264 839 1314 872 ita
1340 838 1446 873 facile
1473 841 1561 880 erat,
1592 839 1685 873 inter
1710 840 1846 873 medios

81 888 219 922 versari
254 887 463 922 Germanos.
516 889 721 923 Accedebat
757 901 885 934 corpus
920 891 1052 924 morbis
1088 891 1322 932 afflictatum,
1361 892 1501 926 animus
1536 892 1647 926 variis
1688 891 1845 935 negotiis

82 942 278 976 distractus
299 941 396 984 (vide
414 953 523 986 supra
542 953 575 986 p.
595 942 674 976 247.
695 942 792 985 251),
811 943 941 984 studia,
960 946 999 977 ut
1018 948 1115 978 recte
1133 944 1258 978 scribit
1276 946 1483 988 Sca-clamis,
1506 945 1704 987 „interdum
1723 945 1846 979 arden-

81 995 184 1036 tiora,
210 997 384 1038 extraque
402 994 436 1028 id
456 998 789 1039 temperamentum,
817 997 910 1039 quod
930 997 1062 1042 Canisij
1082 997 1193 1031 vellet
1211 998 1396 1039 modestia,
1417 998 1473 1032 cui
1492 998 1723 1032 declinandae
1742 999 1847 1032 offen-

82 1048 192 1083 sionis
210 1048 463 1092 antiquissima
481 1048 601 1082 cautio
621 1050 716 1082 erat“
743 1049 844 1091 (Can.
864 1061 897 1094 p.
917 1050 1000 1093 330)
1023 1051 1044 1084 ¹.
1080 1050 1196 1091 Quare
1215 1063 1296 1084 cum
1320 1051 1524 1093 identidem,
1553 1052 1646 1095 quod
1664 1051 1847 1087 Victoriae

82 1101 309 1146 probabatur,
337 1100 479 1135 Canisio
506 1101 731 1146 displiceret,
758 1102 870 1145 idem,
897 1103 991 1147 quod
1018 1103 1103 1137 olim
1129 1104 1370 1148 compluribus
1397 1104 1485 1138 viris
1512 1105 1646 1139 sanctis
1673 1103 1848 1139 accidisse

82 1156 243 1196 constat,
279 1154 445 1198 quodque
480 1154 586 1199 paulo
622 1157 704 1199 post
738 1156 831 1189 inter
868 1155 1056 1190 Claudium
1092 1157 1339 1201 Aquavivam,
1380 1157 1569 1192 Societatis
1603 1158 1845 1202 praepositum

81 1208 304 1251 generalem,
333 1210 369 1242 et
395 1208 546 1241 Paulum
574 1209 781 1250 Hoffaeum,
809 1209 885 1243 eius
917 1210 1200 1252 „assistente1n“‚
1227 1210 1388 1244 futurum
1414 1213 1492 1245 erat
1519 1211 1576 1254 (B.
1605 1212 1712 1245 chhr
1737 1211 1771 1245 S.
1800 1211 1844 1251 J.⁷

82 1261 217 1296 Paulus
243 1261 432 1300 Hoffaeus,
468 1262 503 1295 in
537 1261 762 1303 „Zeitschrift
796 1263 853 1296 fiir
888 1262 1115 1297 katholische
1141 1263 1353 1307 Theologie“
1394 1264 1449 1298 23.
1478 1264 1603 1308 Jahrg.
1633 1263 1845 1308 [lnnsbruck

85 1314 189 1359 1899]
217 1327 249 1360 p.
277 1315 374 1358 617),
400 1318 486 1348 tunc
513 1326 653 1358 quoque
680 1315 849 1359 contigit:
883 1316 1070 1350 Discordia
1097 1317 1272 1360 quaedam
1299 1319 1377 1351 orta
1403 1320 1458 1351 est
1483 1317 1577 1351 inter
1603 1317 1785 1352 Canisium
1813 1319 1849 1351 et

82 1368 301 1408 Victoriam3
338 1371 446 1412 atque
473 1368 531 1402 1110
557 1369 798 1413 suspicionem
825 1369 883 1402 vel
909 1370 1027 1414 potius
1054 1370 1322 1414 persuasionem
1350 1373 1406 1405 est
1431 1371 1636 1413 ingressus,
1665 1370 1847 1404 Canisium

83 1421 151 1456 sibi
176 1422 295 1455 minus
321 1421 464 1461 favere;
493 1433 563 1465 qua
589 1422 822 1466 persuasione
849 1434 879 1457 a.
902 1423 991 1457 1562
1019 1435 1058 1457 eo
1078 1423 1222 1457 tandem
1240 1424 1415 1458 deductus
1435 1426 1499 1465 est,
1526 1426 1567 1457 ut
1584 1424 1623 1458 P.
1642 1424 1848 1469 Alphonsus

83 1475 238 1509 Pisanus
261 1474 411 1508 Romam
438 1475 623 1514 scriberet,
651 1487 731 1509 eum
759 1477 795 1509 et
820 1475 960 1520 publice
987 1478 1023 1510 et
1048 1476 1218 1521 privatim
1245 1477 1388 1511 Canisio
1416 1477 1568 1520 obloqui,
1595 1480 1706 1521 utque
1731 1480 1849 1511 rector

83 1528 226 1571 collegii
261 1528 469 1573 pragensis,
506 1528 543 1562 in
578 1540 648 1572 quo
684 1531 769 1562 tunc
804 1530 1031 1569 morabatur,
1067 1529 1266 1571 dubitaret,
1304 1542 1389 1563 num
1416 1530 1550 1564 homini
1576 1532 1763 1575 tantopere
1790 1530 1848 1564 ad-

83 1593 212 1616 versus
238 1582 459 1627 superiorem
487 1582 665 1616 concitato
692 1582 855 1626 iratoque
882 1582 1117 1617 absolutionis
1143 1583 1418 1617 sacramentalis
1443 1583 1656 1618 beneficium
1673 1583 1849 1628 impertiri

84 1635 228 1676 liceret3
256 1635 338 1669 vide
365 1647 474 1680 supra
500 1647 534 1680 p.
560 1636 641 1677 430,
669 1638 705 1669 et
730 1636 824 1669 infra
850 1648 883 1680 p.
912 1636 991 1670 769.

203 1694 385 1729 Victoriae
421 1694 465 1728 ad
500 1694 567 1729 has
602 1695 744 1729 litteras
780 1707 895 1739 neque
931 1707 950 1729 a
977 1695 1101 1729 Lainio
1136 1707 1251 1739 neque
1286 1707 1307 1729 a
1334 1695 1559 1737 Salmerone,
1599 1696 1675 1730 eius
1703 1695 1848 1737 vicario,

87 1746 197 1792 (quod
223 1749 388 1792 equidem
415 1748 591 1792 noverim)
620 1760 831 1793 responsum
858 1751 913 1782 est
926 1749 948 1782 2.
984 1749 1145 1783 Victoria
1171 1749 1215 1782 ad
1241 1749 1436 1794 praepositi
1460 1749 1690 1794 provincialis
1719 1761 1850 1783 munus

85 1801 245 1846 ineptum
273 1813 353 1836 esse
379 1802 578 1836 affirmavit
604 1802 797 1836 Canisium.
849 1802 918 1836 Hic
944 1804 1076 1843 autem,
1103 1803 1269 1846 quamvis
1296 1814 1421 1847 saepe,
1447 1806 1488 1837 ut
1513 1815 1553 1836 eo
1580 1803 1697 1836 officio
1723 1802 1849 1836 libera-

84 1857 202 1896 retur,
238 1855 410 1896 instaret,
446 1867 560 1899 usque
587 1856 631 1889 ad
658 1867 689 1890 a.
719 1856 808 1890 1569
834 1855 923 1889 illud
949 1856 1200 1889 administrare
1226 1867 1247 1889 a
1273 1855 1395 1889 Lainio
1423 1858 1459 1890 et
1493 1867 1513 1890 a
1541 1856 1687 1897 Sancto,
1723 1856 1783 1900 qui
1819 1856 1850 1889 ei

85 1907 272 1950 successit,
298 1908 488 1943 Francisco
506 1909 639 1952 Borgia
665 1909 786 1943 iussus
812 1911 876 1950 est,
904 1911 1002 1942 tanto
1028 1909 1198 1942 videlicet
1223 1911 1392 1954 tempore,
1419 1911 1593 1953 quantum
1614 1921 1658 1943 ex
1677 1909 1849 1950 omnibus,

86 1961 147 2005 qui
172 1973 287 2006 usque
312 1961 348 1995 in
374 1973 545 2007 praesens
572 1962 793 2006 provinciam
829 1962 977 1996 eandem
1013 1964 1202 2003 rexerunt,
1237 1973 1340 1996 nemo
1376 1962 1551 2004 excessit,
1586 1974 1678 1996 unus
1709 1964 1850 1996 tantum

88 2014 291 2059 (Hoffaeus)
327 2027 440 2060 paene
475 2017 664 2049 assecutus
701 2016 791 2050 est-³.
842 2014 1002 2049 Victoria
1037 2027 1122 2049 vero
1157 2015 1263 2059 paulo
1298 2017 1380 2060 post
1410 2027 1430 2049 a
1456 2015 1633 2060 supremis
1660 2015 1850 2050 Societatis

85 2068 372 2103 moderatoribus
398 2069 549 2102 internis
576 2068 718 2112 collegii
745 2068 1033 2110 vindobonensis,
1060 2068 1152 2112 quod
1179 2070 1334 2110 rexerat,
1360 2069 1467 2103 rebus
1493 2080 1531 2103 se
1558 2069 1720 2113 ingerere
1745 2069 1850 2114 plane

85 2122 223 2156 vetitus
251 2121 300 2166 (v.
324 2133 434 2167 supra
452 2134 485 2167 p.
505 2122 583 2156 333.
602 2122 688 2166 425)
716 2133 832 2166 neque
858 2133 1026 2165 umquam
1054 2124 1189 2166 postea,
1216 2121 1308 2165 quod
1336 2121 1499 2166 equidem
1526 2122 1649 2164 sciam,
1675 2122 1739 2156 ulli
1765 2122 1850 2157 Ger-

86 2175 226 2210 maniae
253 2175 402 2220 collegio
428 2175 655 2221 praepositus
682 2178 755 2216 est3
783 2176 818 2209 in
837 2175 942 2209 Italia
965 2177 1085 2208 tamen
1110 2174 1191 2208 inde
1218 2175 1261 2208 ab
1288 2186 1319 2209 a.
1342 2176 1430 2209 1565
1457 2175 1558 2209 varia
1585 2187 1698 2220 eaque
1724 2175 1851 2220 gravia

86 2240 235 2263 munera
261 2228 545 2270 administravit3
573 2229 655 2263 vide
681 2229 785 2270 infra,
812 2240 965 2262 monum.
992 2228 1072 2261 421.

209 2377 219 2397 ¹
245 2376 483 2410 *Madridius
508 2375 630 2410 Lainio
658 2376 769 2409 Roma
798 2376 850 2409 16.
877 2374 1034 2418 Augusti
1064 2375 1173 2409 1561:
1200 2375 1360 2409 Victoria
1386 2375 1568 2420 Tyrnavia
1593 2375 1756 2420 scripsit,
1783 2375 1851 2410 sibi

87 2429 164 2464 eius
189 2429 350 2464 civitatis
376 2441 499 2464 curam
524 2428 785 2474 parochialem,
822 2428 951 2462 saltem
977 2428 1021 2462 ad
1047 2430 1208 2473 teinpus,
1244 2439 1265 2462 a
1291 2427 1402 2462 Sociis
1428 2428 1691 2473 suscipiendam
1726 2429 1850 2463 videri.

93 2483 163 2526 „Mi
188 2495 274 2528 pare
310 2483 389 2517 chel
415 2483 531 2517 Padre
557 2482 713 2516 Vittoria
748 2481 913 2515 abbracci
949 2483 1076 2526 troppe
1111 2482 1223 2515 cose.“
1277 2481 1324 2515 Et
1349 2482 1562 2515 *Sazmeron
1590 2481 1713 2516 Lainio
1739 2481 1851 2516 Roma

88 2536 120 2571 8.
147 2536 355 2570 Decembris
384 2536 493 2570 1561:
535 2536 664 2578 ⁷,Tutta
698 2535 757 2569 uia
783 2535 808 2568 11
834 2534 874 2568 P.
901 2534 1056 2568 Vittoria
1091 2534 1264 2568 dimostra
1294 2534 1319 2568 il
1354 2546 1418 2568 suo
1452 2534 1553 2578 largo
1588 2534 1704 2569 animo
1730 2535 1766 2569 in
1792 2535 1851 2569 ab·

88 2589 251 2624 bracciar
277 2601 418 2634 sempre
443 2601 559 2623 nuoue
586 2589 759 2633 imprese,
795 2588 925 2633 perche
951 2587 1068 2621 scriue
1102 2587 1350 2622 ultimamente
1385 2587 1438 2621 ch’
1457 2588 1482 2621 li
1518 2599 1651 2632 pareua
1686 2589 1730 2622 ad
1768 2589 1852 2632 ogni

89 2643 193 2677 modo
219 2643 250 2677 si
276 2643 427 2677 douesse
453 2642 705 2676 incominciare
731 2641 765 2675 in
793 2640 933 2674 Vienna
959 2640 1092 2674 anchor
1118 2652 1201 2674 casa
1228 2641 1270 2674 de
1304 2641 1478 2685 professi“
1522 2642 1582 2684 (ex
1616 2640 1742 2675 harum
1781 2641 1851 2687 epi-

88 2695 265 2731 stularum
308 2695 525 2741 apographis
568 2695 689 2730 eodem
731 2696 893 2739 tempore
935 2693 1090 2738 scriptis
1146 2694 1229 2729 Cod.
1277 2694 1402 2737 „Italia
1447 2694 1546 2729 1560.
1593 2695 1693 2729 1561.
1739 2695 1847 2729 1562“

88 2749 113 2783 f.
141 2749 242 2785 202b.
271 2749 390 2793 262³).

209 2803 222 2823 2
251 2802 301 2845 ,11
319 2802 358 2836 P.
378 2802 531 2847 Laynez,
559 2801 624 2835 che
651 2811 847 2835 conosceva
874 2812 894 2834 a
919 2800 1025 2834 fondo
1052 2800 1086 2834 la
1113 2800 1246 2834 santita
1273 2812 1291 2834 e
1317 2800 1352 2834 la
1378 2800 1556 2845 prudenza
1576 2800 1632 2834 del
1650 2801 1690 2835 Ρ.
1710 2801 1851 2836 Canisio

90 2867 108 2890 e
135 2855 162 2890 s'
183 2867 243 2890 era
270 2857 413 2889 accorto
440 2855 474 2889 di
500 2854 619 2898 quello
646 2854 710 2888 che
738 2865 807 2895 era,
833 2865 903 2887 non
929 2853 1006 2888 fece
1033 2853 1138 2888 alcun
1164 2865 1246 2888 caso
1274 2853 1308 2887 di
1334 2853 1453 2898 quelle
1480 2854 1699 2888 iuvettive“:
1726 2855 1851 2899 Boero,

91 2908 176 2943 Can.
204 2921 237 2953 p.
263 2909 344 2943 414.

210 2963 222 2982 3
247 2962 383 2996 Horum
410 2960 613 3005 catalogum
640 2961 760 3005 posuit
786 2961 958 3004 Pachtler,
985 2959 1089 2994 Ratio
1117 2959 1318 2994 Studiorum
1346 2960 1372 3001 I,
1398 2971 1573 2994 >zv—XVI.
