2093 3444
169 187 223 227 62
455 181 534 215 524.
570 180 721 213 Ioannes
749 179 791 212 de
818 178 975 212 Polanco
1003 178 1157 213 Canisio.
1200 179 1314 214 Roma
1342 179 1372 213 1.
1399 178 1523 213 Martii
1551 180 1652 214 1561.

169 301 209 343 di
243 299 384 353 questi
419 299 520 339 sara
562 310 645 338 uno
688 296 786 348 quel
820 295 1150 350 Christophoro,
1193 296 1305 338 ueda
1345 297 1388 338 la
1420 295 1684 338 Reuerentia
1718 295 1783 338 .V.
1826 309 1872 337 se
1912 295 1943 337 il

169 365 354 408 secondo
388 365 490 404 sara
523 361 621 415 quel
654 361 706 402 de
730 360 912 413 P1²aga³‚
947 360 988 402 di
1023 362 1106 404 .15.
1141 361 1243 403 anni
1276 361 1345 403 del
1378 361 1505 414 quale
1532 360 1673 402 scriue
1704 360 1734 402 il
1756 360 1942 411 Rettor’,

168 431 285 473 forse
318 428 507 471 seriuero
542 429 613 480 qui
646 427 687 467 al
719 425 953 467 medesimo
988 429 1032 467 et
1064 426 1201 468 anche
1236 426 1277 468 al
1310 426 1479 469 Rettor’
1515 426 1556 468 di
1589 425 1817 468 Monachio
1834 427 1861 468 1.

288 495 351 536 La
384 492 516 547 Copia
549 492 587 533 d’
623 506 707 533 una
748 491 908 533 lettera
950 491 991 532 di
1023 493 1173 533 nostro
1206 491 1347 533 Padre
1390 492 1468 533 0110
1506 494 1579 545 qui
1610 491 1805 533 rimando
1838 504 1943 546 pare

173 560 237 602 sia
268 559 477 601 mandata
510 572 586 611 per
609 571 755 598 errore
780 557 844 599 .V.
869 556 1136 598 Reuerentia
1157 556 1303 598 mandi
1327 559 1489 609 quanto
1512 557 1651 610 prima
1672 556 1704 598 il
1726 558 1828 599 uoto
1851 569 1942 607 suo,

173 629 216 668 et
249 625 302 666 de
334 625 391 677 gl'
416 623 517 666 altri
549 622 734 676 professi
768 621 811 663 di
839 636 918 664 sua
941 622 1164 675 prouincia
1179 623 1207 665 2.
1251 622 1308 663 Jn
1332 624 1485 675 questo
1509 621 1547 663 01
1568 621 1943 664 raccomandiamo

172 690 276 733 tutti
299 690 434 731 molto
459 688 557 730 nell'
583 687 767 730 orationi
791 687 832 728 di
857 687 922 729 .V.
947 686 1212 728 Reuerentia
1235 689 1280 728 et
1302 686 1407 729 tutti
1430 687 1560 740 quelli
1583 687 1661 728 0110
1682 687 1725 728 10
1743 686 1945 740 Augusta

173 770 278 798 sono
313 755 426 796 della
459 752 725 807 Compagnia
766 754 931 795 nostra.
995 752 1047 793 Di
1082 753 1220 794 Roma
1252 752 1281 793 il
1313 751 1451 806 primo
1485 752 1527 793 di
1558 752 1706 794 Marzo
1743 754 1869 795 1561.

295 820 457 869 Questa
490 819 727 861 settimana
759 817 795 859 si
827 832 933 859 sono
965 817 1066 860 fatti
1101 819 1184 860 .18.
1217 816 1433 859 Cardinali
1465 820 1509 860 et
1538 816 1607 859 fra
1639 817 1770 870 quelli
1801 817 1831 859 il
1858 817 1946 859 Ve-

175 900 304 928 scouo
333 885 574 927 Varniense
590 885 618 934 3,
652 884 758 926 tutti
789 883 923 926 tuttib
957 881 1018 937 [Ρ]
1053 883 1083 924 11
1115 883 1254 924 faccia
1289 882 1358 924 dio
1391 872 1555 925 Nostro
1588 882 1769 936 Signore
1801 882 1944 934 buoni,

176 954 220 994 et
252 950 366 993 fideli
399 949 583 991 ministri
618 949 659 991 di
694 963 772 991 sua
806 948 986 991 Chiesia.

175 1095 236 1130 ille
263 1095 349 1138 erit;
386 1095 508 1129 videat
542 1098 662 1129 autem
698 1094 901 1128 reverentia
928 1096 1070 1134 vestra,
1106 1104 1190 1126 num
1219 1092 1406 1137 pragensis
1433 1092 1493 1126 ille
1520 1091 1661 1127 iuvenis
1690 1093 1731 1126 15
1758 1103 1945 1134 annorum,

177 1150 220 1184 de
247 1161 315 1193 quo
342 1151 459 1183 rector
485 1148 545 1182 ille
571 1148 727 1193 scripsit,
755 1147 935 1182 secundus
962 1147 1106 1180 futurus
1133 1146 1190 1180 sit.
1226 1146 1394 1180 Fortasse
1421 1158 1503 1181 cum
1529 1146 1597 1180 hac
1623 1145 1779 1191 epistula
1804 1145 1947 1181 litteras

177 1203 208 1237 ei
234 1203 365 1236 rectori
391 1204 498 1246 atque
526 1203 632 1236 etiam
660 1201 863 1235 monacensi
890 1200 1031 1234 mittam
1049 1201 1068 1234 ¹.

296 1256 513 1290 Litterarum
533 1255 755 1300 quarundam
776 1255 888 1299 patris
915 1254 1025 1288 nostri
1054 1253 1268 1298 exemplum,
1296 1253 1388 1297 quod
1409 1253 1510 1287 vobis
1529 1253 1682 1294 remitto,
1710 1265 1773 1298 per
1791 1265 1947 1287 errorem

178 1310 247 1344 huc
273 1310 422 1344 missum
450 1321 528 1344 esse
556 1309 708 1343 videtur.
761 1308 978 1342 Reverentia
1015 1310 1134 1341 autem
1163 1310 1284 1340 vestra
1311 1318 1413 1341 suam
1440 1310 1711 1351 ceterorumque
1741 1307 1948 1352 provinciae

178 1376 263 1398 suae
292 1363 532 1408 professorum
559 1363 758 1397 sententias
794 1373 900 1406 quam
937 1361 1089 1406 primum
1126 1360 1170 1394 ad
1205 1371 1270 1394 nos
1305 1360 1427 1394 mittat
1440 1360 1463 1393 ².
1514 1361 1655 1394 Interea
1690 1372 1812 1394 omnes
1847 1372 1948 1395 reve-

178 1418 316 1452 rentiae
336 1420 479 1451 vestrae
498 1419 534 1451 et
552 1420 751 1451 ceterorum
771 1416 813 1449 (10
832 1415 1012 1449 Societate
1035 1416 1168 1454 nostra,
1196 1414 1254 1457 qui
1275 1415 1462 1457 Augustae
1481 1413 1626 1457 degunt,
1653 1413 1766 1448 sacris
1784 1414 1949 1459 precibus

180 1471 412 1506 vehementer
437 1482 502 1504 nos
529 1471 829 1504 commendamus.
882 1469 994 1503 Roma
1021 1467 1186 1502 kalendis
1213 1467 1354 1501 Martiis
1383 1468 1484 1501 1561.

298 1524 374 1558 Hac
402 1524 623 1558 hebdomade
645 1524 686 1558 18
706 1523 817 1557 creati
845 1525 928 1557 sunt
949 1521 1148 1555 cardinales
1167 1524 1274 1564 atque
1295 1522 1387 1554 iuter
1405 1520 1470 1554 1105
1489 1521 1679 1566 episcopus
1698 1521 1948 1556 va1·miensis⁸.

181 1578 277 1620 Quos
303 1577 400 1612 Deus
436 1580 471 1612 et
503 1577 666 1611 dominus
701 1580 822 1611 noster
857 1588 979 1609 omnes
1016 1574 1182 1609 omnino¹'
1203 1573 1249 1619 [²]
1279 1574 1452 1608 ecclesiae
1487 1585 1574 1608 suae
1609 1574 1719 1608 bonos
1755 1576 1791 1608 et
1826 1574 1949 1609 fideles

180 1632 364 1666 ministros
391 1631 537 1666 efficiat.

300 1761 314 1775 ἃ
342 1755 478 1798 Pragra
506 1766 562 1798 ap.
685 1753 699 1772 ¹³
727 1753 788 1786 Si(-
814 1763 896 1795 (πμ,
920 1752 980 1784 sed
1007 1752 1158 1784 alterum
1186 1749 1271 1784 tutti
1296 1751 1449 1793 fortasse
1475 1761 1497 1783 α
1522 1750 1677 1783 librario
1703 1750 1865 1782 additum
1891 1753 1948 1783 est.

182 1877 394 1922 quibuscum
431 1889 461 1911 a.
502 1877 590 1911 1560
627 1877 690 1917 32,
726 1887 756 1909 a.
787 1876 873 1909 1561
913 1875 956 1909 35
998 1873 1260 1915 „c01ivictores“
1301 1872 1376 1906 suis
1412 1872 1584 1917 impensis
1620 1872 1793 1906 vivebant
1830 1871 1949 1915 (Card.

183 1933 300 1966 Andr.
329 1932 540 1965 Steinlmbm·
566 1930 600 1964 S.
620 1930 663 1969 J„
692 1928 908 1963 (1050111011ῒο
936 1928 997 1961 (105
1026 1927 1225 1969 Collegium
1253 1925 1505 1960 Germanicum
1532 1925 1779 1968 Hungaricum
1806 1925 1842 1959 in
1861 1924 1951 1959 Rom

183 1985 198 2019 Ι
226 1984 414 2029 [Freiburg
440 1985 461 2018 i.
491 1984 547 2017 Br.
578 1982 694 2027 1895]
721 1983 794 2025 47).
944 1983 953 2001 ¹
981 1981 1051 2015 ΡΡ.
1080 1980 1192 2014 Paulo
1220 1980 1367 2013 Hoffaeo
1395 1981 1431 2012 et
1456 1978 1676 2013 Theodorico
1704 1978 1857 2013 Canisio.

304 2038 316 2058 ²
343 2038 432 2072 Cum
458 2037 612 2071 Sanctus
639 2036 820 2080 Ignatius.
856 2037 896 2069 ut
922 2034 1102 2078 generalis
1129 2033 1319 2067 societatis
1354 2031 1582 2077 praepositus
1616 2034 1809 2077 perpetuus
1845 2033 1952 2074 esset,

184 2092 431 2126 constituisset
460 2090 761 2133 (Constitutiones
788 2088 826 2122 P.
855 2089 886 2127 9,
914 2100 943 2122 0.
974 2089 1002 2128 1,
1029 2100 1062 2121 n.
1088 2088 1134 2130 l),
1162 2087 1238 2131 ipso
1266 2088 1405 2120 mortuo
1432 2087 1468 2119 et
1493 2085 1616 2119 Lainio
1647 2085 1693 2128 (a.
1716 2085 1821 2129 1558)
1851 2096 1951 2130 prae-

184 2145 299 2190 posito
326 2145 440 2178 electo
463 2144 594 2178 Paulus
614 2143 673 2177 lV.
702 2142 896 2187 praepositi
923 2143 1141 2186 potestatem
1169 2140 1264 2174 ultra
1291 2139 1482 2173 triennium
1511 2150 1590 2173 esse
1608 2140 1786 2173 vetuerat.
1823 2137 1951 2180 Quam-

185 2210 290 2242 quam
319 2201 439 2232 autem
460 2197 571 2231 Paulo
599 2208 630 2231 a.
652 2197 741 2231 1559
768 2195 845 2229 vita
871 2195 995 2229 functo
1023 2193 1221 2228 doctissimi
1248 2192 1379 2237 quique
1398 2194 1435 2226 et
1451 2192 1571 2236 legum
1591 2191 1799 2237 peritissimi
1819 2191 1952 2226 Rornae

184 2252 254 2286 viri
280 2252 578 2297 pronuntiabant,
614 2250 829 2284 Societatem
858 2251 1049 2293 praecepto
1075 2247 1136 2281 illo
1163 2246 1235 2280 iam
1262 2258 1331 2280 non
1356 2245 1491 2289 teneri,
1530 2245 1637 2279 immo
1674 2245 1865 2280 observare
1896 2244 1952 2279 de-

184 2306 278 2347 bere,
307 2317 398 2349 quae
425 2305 467 2338 de
494 2303 688 2349 praepositi
717 2302 959 2347 perpetuitate
986 2300 1304 2335 constitutionibus
1330 2299 1469 2334 sancita
1497 2301 1627 2339 essent,
1654 2298 1801 2333 Lainius
1820 2300 1952 2339 tamen,

184 2358 343 2393 muneris
370 2358 520 2402 ponendi
549 2357 818 2402 cupidissimus,
846 2356 959 2389 Roma
988 2355 1041 2389 17.
1070 2353 1290 2399 Septembris
1319 2353 1409 2387 1560
1436 2353 1481 2386 ad
1507 2364 1631 2386 omnes
1658 2351 1850 2386 Societatis
1875 2363 1953 2396 pro-

186 2412 302 2446 fessos
328 2412 363 2445 in
390 2411 532 2455 Europa
560 2410 732 2454 degentes
757 2409 899 2443 litteras
925 2408 1042 2448 dedit,
1079 2407 1209 2451 quibus
1238 2406 1369 2440 Christi
1405 2405 1546 2440 nomine
1573 2405 1736 2449 singulos
1774 2404 1953 2450 expensis,

186 2476 276 2510 quas
302 2465 338 2498 in
364 2467 555 2508 utramque
581 2465 721 2508 partem
747 2462 970 2507 exponebat,
1006 2460 1205 2495 rationibus
1232 2462 1268 2493 et
1294 2458 1394 2500 aliis,
1420 2459 1452 2493 si
1479 2470 1570 2503 quae
1596 2458 1688 2492 forte
1715 2459 1953 2499 occurrerent,

185 2518 402 2553 sententiam
437 2529 538 2552 suam
571 2516 720 2551 Romam
756 2516 899 2549 mittere
935 2514 1081 2549 iubebat
1108 2514 1345 2556 (Sacamum,
1381 2511 1474 2546 Hist.
1503 2511 1536 2546 8.
1565 2512 1597 2546 J.
1625 2511 1677 2552 ΙΙ,
1703 2511 1726 2545 l.
1753 2511 1794 2553 2,
1825 2523 1859 2545 n.
1887 2511 1952 2551 61;

187 2572 210 2606 1.
236 2572 278 2613 4,
305 2583 338 2605 n.
370 2571 517 2604 12—22.
566 2571 664 2604 Gius.
693 2571 808 2604 Boero
835 2569 868 2602 8.
897 2569 948 2609 J.,
975 2567 1061 2601 Vita
1088 2566 1144 2600 del
1171 2565 1282 2600 Servo
1310 2565 1343 2599 di
1370 2564 1436 2599 Dio
1464 2564 1502 2599 P.
1532 2564 1700 2600 Giacomo
1728 2564 1858 2598 Lainez
1885 2563 1953 2608 [Fi-

186 2636 291 2659 renze
321 2623 424 2668 1880]
454 2636 484 2669 p.
515 2623 711 2658 197-198.
739 2623 956 2664 205—215).
1008 2620 1122 2654 Lainii
1157 2619 1319 2661 litteras,
1356 2631 1400 2652 ex
1436 2618 1631 2663 archetypo
1666 2617 1864 2652 castellano
1899 2617 1955 2661 (ut

187 2679 264 2724 ipse
290 2678 430 2721 scribit)
469 2677 589 2711 italice
624 2676 783 2711 redditas
820 2675 987 2719 vulgavit
1013 2676 1108 2708 Dan.
1137 2674 1279 2707 Bartoli
1304 2672 1338 2706 8.
1366 2673 1419 2713 J.,
1458 2671 1549 2706 Dell'
1578 2671 1706 2706 Istoria
1733 2671 1827 2705 della
1855 2670 1954 2705 Com-

187 2731 320 2777 pagnia
357 2731 391 2765 di
418 2731 515 2766 Gesu
542 2757 549 2764 .
578 2730 614 2764 L'
635 2729 750 2764 Italia.
787 2729 809 2763 l.
836 2729 878 2768 4,
915 2740 943 2763 c.
974 2729 1016 2762 10
1052 2727 1101 2771 [in
1138 2726 1292 2760 editione
1319 2726 1505 2769 Augustae
1532 2724 1766 2758 Taurinorum
1803 2735 1833 2758 a.
1865 2724 1953 2759 1825

188 2786 286 2819 facta
312 2784 372 2825 IV,
402 2783 638 2828 128—133]);
675 2782 826 2824 alteram
862 2781 1021 2815 eiusdem
1056 2779 1245 2824 archetypi
1281 2779 1482 2813 versionem
1509 2778 1668 2812 italicam
1696 2777 1815 2823 posuit
1841 2779 1954 2812 Boero

189 2839 212 2873 l.
240 2849 268 2872 0.
296 2850 328 2883 p.
357 2837 563 2877 207—213;
591 2836 720 2870 tertiae
746 2835 943 2875 versionis,
971 2845 1062 2878 quae
1089 2845 1109 2867 a
1135 2833 1273 2867 duabus
1299 2832 1402 2866 modo
1428 2831 1645 2873 memoratis,
1671 2831 1703 2865 si
1728 2831 1852 2872 verba,
1885 2842 1955 2864 non

190 2903 265 2926 rem
291 2893 453 2936 spectes,
480 2889 644 2934 plurimis
670 2889 758 2923 10015
784 2888 983 2933 discrepat,
1019 2897 1184 2931 quaeque
1210 2886 1287 2931 ipso
1314 2897 1344 2920 a.
1376 2885 1464 2919 1560
1491 2884 1550 2918 vel
1580 2884 1668 2918 1561
1695 2895 1716 2918 0
1742 2883 1893 2917 Ρο101100
1919 2883 1956 2917 111

192 2944 420 2978 Germaniam
446 2943 559 2977 missa
585 2953 664 2976 esse
691 2941 844 2981 videtur,
871 2940 1150 2985 *apographum
1176 2939 1211 2972 in
1238 2938 1389 2982 collegio
1416 2937 1692 2981 ingolstadiensi
1718 2948 1749 2971 a.
1779 2937 1870 2971 1560
1896 2935 1956 2970 vel

194 2999 280 3032 1561
313 2998 368 3040 (ut
393 2996 552 3040 videtur)
581 2996 754 3040 scriptum
782 2997 904 3028 exstat
930 2994 965 3027 in
992 2993 1068 3027 cod.
1100 2992 1267 3036 „Antiqu.
1297 2991 1465 3035 Ingolst.“
1497 2991 1520 3025 f.
1548 2990 1751 3030 77b—-78b;
1779 2989 1956 3034 epistulae

191 3050 409 3084 castellanae
436 3061 520 3094 pars
548 3049 739 3094 praecipua
765 3059 878 3093 nuper
903 3047 1002 3092 typis
1028 3046 1212 3090 exscripta
1237 3048 1293 3078 est
1319 3045 1353 3078 in
1376 3043 1568 3088 „Epistolis
1586 3044 1625 3077 P.
1645 3043 1785 3077 Nadal“
1807 3042 1833 3083 I,
1852 3043 1955 3077 475¹.

312 3104 325 3124 ⁵
351 3103 403 3136 De
428 3103 554 3136 horum
590 3101 844 3142 cardinalium,
880 3101 975 3134 inter
1009 3110 1098 3144 quos
1133 3100 1276 3143 praeter
1302 3097 1451 3131 Hosium
1487 3096 1691 3130 eminebant
1716 3095 1957 3140 Hieronymus

193 3154 412 3200 Seripandus
439 3155 479 3190 Ο.
505 3155 562 3189 Er.
591 3155 625 3189 S.
644 3156 748 3198 Aug,
774 3153 980 3188 Ludovicus
1007 3151 1214 3193 Simonetta,
1242 3151 1420 3184 Antonius
1448 3150 1662 3183 Perenottus
1680 3148 1957 3190 Granvellanus,
