2093 3444
244 178 327 218 144
410 177 490 211 555.
527 177 693 211 Canisius
720 177 848 211 Iacobo
875 177 1010 212 Lainio.
1054 179 1222 222 Augusta
1249 178 1516 213 Vindelicorum
1546 180 1600 215 10.
1627 181 1714 215 Maii
1743 182 1844 216 1561.

241 296 285 336 et
317 293 478 347 aliquid
511 309 589 348 pro
623 296 1025 348 quadrimestribus,
1064 300 1113 339 ut
1146 297 1417 340 obedientiae
1450 302 1630 341 sanctae
1660 299 1818 342 faciam
1853 301 2015 343 satislt

240 358 422 401 Mittunt
470 359 671 402 similiter
713 361 1045 404 Monachienses
1092 365 1136 405 et
1183 363 1584 416 Jngolstadienses,
1633 365 1807 407 missuri
1849 365 2017 419 reliqua

241 424 437 478 proxime
470 425 506 466 si
538 425 749 467 Dominus
782 427 983 470 uoluerit.

360 489 519 533 Scribit
551 490 606 532 ad
638 505 706 532 me
739 492 784 534 P.
818 492 1057 543 Martinus,
1100 507 1146 534 se
1185 493 1228 534 in
1261 508 1441 546 grauem
1479 494 1611 536 animi
1642 496 2015 549 perturbationem

240 554 464 605 incidisse,
498 558 547 598 ut
578 556 643 597 3111
678 570 855 611 compos
887 557 962 599 uix
994 572 1090 600 esse
1124 561 1268 612 queat.
1333 559 1598 601 Consolabor
1631 560 1752 602 illum
1785 561 1937 612 literis,
1972 564 2016 604 et

240 634 360 673 rogO,
394 624 443 663 ut
474 621 589 662 illius
622 621 767 664 anima
794 625 838 664 et
869 623 988 665 salus
1010 623 1061 666 R.
1086 623 1133 666 T.
1170 623 1393 678 sacrificijs
1426 627 1471 667 et
1492 625 1692 679 precibus
1715 626 2016 669 commendata

240 685 309 728 sit.
374 686 472 728 Non
515 701 691 740 possum
732 687 848 729 illius
890 702 1022 730 causa
1054 703 1138 730 non
1172 689 1366 731 solicitus
1405 704 1513 732 esse.
1577 691 1788 733 Dominus
1827 691 2015 734 afflictos

241 751 395 804 erigat,
431 756 475 794 et
507 752 653 806 lapsos
686 756 918 796 restauret.

359 816 479 866 Quod
513 817 567 859 ad
599 817 836 861 facultates
869 819 983 861 cirea
1014 818 1222 861 librorum
1253 834 1377 861 usum
1401 820 1573 869 attinet,
1609 824 1891 875 expectamus
1924 835 2015 863 am-

239 881 419 936 pliorem
453 882 643 936 gratiam
676 883 957 938 Apostolicae
991 885 1126 927 Sedis.

359 953 480 996 Misit
511 954 595 996 huc
617 954 663 998 P.
688 955 885 998 Victoria
916 956 1157 1010 permultas
1190 956 1468 1009 quaestiones
1501 959 1545 999 et
1577 957 1870 1008 difficultates
1905 972 2016 1011 quae

239 1018 321 1073 ipsi
364 1023 578 1063 uenerunt
619 1020 662 1061 in
703 1024 892 1063 mentem
940 1021 1055 1063 circa
1100 1035 1284 1063 examen
1326 1023 1584 1075 generale2‚
1630 1023 1932 1077 promittitque
1972 1024 2016 1065 id

239 1098 377 1137 genus
411 1084 520 1126 alias
553 1085 923 1128 considerationes
965 1087 1079 1128 circa
1120 1086 1308 1140 reliquas
1352 1087 1686 1130 constitutiones
1721 1123 1729 1131 .
1764 1088 1915 1130 Visum
1949 1091 2017 1132 est

241 1150 558 1192 consultoribus
590 1151 765 1200 nostris,
800 1155 849 1194 ut
882 1152 934 1193 de
966 1152 1020 1207 ijs
1053 1152 1249 1194 omnibus
1282 1152 1491 1194 referrem
1524 1153 1578 1195 ad
1611 1153 1661 1196 R.
1686 1153 1732 1196 P.
1765 1154 1812 1197 T.
1847 1154 1914 1208 cuj
1947 1167 2016 1196 me
2050 1191 2053 1194 ,

239 1218 466 1268 totamque
499 1216 772 1258 Prouinciam
814 1220 1009 1260 nostram
1053 1217 1094 1259 in
1134 1217 1302 1260 Christo
1346 1219 1598 1261 commendo
1641 1233 1769 1272 quam
1811 1219 2013 1262 maxime.

242 1281 469 1334 Augustae
506 1284 571 1326 10.
606 1282 710 1336 Maij
746 1284 887 1325 ,1561.

360 1352 569 1394 Dominus
610 1354 758 1396 Pallar
799 1354 957 1396 Consul
990 1356 1297 1408 Augustanus,
1341 1355 1412 1408 qui
1452 1355 1649 1397 Caesaris
1690 1355 1862 1397 nomine
1902 1356 2016 1399 solet

240 1417 362 1459 nobis
395 1418 621 1472 pecuniam
655 1420 934 1470 numerare3,
979 1420 1219 1474 postulauit
1252 1434 1277 1462 a
1314 1434 1382 1462 1110
1416 1423 1459 1462 et
1492 1420 1541 1463 R.
1577 1421 1624 1463 T.
1659 1421 1739 1463 1100
1772 1421 1924 1475 officij,
1968 1424 2016 1464 ut

239 1483 318 1525 has
363 1483 515 1525 literas
560 1484 789 1527 adiunctas
833 1488 877 1527 et
920 1485 1175 1528 Germanice
1220 1485 1408 1540 scriptas
1448 1486 1753 1529 Jllustrissimo
1799 1486 2016 1528 Cardinali

240 1549 498 1602 Augustano
521 1550 807 1600 traderemus,
832 1554 875 1593 et
899 1551 951 1592 ab
976 1565 1025 1593 eo
1049 1551 1239 1593 uicissim
1262 1565 1517 1605 responsum
1540 1554 1766 1606 acceptum
1788 1552 2014 1605 Augustae

239 1614 320 1668 ipsi
354 1614 668 1658 exhiberemus.
733 1616 789 1657 Jd
822 1630 890 1658 me
923 1616 1140 1658 facturum
1174 1616 1329 1670 recepi.

359 1686 492 1729 Venit
532 1686 614 1728 huc
647 1687 861 1741 Magister
903 1688 1075 1741 quidam
1110 1688 1368 1730 Viennensis
1411 1688 1481 1741 qui
1525 1702 1670 1730 coram
1712 1688 1874 1739 adfuit,
1918 1702 2014 1730 cum

241 1751 517 1794 Professores
541 1753 812 1795 Viennenses
844 1753 959 1796 inter
991 1768 1037 1795 se
1060 1756 1318 1804 tractarent,
1354 1755 1401 1795 ut
1428 1755 1604 1795 nostrae
1626 1753 1800 1795 scholae
1833 1753 2015 1795 studiosi

240 1831 326 1859 una
359 1831 455 1859 cum
488 1817 585 1872 alijs
619 1818 936 1872 promotionum
971 1818 1177 1872 gradibus
1211 1821 1483 1861 ornarentur.
1537 1818 1661 1861 Dixit
1692 1819 1777 1861 iarn
1811 1818 2014 1860 annuisse

240 1882 529 1932 Professores,
564 1886 612 1926 ut
635 1883 705 1937 qui
729 1886 906 1926 nostrae
929 1884 1160 1927 Societatis
1183 1887 1344 1934 essent,
1372 1884 1474 1926 lieet
1495 1884 1690 1938 publicas
1712 1884 1754 1926 in
1777 1884 2014 1926 Academia

240 1948 449 1990 lectiones
476 1962 559 1990 non
585 1948 798 2000 audirent,
832 1952 981 1992 tamen
1003 1949 1039 1991 si
1063 1950 1180 2003 digni
1203 1952 1362 2000 essent,
1397 1950 1451 1991 ad
1477 1949 1797 2004 promotionum
1819 1949 2013 1992 lauream

240 2013 588 2056 admitterentur.
641 2015 800 2056 Verum
835 2015 941 2056 illud
972 2030 1058 2057 non
1091 2015 1306 2070 placuisse
1339 2015 1451 2069 quod
1485 2015 1530 2057 P.
1565 2015 1764 2058 Victoria
1796 2015 1901 2058 uelit
1932 2014 2013 2056 hoc

241 2078 513 2133 priuilegium
547 2079 601 2121 ad
635 2093 783 2121 omnes
815 2083 993 2123 nostrae
1031 2081 1205 2123 scholae
1237 2080 1455 2123 studiosos
1487 2080 1686 2130 extendi,
1729 2083 1778 2123 ut
1817 2080 1880 2122 illi
1911 2079 2013 2123 licet

240 2158 460 2197 nunquam
502 2144 698 2199 publicas
737 2146 945 2188 lectiones
986 2146 1187 2196 audiant,
1230 2148 1379 2188 tamen
1420 2159 1527 2200 eque
1568 2146 1738 2200 possint
1768 2145 2011 2200 promouerj

241 2212 373 2263 atque
406 2209 477 2264 alij
511 2210 554 2251 in
596 2210 726 2253 statis
767 2210 852 2252 illis
893 2211 1149 2254 lectionibus
1182 2211 1351 2266 publice
1384 2214 1611 2254 uersantes
1627 2212 1655 2254 4.
1713 2211 1808 2252 Hoc
1840 2211 2010 2262 addam,

241 2274 412 2317 etiamsi
434 2275 651 2317 studiosos
674 2276 848 2318 scholae
871 2279 1048 2319 nostrae
1070 2276 1114 2318 in
1136 2277 1230 2331 ipso
1253 2276 1434 2330 collegio
1457 2290 1824 2330 promoueremus,
1848 2275 2011 2318 nullam

238 2340 345 2394 ipsis
378 2340 690 2384 authoritatem
723 2341 816 2383 fore
848 2342 963 2396 apud
995 2344 1192 2392 exteros,
1235 2341 1493 2396 praesertim
1525 2341 1568 2383 in
1605 2341 1786 2395 publicis
1820 2341 2011 2394 Gymna-

240 2405 329 2459 sijs.
395 2405 462 2447 Sic
496 2405 607 2447 enim
651 2409 695 2448 et
731 2407 1022 2461 repelluntur,
1066 2407 1138 2460 qui
1179 2407 1380 2460 Dilingae
1421 2405 1607 2461 promoti
1647 2409 1769 2457 sunt,
1813 2405 2011 2460 quamuis

242 2470 554 2513 Vniuersitatis
594 2471 661 2512 ius
693 2474 737 2514 et
768 2472 1042 2526 priuilegium
1083 2472 1170 2514 illic
1202 2472 1393 2514 habeant
1406 2473 1435 2514 5.
1499 2471 1665 2513 Deinde
1698 2471 1859 2514 Caesar
1896 2469 2010 2512 haud

364 2626 374 2646 ¹
401 2626 542 2660 Primas
568 2626 677 2661 hasce
704 2627 829 2661 domus
855 2627 888 2661 S.
910 2627 942 2662 J.
970 2629 1195 2671 augustanae
1220 2627 1361 2661 litteras
1387 2626 1668 2671 quadrimestres
1694 2637 1724 2660 a.
1752 2625 1792 2660 P.
1820 2625 2010 2660 Guilielmo

242 2678 396 2713 Elderen
423 2679 527 2713 datas
554 2680 635 2714 vide
661 2680 766 2722 infra,
792 2692 948 2715 monum.
975 2681 1055 2715 232.

362 2733 376 2753 ²
401 2733 454 2766 De
480 2733 547 2767 hoc
574 2734 656 2768 vide
686 2735 772 2768 Can.
802 2734 890 2779 Epp.
918 2734 962 2776 Π,
989 2734 1092 2768 375⁴.

362 2787 375 2806 ³
401 2786 454 2821 Cf.
470 2798 579 2831 supra
593 2799 626 2832 p.
645 2788 690 2821 1⁴.
710 2788 764 2822 16.
793 2787 1039 2831 Wolfgangus
1053 2787 1175 2821 Paller
1191 2786 1226 2830 (†
1243 2786 1363 2830 1582),
1382 2798 1428 2820 ex
1446 2785 1705 2820 vindobonensi
1722 2785 1860 2820 familia
1879 2784 2006 2828 „BaeP‘

242 2841 342 2874 ortus
369 2842 405 2873 et
431 2852 476 2873 ex
504 2839 711 2884 Hungariae
735 2841 894 2875 metallis
919 2852 1071 2884 magnas
1097 2851 1183 2885 opes
1208 2841 1356 2881 nactus,
1392 2851 1423 2874 a.
1453 2839 1542 2873 1555
1569 2839 1606 2873 in
1631 2841 1797 2873 senatum
1822 2838 1922 2872 urbis
1948 2849 2009 2873 au-

242 2895 420 2936 gustanae
455 2893 619 2928 adlectus
654 2896 752 2935 erat;
787 2894 849 2939 qui
887 2894 996 2929 etiam
1022 2893 1237 2928 Ferdinandi
1263 2893 1290 2927 I.
1317 2895 1353 2927 et
1378 2891 1619 2927 Maximiliani
1644 2891 1688 2926 ΙΙ.
1716 2902 1902 2926 caesarum
1928 2903 2008 2926 con-

242 2946 401 2980 siliarius
426 2947 497 2980 fuit
524 2947 728 2991 (Stee'nherz
751 2947 775 2982 1.
796 2959 826 2982 0.
852 2959 886 2993 p.
905 2947 986 2982 375.
1020 2948 1115 2981 Paul
1140 2958 1206 2980 von
1225 2947 1354 2981 Stetten
1379 2946 1463 2988 iun„
1491 2944 1708 2980 Geschichte
1734 2944 1797 2978 der
1822 2944 2008 2979 adelichen

243 2999 502 3035 Geschlechter
528 3000 563 3034 in
590 3000 653 3034 der
677 3001 804 3046 freyen
830 3000 1084 3035 Reichs-Stadt
1109 2999 1304 3043 Augsburg
1330 2998 1541 3044 [Augsburg
1568 2997 1674 3042 1762]
1699 3009 1733 3043 p.
1760 2996 1858 3041 286).

363 3055 376 3073 ⁴¹
401 3053 480 3087 Hac
506 3053 549 3087 de
574 3065 613 3087 re
639 3054 721 3088 vide
747 3065 856 3099 supra
881 3066 915 3099 p.
944 3054 999 3088 52.
1026 3054 1082 3088 59.
1109 3053 1165 3088 78.

363 3107 376 3126 ⁵
401 3106 690 3141 Universitatum
716 3106 955 3148 bononiensis,
982 3106 1192 3152 parisiensis
1217 3106 1285 3140 etc.
1311 3104 1504 3150 privilegia
1534 3105 1571 3138 et
1594 3103 1805 3138 nominatim
1831 3103 2007 3147 graduum

243 3159 527 3193 academicorum
563 3159 859 3194 conferendorum
896 3159 1110 3194 facultatem
1143 3158 1289 3194 scholae
1324 3157 1529 3202 dilinga-nae
1564 3157 1609 3192 ab
1645 3156 1777 3191 Ottone
1807 3155 2007 3190 Truchsess

2074 3420 2087 3444 ι
