2093 3444
203 189 282 224 667.
319 187 484 222 Canisius
511 187 692 222 Stanislao
718 187 841 224 Hosio.
878 189 1047 231 Augusta
1072 187 1340 222 Vindelicorum
1370 188 1400 222 1.
1425 187 1549 222 Martii
1576 188 1677 223 1562.
1746 191 1828 232 381

881 307 1013 349 667.

797 399 1094 448 CANISIUS

373 496 787 540 STANISLAO
822 497 1234 541 CARDINALI
1265 498 1516 552 HOSIO,

344 578 406 612 uni
432 590 478 612 ex
505 578 645 612 concilii
670 579 857 613 tridentini
883 579 1119 624 praesidibus,
1147 580 1314 625 episcopo
1338 580 1546 614 varmiensi.

548 664 718 712 Augusta
744 664 1019 701 vindelicorum
1045 665 1069 702 1.
1096 665 1222 702 Martii
1248 666 1344 702 1562.

178 749 235 784 Ex
261 749 458 794 archetypo
487 748 559 793 (2⁰;
593 749 662 793 2¹s2
689 761 767 794 pp.;
803 750 838 783 in
865 762 897 795 p.
925 751 957 784 4.
984 749 1091 784 inscr.
1120 752 1155 784 et
1181 750 1287 794 sig),
1322 750 1415 794 quod
1442 749 1607 785 Canisius
1633 761 1743 784 manu
1768 761 1833 784 sua

60 802 286 848 subscripsit.
339 802 423 837 Cod.
451 802 598 847 gothan.
629 802 689 845 „E.
716 803 760 836 H.
790 802 828 836 2“
861 803 884 837 f.
915 803 1064 838 16—17.

178 856 235 890 Ex
261 856 458 901 archetypo
485 856 678 902 epistulam
704 856 841 901 primus
868 856 1055 900 evulgavit
1084 858 1290 901 Cyprianus
1313 857 1336 890 1.
1365 869 1393 891 6.
1421 869 1453 902 p.
1482 857 1683 891 219—222.

183 936 380 970 Concilium
400 947 574 979 prospere
598 946 840 969 successurum
867 947 936 969 esse
960 941 1089 980 sperat.
1143 937 1338 970 Conventus
1364 937 1541 970 ulmensis.
1594 938 1682 970 Dur
1709 937 1832 971 bruns-

57 991 216 1024 vicensis.
269 990 454 1023 Saxonum
489 990 603 1022 animi
637 1000 660 1022 a
687 991 976 1032 protestantismo
1012 991 1169 1023 alienari
1204 995 1401 1033 coeperunt.
1455 991 1694 1023 Caleinismus
1719 992 1831 1033 serpit

60 1044 178 1077 latius.
230 1044 352 1077 Flaeii
386 1043 534 1086 Illyrici
572 1043 735 1076 exsilium
774 1047 804 1075 et
843 1045 923 1077 noe-i
959 1045 1054 1077 libri.
1109 1044 1387 1078 Commendouus
1421 1045 1572 1077 nuntius
1609 1045 1832 1087 apostolicus.

60 1097 265 1140 IVolfyanyi
301 1097 464 1130 Palatini
501 1107 596 1130 uxor
630 1097 672 1130 de
709 1107 775 1129 sua
810 1107 1026 1140 suorumque
1059 1098 1172 1131 salute
1204 1098 1354 1140 pessime
1389 1099 1582 1131 onu'uatur.
1637 1098 1759 1140 Caupo
1794 1099 1834 1131 in

60 1151 272 1184 Franconia
306 1162 388 1193 per*
411 1151 613 1183 daemonem
655 1150 831 1193 abreptus.
883 1151 1061 1184 Rielzardi
1099 1152 1260 1185 Palatini
1300 1162 1421 1184 servus
1462 1152 1627 1184 similiter
1663 1152 1832 1185 sublatus.

64 1205 328 1238 Germanorum
355 1205 470 1237 animi
497 1203 701 1237 Satauisnzo
738 1205 921 1238 vitiantur.
979 1205 1147 1238 Canisius
1177 1206 1391 1238 Germaniae
1423 1206 1600 1248 effl'scopos
1625 1205 1759 1248 denuo,
1796 1209 1834 1237 ut

61 1259 207 1291 concilio
233 1257 409 1301 intersint,
436 1258 648 1291 hortaturus
674 1262 732 1291 est.
772 1258 912 1291 Ducum
939 1259 1065 1292 bavari
1091 1264 1119 1292 et
1143 1259 1400 1292 brunsvicensis
1425 1259 1649 1302 aliorumque
1674 1263 1834 1292 oratores

60 1322 98 1345 eo
123 1313 273 1345 venturi.
312 1311 489 1345 Libellum
513 1312 689 1353 famosum
717 1312 761 1344 ab
780 1311 1000 1354 Hieronymo
1018 1312 1225 1354 [Rauscleer
1238 1312 1275 1354 ἓ]
1291 1314 1461 1355 scriptum
1485 1313 1652 1346 Canisius
1678 1316 1832 1355 quaeret.

59 1366 260 1408 Verqerius.
311 1365 559 1398 Adulescentes
587 1365 724 1408 poloni.
775 1366 844 1398 Res
869 1367 1053 1409 relae‘gsiouis
1084 1367 1123 1399 in
1155 1366 1288 1399 Gallia.
1343 1366 1526 1409 Canisius,
1562 1370 1600 1399 ut
1627 1366 1832 1399 catechismo

59 1429 135 1462 suo,
161 1429 244 1452 mox
270 1419 384 1452 denuo
410 1419 625 1462 excudendo,
652 1420 849 1452 auctoritas
875 1420 999 1463 aliqua
1025 1431 1047 1453 a
1073 1421 1222 1453 concilio
1250 1420 1418 1462 addatur,
1445 1420 1592 1453 modeste
1610 1421 1711 1462 petit.

932 1507 960 1559 ,.

143 1590 261 1631 Paxa
294 1588 452 1631 Christi
484 1588 707 1630 nobiscum
739 1589 1116 1631 Reuerendissime
1150 1592 1194 1632 et
1226 1588 1529 1631 Jllustrissime
1560 1588 1756 1632 Domine.

178 1671 340 1727 Accepi
384 1672 535 1715 literas
580 1671 877 1726 amplitudinis
920 1675 1044 1723 tuae,
1089 1672 1132 1714 in
1178 1672 1332 1725 quibus
1375 1672 1519 1714 nescio
1563 1675 1706 1715 utrum
1752 1686 1833 1725 ego

60 1738 193 1781 mirer
224 1738 430 1792 amplius,
473 1751 674 1780 raramne
706 1737 1044 1789 humanitatem,
1088 1752 1144 1780 an
1176 1738 1440 1791 singularem
1479 1737 1748 1792 diligentiam
1782 1752 1833 1780 ac

60 1803 357 1859 Apostolioam
389 1804 613 1858 pietatem.
678 1804 736 1845 Et
768 1804 1047 1857 perlubenter
1080 1803 1251 1856 quidem
1285 1803 1488 1857 cognoui,
1533 1818 1642 1857 quae
1681 1804 1736 1846 ad
1767 1804 1833 1845 in-

61 1869 244 1912 stitutae
276 1869 430 1923 synodi
453 1883 699 1911 successum
722 1871 935 1923 spectant.
980 1869 1073 1910 Nec
1097 1868 1244 1912 dubito
1267 1868 1369 1922 quin
1400 1869 1481 1911 hoc
1503 1869 1834 1912 saluberrimum

63 1949 171 1990 opus
215 1949 345 1977 curae
389 1934 447 1977 sit
489 1935 564 1989 ijs,
611 1934 684 1988 qui
727 1934 780 1976 in
824 1934 1034 1976 Christi
1082 1934 1296 1976 nomine
1345 1934 1731 1988 congregati1,
1781 1935 1833 1977 de

62 2000 230 2043 afflicta
251 2000 451 2042 Ecclesia
482 2000 592 2042 bene
624 1999 781 2042 mereri
813 2000 966 2042 uolunt
998 2002 1041 2041 et
1073 2001 1267 2054 possunt,
1301 2013 1351 2042 eo
1373 1999 1576 2042 nimirum
1608 2000 1727 2051 duce,
1762 2000 1835 2054 qui

61 2065 376 2108 auxiliator2
409 2067 477 2107 est
498 2065 645 2120 populj
669 2065 747 2119 suj,
782 2065 950 2118 fuitque
974 2078 1157 2119 semper,
1191 2064 1240 2106 in
1272 2067 1504 2119 tempore
1537 2066 1833 2119 oportuno3.

179 2132 245 2173 De
277 2130 475 2173 Vlmensi
507 2133 724 2173 conuentu
755 2133 804 2173 ut
837 2130 1041 2184 scripsi4,
1084 2133 1183 2184 post
1214 2129 1384 2172 Pascha
1415 2130 1621 2181 sciemus,
1665 2129 1835 2183 quando

60 2195 218 2239 iterum
261 2195 336 2238 isti
380 2195 683 2247 conuenerint,
731 2195 803 2249 qui
845 2194 1133 2248 Tragoediam
1177 2209 1315 2249 nuper
1357 2195 1551 2237 excitare
1594 2209 1713 2237 more
1758 2208 1835 2237 suo

61 2261 364 2304 moliebantur.
418 2261 501 2303 Hic
533 2261 636 2303 nihil
671 2261 772 2303 noui
803 2261 1035 2303 admodum
1068 2260 1182 2314 quod
1215 2260 1361 2304 sciam.
1411 2261 1680 2303 Secretarius
1712 2260 1837 2302 Prin-

62 2326 169 2381 cipis
209 2326 553 2369 Brunswicensis
594 2326 777 2368 senioris
818 2329 863 2368 et
904 2325 1138 2379 catholicj5
1182 2339 1276 2367 cum
1321 2325 1388 2367 his
1433 2325 1581 2368 diebus
1624 2340 1693 2367 me
1735 2340 1836 2368 con-

61 2392 307 2443 uenissetss,
351 2392 403 2434 de
445 2391 653 2434 saxonico
698 2391 808 2434 dixit
848 2391 1029 2445 populo,
1074 2404 1171 2432 eum
1210 2391 1264 2432 ab
1295 2390 1415 2432 hisce
1457 2394 1716 2433 nouatorum
1749 2391 1836 2433 dis-

62 2456 332 2500 sensionibus
365 2459 409 2499 et
450 2456 581 2499 sectis
621 2456 761 2510 magis
794 2470 845 2498 ac
878 2455 1017 2510 magis
1058 2455 1195 2497 indies
1236 2456 1483 2499 abhorrere.
1546 2456 1628 2499 Est
1661 2456 1835 2498 interim

63 2523 304 2565 animorum
336 2536 362 2564 a
382 2522 716 2565 Lutheranismo
750 2521 805 2564 ad
832 2520 1138 2564 Caluinismum
1171 2520 1325 2575 ingens
1355 2521 1599 2576 propensio.
1644 2521 1837 2564 Jlliricus

182 2672 197 2688 ³
223 2668 301 2701 Hoc
327 2679 354 2701 v.
383 2671 414 2701 et
440 2670 462 2701 6
486 2678 560 2711 sqq.
589 2678 659 2701 non
686 2671 768 2699 sunt
795 2677 853 2709 ap.
884 2665 989 2710 Cypr.

186 2804 194 2823 ¹
222 2802 354 2836 Matth.
383 2802 436 2844 18,
463 2801 520 2836 20.
619 2801 632 2821 2
659 2800 680 2834 2
705 2799 786 2833 Par.
815 2799 871 2841 32,
898 2799 930 2833 8.
982 2798 1027 2833 Is.
1054 2798 1110 2840 44,
1138 2798 1158 2831 2
1186 2800 1252 2832 etc.

186 2857 199 2877 ³
224 2855 285 2890 Ps.
312 2856 367 2897 31,
394 2856 435 2897 6;
465 2855 543 2896 144,
573 2854 627 2888 15.
727 2854 740 2873 4
765 2852 858 2887 Vide
884 2863 994 2897 supra
1019 2863 1054 2897 p.
1078 2852 1156 2886 371.
1185 2852 1266 2886 379.

185 2910 198 2929 ⁵
222 2908 371 2943 Henrici
411 2907 621 2951 „iunioris“,
667 2905 768 2940 ducis
801 2904 1317 2950 brunsvico-guelpherbytani
1356 2904 1838 2948 (Braunschweig-Wolfen-

65 2962 212 3007 buttel).
263 2961 329 3004 Qui
355 2962 469 2996 multo
501 2962 584 2995 ante
610 2959 756 2995 Ericum
785 2958 997 3001 „iuniorem“
1015 2987 1022 3001 ‚
1058 2959 1184 2993 ducem
1220 2957 1764 3001 brunsvico-calenbergensem,
1801 2959 1838 2993 et

64 3017 173 3050 natus
199 3018 278 3050 erat
302 3017 340 3050 et
363 3014 416 3049 rei
441 3014 607 3060 publicae
631 3023 801 3058 praeesse
827 3013 1005 3057 coeperat.

186 3069 199 3089 ⁶
223 3069 354 3103 Nescio
379 3079 465 3102 num
492 3066 658 3101 Canisius
683 3065 909 3111 Ludolphum
934 3065 1073 3100 Halver
1107 3065 1305 3109 significet,
1341 3076 1447 3110 quem
1482 3066 1518 3099 et
1542 3064 1691 3099 Henrici
1719 3066 1836 3108 „vice-

66 3122 339 3157 cancellarium“
371 3123 408 3156 et
433 3119 632 3155 catholicae
657 3118 843 3163 religionis
869 3118 1149 3164 propugnandae
1176 3118 1281 3153 valde
1307 3118 1507 3153 studiosum
1532 3118 1646 3153 fuisse
1671 3119 1836 3154 scribunt

69 3175 234 3220 (Hansen
259 3175 282 3209 1.
310 3186 340 3209 6.
366 3186 402 3220 p.
427 3173 497 3208 423
510 3173 551 3218 ²).
